2950 5017
901 435 1101 480 mnan
1142 435 1440 491 Quamne
2130 443 2253 511 ²71

32 553 655 646 {umndmodum
700 552 977 645 profana
1016 559 1244 625 omnia
1273 558 1567 625 civitatis
1592 558 1744 645 jura
1770 559 2262 644 vendicaverat,

32 670 396 741 :ancleto
472 674 545 741 in
610 672 939 749 Ioannem
1005 672 1382 742 Guidonem
1457 689 1532 741 et
1595 674 1950 743 Gibertum
2026 674 2264 746 fratres

32 801 516 880 agnomento
557 787 818 857 Riccios
863 791 1238 879 principatu
1256 841 1276 870 ,
1320 814 1361 858 a
1404 790 1742 860 Pontificis
1803 792 2026 883 legato
2091 793 2268 862 obti-

32 908 177 973 ruit
195 956 224 987 ‚
276 917 386 973 ut
429 905 616 973 urbis
661 907 930 973 antistes
973 918 1328 974 crearetur.
1382 908 1505 974 His
1562 910 1659 975 ita
1725 912 1917 999 gestis
1959 908 2263 978 Folleani

32 1048 84 1091 n
129 1023 627 1114 Corrigienses
667 1022 963 1092 hostium
1010 1021 1329 1106 fautores,
1373 1026 1688 1094 omnibus
1727 1028 1849 1118 qui
1886 1028 1958 1095 in
1987 1026 2266 1096 Parmae

32 1142 238 1232 Regii
259 1191 284 1222 ,
349 1152 426 1208 et
469 1139 771 1208 Mutinae
838 1140 1159 1231 praesidio
1224 1153 1413 1211 erant
1467 1142 1816 1212 Germanis
1879 1147 2263 1226 conuectis,

32 1253 319 1325 infestis
385 1258 587 1323 armis
648 1253 1176 1347 proficiscuntur.
1224 1256 1568 1347 Oppidum
1614 1258 1944 1350 quaedam
1991 1258 2267 1328 Germa-

32 1396 300 1442 norum
353 1396 598 1441 manus
644 1385 687 1440 a‘
728 1373 978 1443 Boemo
1023 1372 1254 1442 relicta
1298 1397 1453 1442 cum
1510 1378 1884 1468 proscriptis
1935 1377 2272 1467 Regiensi-

32 1490 196 1573 bus,
249 1514 346 1558 ac
395 1466 760 1560 vicinarum
806 1491 1077 1558 urbium
1122 1494 1309 1560 sociis
1356 1492 1707 1575 tuebatur-3
1752 1497 1871 1584 qui
1918 1476 2269 1564 Folleano-

33 1628 198 1672 rum
277 1606 585 1673 adventu
651 1594 913 1694 cognito
979 1605 1062 1672 ad
1130 1606 1605 1674 conserendum
1681 1608 2008 1699 praelium
2056 1611 2268 1679 citato

40 1725 333 1813 agmine
381 1733 657 1790 exeunt.
704 1721 835 1790 Sed
886 1722 1004 1789 ubi
1048 1721 1393 1814 explicatis
1438 1723 1701 1792 vexillis
1745 1726 2058 1816 bicipites
2102 1724 2271 1794 Gae-

39 1842 220 1907 uris
272 1838 538 1929 aquilas
594 1839 858 1908 adversa
902 1842 973 1906 in
1021 1843 1160 1906 acie
1209 1840 1556 1923 viderunt,
1599 1864 1720 1931 pro
1774 1841 2024 1912 honore
2064 1865 2269 1933 quem

45 1958 353 2045 principi
401 1954 778 2037 habebant,
823 1956 1136 2023 detractis
1190 1956 1425 2046 galeis,
1470 1957 1912 2050 projectisque
1957 1961 2154 2026 armis
2196 1981 2269 2027 se

55 2070 428 2139 dederunt.
475 2069 747 2162 Reliqui
814 2096 855 2140 a
922 2075 1107 2141 sociis
1154 2073 1459 2141 destituti
1529 2077 1788 2142 circiter
1834 2096 1988 2156 occ,
2032 2073 2147 2144 vel
2188 2086 2270 2143 ut

52 2186 176 2254 alii
217 2189 536 2255 scribunt
564 2211 645 2269 n,
676 2191 808 2256 vivi
856 2193 1048 2280 capti,
1065 2190 1349 2281 Regium
1383 2204 1542 2260 sunt
1572 2192 1865 2259 deducti.
1917 2193 2012 2259 At
2051 2191 2271 2261 hostes

63 2300 431 2386 foederati,
477 2318 558 2371 ut
601 2307 806 2372 initae
851 2309 1273 2376 conventioni
1342 2320 1690 2378 maturum
1758 2310 2019 2376 exitum
2085 2310 2273 2376 inve-

58 2421 324 2501 nirent,
373 2420 750 2506 conjunctis
796 2420 1047 2488 viribus
1091 2425 1159 2489 in
1207 2423 1437 2505 urbes,
1488 2447 1660 2515 quas
1706 2427 1874 2492 inter
1919 2447 1986 2491 se
2035 2422 2273 2492 divise-

60 2544 248 2615 rant,
293 2556 488 2602 arma
531 2536 919 2627 expediunt.
966 2537 1292 2605 Mastinus
1345 2539 1646 2630 Scaliger
1688 2551 1769 2606 ut
1811 2551 2269 2631 opportunum

62 2649 395 2719 trahendo
440 2651 622 2720 bello
680 2652 902 2721 locum
959 2653 1267 2745 eligeret,
1316 2668 1386 2723 et
1431 2671 1689 2723 mature
1735 2655 2270 2746 corrigiensibua

63 2767 479 2849 subveniret,
522 2791 677 2835 cum
729 2774 1029 2838 trecentis
1072 2772 1419 2861 equitibus
1462 2771 1546 2839 ad
1591 2769 1964 2839 Castellum
2013 2793 2266 2840 novum

68 2885 254 2949 venit
273 2933 294 2965 ,
338 2882 738 2974 Brixillique·
772 2907 842 2952 se
889 2890 1225 2966 munivit3
1288 2889 1405 2954 ubi
1471 2872 1566 2953 ‘ab
1611 2887 1808 2954 Actio
1854 2886 2270 2955 vicecomite

69 2996 377 3066 ducentis
438 3000 882 3090 cataphractis
949 3015 1359 3092 centumque
1425 3001 1878 3070 funditoribus
1946 3002 2269 3092 acceptis,

72 3110 432 3182 levioribus
491 3117 754 3206 praeliis
798 3142 935 3186 non
980 3120 1119 3186 sine
1166 3122 1485 3209 sanguine
1519 3130 1761 3188 contra
1823 3118 2086 3187 Roscios
2134 3139 2271 3186 sae·

71 3229 212 3316 pius
254 3231 625 3300 dimicavit.
670 3233 964 3301 Demum
1010 3237 1329 3302 universis
1393 3234 1645 3302 viribus
1710 3236 1870 3302 socii
1939 3236 2268 3324 principes

75 3366 287 3414 mense
364 3348 544 3435 majo
587 3348 985 3418 Cremonam
1059 3353 1371 3442 aggressi,
1428 3350 1622 3442 pulso
1668 3351 1993 3419 Pontiono
2041 3351 2270 3420 Boemi

79 3462 440 3551 praesecto,
484 3488 631 3532 eam
678 3466 914 3533 urbem
963 3467 1157 3536 Actio
1202 3468 1610 3539 vicecomiti
1656 3469 2088 3537 tradiderunt.

199 3579 434 3650 Prima
479 3585 901 3674 expeditione
967 3582 1246 3653 feliciter
1317 3594 1606 3666 tentata,
1653 3589 1879 3652 statim
1928 3584 2012 3653 ad
2056 3584 2272 3675 oppri-

84 3696 345 3766 mendo·
392 3698 747 3790 Regienses
792 3700 1126 3790 Scaliger-i
1169 3703 1426 3769 milites·
1462 3702 1750 3791 Corrigii
1797 3703 2117 3789 degentes
2175 3701 2271 3766 ci·

85 3818 218 3880 tato
287 3816 555 3903 agmine
622 3829 1126 3885 convertuntur.
1174 3815 1474 3885 Folleani
1522 3830 1777 3884 armata
1823 3815 2018 3905 plebe
2062 3834 2272 3905 quam

86 3925 206 3992 ribi
235 3932 434 3998 variis
461 3930 937 4001 blanditiarum
985 3932 1328 4003 lenociniis
1358 3933 1900 4014 conciliaverant,
1933 3945 2001 4000 et
2033 3931 2273 4001 educto

89 4037 603 4129 Germanorum,
646 4049 826 4140 quod
873 4050 1159 4118 Boemus
1216 4050 1609 4143 reliquerat,
1658 4050 2008 4142 praesidio,
2052 4049 2273 4118 hostes

94 4156 510 4255 intercepturi
553 4178 838 4249 exeunt3
885 4166 1343 4260 militibusque
1388 4167 1477 4236 ad
1524 4166 2121 4247 Mazzenzaticum,
2162 4161 2273 4235 vel
