2950 5017
606 400 737 483 334
1323 397 1588 463 'anunm
1645 415 2073 462 asoranstuu

599 540 831 605 mutui
878 538 1148 604 homine
1193 518 1682 626 persolverunt.
1730 506 1916 604 Adeo
1950 558 2106 602 vero
2135 534 2281 620 ejus
2313 536 2641 626 principis
2669 557 2849 625 opes

603 667 843 721 anctae
886 665 1101 735 erant,
1146 665 1227 718 ut
1270 676 1357 719 ex
1402 653 1751 722 ordinariis
1797 649 2233 740 vectigalibus
2280 662 2636 718 menstrua
2681 675 2851 718 cen-

604 784 751 837 tum
798 769 1047 851 millia,
1080 782 1150 837 et
1175 783 1371 837 extra
1403 770 1704 837 ordinem
1751 772 2138 858 octingenta
2171 767 2385 835 millia
2413 768 2845 837 florenorum

601 887 862 976 singulo
909 911 1083 956 anno
1133 890 1397 975 exigere
1441 890 1883 955 consueverit.
1930 885 2114 954 Inter
2157 885 2329 953 haec
2377 885 2670 966 Veneti,
2715 889 2842 976 qui

603 1003 684 1069 ad
735 1002 1306 1093 comprimendam
1352 1006 1701 1070 crescentis
1753 1007 1823 1070 in
1879 1005 2287 1069 immensum
2347 1004 2677 1092 principis
2723 1025 2847 1091 po-

601 1123 891 1196 tentiam
933 1144 1093 1187 cum
1139 1119 1548 1188 Florentinis
1596 1134 1666 1186 et
1702 1122 2023 1187 Atestinis
2066 1122 2664 1210 conspiraverunt,
2708 1117 2842 1187 for-

601 1238 951 1305 midandas
1014 1241 1240 1328 copias
1306 1252 1826 1319 contraxerunt,
1887 1242 2363 1329 exornatisque
2430 1239 2842 1306 triremibus

600 1355 871 1423 adverso
916 1355 1101 1424 Pado
1143 1358 1213 1422 in
1262 1353 1482 1423 hostes
1530 1358 1705 1422 veeti
1754 1378 2059 1445 prospere
2108 1369 2607 1444 pugnaverunt.
2663 1351 2839 1421 Uni-

599 1496 790 1539 versa
858 1475 1064 1539 enim‘
1111 1470 1246 1539 fere
1316 1475 1583 1561 navigia
1651 1497 1930 1541 nurnero
1975 1475 2520 1562 centumviginti‚
2564 1486 2645 1539 et
2691 1473 2840 1541 dno

602 1588 816 1655 millia
861 1592 1211 1678 equitnm,
1256 1601 1325 1655 et
1371 1612 1486 1654 sex
1536 1587 1746 1654 millia
1806 1589 2113 1678 peditum
2183 1612 2341 1655 cnm
2409 1592 2638 1656 aeneis
2698 1602 2845 1658 tor-

601 1710 844 1773 mentis
906 1706 1276 1792 majoribus
1333 1710 1827 1796 quinquaginta
1890 1719 2253 1797 ceperunt,
2307 1706 2838 1798 Mellariamque

600 1824 953 1891 castellum
1017 1827 1439 1914 eripuerunt.
1509 1823 1587 1890 In
1658 1848 1740 1892 eo
1812 1824 2058 1913 praelio
2125 1827 2497 1914 Frignanus
2562 1823 2840 1893 Sessins

602 1942 785 2008 mille
830 1946 1350 2033 quingentorum
1392 1945 1702 2031 equitum
1735 1941 1878 2009 dux
1910 1956 2151 2034 captus
2185 1942 2339 2009 fnit.
2375 1942 2598 2010 Tanta
2632 1942 2838 2010 clade

603 2074 873 2149 accepta
902 2061 1193 2137 Jacobus
1224 2059 1560 2139 Vermius,
1593 2061 1873 2128 Mantua
1904 2086 2114 2152 quam
2161 2062 2510 2129 obsidebat
2552 2061 2835 2146 relicta,

601 2176 961 2245 Brixillum
1006 2200 1076 2243 se
1122 2180 1406 2266 recipere
1439 2192 1714 2244 coactus
1743 2193 1861 2245 est.
1895 2179 2122 2247 Guido
2153 2203 2419 2269 quoque
2452 2179 2835 2269 Corrigius,

600 2299 718 2383 qui
767 2295 855 2360 ob
899 2296 1139 2359 initam
1186 2318 1342 2358 cum
1390 2295 1688 2362 Antonio
1734 2294 2074 2384 Scaligero
2120 2298 2499 2374 societatem
2549 2311 2823 2385 septem

602 2414 789 2477 annis
834 2433 1092 2477 carcere
1136 2410 1458 2492 inclusus,
1491 2435 1567 2477 ac
1597 2412 1871 2478 demum
1908 2414 2143 2480 amicis
2174 2414 2608 2481 exorantibus
2659 2414 2834 2481 libe-

600 2544 784 2597 ratus
853 2533 1190 2618 octoginta
1258 2530 1705 2619 cataphractis
1749 2535 1819 2598 in
1868 2534 2036 2599 urbe
2101 2531 2429 2599 Senatum
2478 2557 2518 2598 a
2563 2533 2832 2609 Ioanne

600 2646 947 2716 Galleacio
996 2645 1368 2736 praefectus
1415 2646 1673 2727 fuerat,
1723 2652 1958 2716 veteris
2004 2650 2295 2735 injuriae
2352 2652 2561 2739 magis
2609 2674 2832 2739 quam

601 2768 757 2831 novi
807 2763 1114 2831 beneficii
1171 2789 1432 2833 memor
1476 2766 1562 2831 ad
1610 2765 2030 2833 Florentinos
2076 2765 2352 2848 defecit,
2388 2780 2466 2832 'et
2509 2770 2831 2856 equitatu

599 2885 710 2947 cui
759 2894 1056 2971 praeerat
1089 2884 1198 2975 ⁴cis
1247 2881 1429 2972 alpes
1465 2886 1866 2962 transmisso,
1899 2883 2325 2972 Regiensem,
2360 2883 2836 2949 Parmensem-

598 3024 733 3089 que
778 3024 1012 3088 agrum
1060 2998 1295 3067 multis
1345 3000 1785 3068 incommodis
1841 2977 2099 3066 affecit.
2149 3002 2268 3067 His
2318 3000 2506 3066 aliud
2559 3000 2829 3067 malum

602 3121 895 3197 accessit,
926 3119 1110 3214 quod
1141 3120 1445 3185 inaudito
1497 3132 1896 3186 terraemotu
1931 3120 1997 3183 (ί)
2048 3118 2375 3208 plerisque
2421 3119 2822 3185 cadentibus

604 3233 948 3315 aedificiis,
998 3238 1304 3300 universa
1350 3234 1579 3301 Gallia
1625 3236 1973 3325 Cisalpina
2029 3234 2219 3304 foede
2276 3250 2377 3303 est
2422 3234 2824 3303 deformata.

600 3353 695 3416 At
723 3353 1011 3429 Ioannes
1043 3337 1427 3454 Galleacius
1458 3352 1747 3420 adversis
1795 3356 2060 3420 casibus
2108 3359 2389 3420 minime
2433 3359 2825 3444 perterritus

605 3471 877 3557 triginta
907 3492 1022 3534 sex
1054 3479 1492 3536 rostratarum
1528 3474 1834 3551 navium,
1867 3496 2041 3561 quae
2072 3471 2434 3539 Galleones
2471 3486 2822 3551 vocantur,

601 3596 672 3651 et
718 3584 1001 3653 aliorum
1049 3588 1385 3652 minorum
1425 3569 1840 3676 navigiorum
1876 3589 2081 3655 classe
2112 3604 2426 3656 renovata
2460 3600 2820 3655 cruentum

603 3702 935 3792 praelium
983 3703 1067 3770 ad
1114 3702 1662 3792 Burgumfortem
1695 3709 2053 3786 commisit,
2085 3730 2223 3796 quo
2255 3708 2495 3794 viginti
2527 3719 2822 3795 quatuor

601 3833 920 3886 rostratas
951 3818 1369 3887 Venetorum
1410 3845 1645 3904 naves,
1678 3836 1748 3887 et
1777 3821 1946 3888 duas
1980 3826 2280 3889 triremes
2313 3824 2522 3911 cepit.
2558 3821 2822 3888 Exinde

603 3938 688 4003 ad
754 3938 1185 4006 obsidendam
1246 3939 1603 4007 Mantuam
1675 3964 2008 4022 reversus,
2067 3942 2338 4010 tandem
2398 3939 2819 4011 Venetorum

678 4172 762 4244 (ι)
798 4173 895 4228 Die
933 4193 1070 4227 xxvi
1106 4176 1391 4229 decembris
1426 4154 1785 4229 mcccxovutss·
2768 4150 2781 4180 ⁸
