2950 5017
933 412 1136 457 mma
1186 412 1477 467 Qumws
2168 394 2303 482 343

50 545 259 606 bouus
305 530 847 604 vicecomitum
912 534 1189 602 nomine
1232 533 1524 625 Regium
1591 535 1921 626 ingressus
1950 548 1959 554 ⁴
1985 559 2144 604 eum
2217 540 2301 608 ad

50 674 321 721 omnem
373 635 864 719 novandarum
932 672 1156 718 rerum
1222 653 1633 720 occasionem
1686 651 2109 720 adimendam
2154 657 2299 722 viro

50 771 357 858 principe
408 787 599 857 opus
641 788 781 833 esse
823 765 1189 849 dictitaret,
1220 767 1411 859 Regii
1442 770 1799 858 imperium
1832 769 1959 838 sibi
1987 774 2305 866 sumpsit.-

50 883 207 971 Ejus
239 881 437 950 facti
476 882 732 951 Veneti
775 883 1010 950 crediti
1053 895 1213 952 sunt
1258 896 1558 954 auctores
1584 886 1722 975 qui
1767 888 1951 954 omni
1997 899 2140 954 arte
2179 886 2298 954 Vi-

50 1004 483 1071 cecomitum
554 1023 714 1092 opes
778 1000 1157 1070 diminuere
1221 1001 1691 1085 conabantur;
1758 1025 1837 1070 ac
1904 1015 2055 1072 tum
2124 1009 2299 1081 inter

50 1118 493 1200 Atestinum,
526 1129 601 1185 et
630 1116 941 1185 Tertium
985 1121 1056 1187 in
1102 1143 1357 1187 annum
1402 1119 1713 1188 inducias
1757 1134 2296 1210 composuerunt.

52 1235 472 1306 contrarius
523 1234 930 1304 obtinendae
973 1239 1264 1306 civitatis
1305 1261 1424 1328 spe
1467 1237 1776 1325 dejectus
1820 1238 2064 1329 praeda
2106 1244 2300 1306 aesti-
2392 1228 2403 1238 ’

56 1356 380 1423 :nationis
431 1366 725 1422 centum
769 1352 1067 1421 millium
1111 1353 1517 1425 florenorum
1557 1354 1832 1437 abacta,
1860 1359 1933 1424 in
1966 1354 2304 1424 Mutinen-

57 1494 151 1538 ses
193 1495 266 1539 se
313 1474 622 1561 recepit.
670 1470 856 1538 Inter
897 1471 1064 1540 haec
1107 1475 1179 1541 in
1225 1472 1517 1542 diversas
1568 1470 1895 1542 factiones
1939 1473 2306 1544 Mediolani

65 1589 456 1678 proceribus
491 1590 729 1657 divisis
759 1588 1168 1659 Othobonus
1216 1614 1259 1658 a
1301 1589 1579 1661 Vermio
1609 1590 2082 1684 Guelphorum
2121 1594 2300 1682 prin-

70 1707 202 1795 cipe
241 1707 570 1797 integrae
617 1705 862 1796 legioni
908 1704 1281 1797 praefectus
1327 1707 1412 1775 ad
1458 1708 1609 1795 ejus
1654 1710 1842 1777 urbis
1896 1708 2301 1798 praesidium

72 1835 365 1892 vocatur.
415 1824 490 1890 Is
540 1838 801 1914 septem
848 1824 1144 1892 millium
1210 1825 1517 1918 peditum
1585 1830 1959 1918 conscripto
2006 1831 2305 1895 exercitu

78 1939 141 2005 in
179 1942 422 2008 itinere
472 1939 896 2012 Placentiam
940 1945 1212 2025 invasit,
1259 1943 1804 2036 ignobilibusque
1848 1943 2137 2012 castellis
2182 1967 2304 2012 ex-

79 2062 384 2147 pugnatis
456 2082 628 2128 cum
697 2062 1106 2129 munitiones
1166 2061 1470 2130 obtinere
1537 2087 1672 2132 non
1740 2065 2091 2154 potuisset,
2151 2087 2301 2132 eam

91 2187 350 2266 accepta
395 2179 702 2267 pecunia
746 2176 1272 2246 vicecomitibus
1319 2181 1653 2263 restituit,
1698 2203 1822 2249 nec
1874 2178 2096 2250 multo
2155 2193 2307 2273 post

90 2305 275 2380 rupta
316 2291 457 2360 fide
506 2293 819 2385 diripuit.
865 2293 1168 2362 Laudem
1218 2320 1372 2365 vero
1418 2296 1809 2387 Pompejam
1855 2321 2097 2389 capere
2148 2321 2321 2366 cum>

90 2419 289 2494 posset
333 2432 508 2478 auro
562 2423 913 2500 corruptus
950 2409 1268 2495 discessit,
1313 2425 1384 2480 et
1429 2416 1780 2482 civitatem
1825 2415 2177 2483 obsidione
2220 2413 2317 2502 li-¹

95 2521 359 2597 bernit.
405 2527 562 2596 Ubi
606 2525 809 2619 prope
853 2529 1309 2598 Mediolanum
1357 2529 1588 2600 factus
1622 2544 1757 2613 est,
1786 2533 2147 2602 Facinium
2180 2531 2312 2599 Ca-

96 2663 236 2709 nem
257 2694 276 2725 ,
333 2649 459 2737 qui
527 2670 688 2713 eum
759 2650 1042 2715 transitu
1114 2648 1575 2738 prohibiturus
1644 2663 1952 2731 venerat,
2006 2671 2313 2739 prospera

102 2780 307 2849 pugna
351 2763 770 2855 profligavit.
801 2762 936 2832 Sed
966 2789 1051 2833 ne
1079 2764 1357 2833 Vermio
1388 2768 1691 2855 potentia
1730 2779 1936 2834 aucto
1980 2765 2308 2833 scelerum

103 2896 321 2963 poenas
364 2879 569 2950 daret
595 2879 911 2950 -hostium
957 2880 1275 2972 reliquias
1335 2884 1641 2972 prosequi
1700 2882 1944 2951 noluit.
1992 2883 2309 2973 Denique

108 2990 325 3063 celebri
368 3000 674 3067 nominis.
712 2996 896 3068 fama
942 2996 1194 3077 clarus,
1232 2999 1499 3087 patricii
1535 2997 1770 3079 titulo,
1798 3009 1872 3064 et
1901 2999 2171 3089 viperae
2214 3001 2317 3065 in-

114 3108 382 3197 signibus
426 3113 865 3197 honestatus,
907 3114 1180 3192 Ioannis
1225 3116 1480 3183 Mariae
1551 3138 1630 3183 ac
1699 3112 1920 3183 fratris
1976 3126 2317 3206 protector

113 3221 489 3300 declaratur.
539 3231 620 3299 In
669 3255 748 3299 eo
795 3255 1019 3299 rerum
1067 3254 1375 3299 successu
1447 3231 1706 3300 viribus
1776 3243 2019 3300 auctus
2087 3253 2318 3302 omnes

120 3335 478 3415 Gibellinae
524 3344 840 3417 factionis
887 3346 1192 3417 homines
1221 3346 1603 3416 sustulisset
1633 3350 1762 3416 nisi
1790 3346 2024 3427 Jacobi
2055 3345 2315 3415 Vermii

121 3466 363 3529 tantum
407 3461 677 3533 facinus
722 3464 1136 3534 abhorrentis
1181 3465 1461 3535 consilio
1507 3480 1856 3535 revocatus
1914 3464 2185 3534 fuisset:
2230 3468 2320 3533 si-

124 3587 229 3641 cut
254 3575 635 3651 humanum
662 3585 1054 3673 sanguinem
1085 3583 1392 3666 sitiebat,
1422 3585 1524 3652 ita
1550 3587 1757 3652 etiam
1807 3607 1971 3652 auro
2013 3582 2318 3674 inexple-

129 3686 268 3761 bilis
309 3697 461 3787 plus
506 3714 784 3772 centum
818 3702 1036 3769 millia
1062 3700 1491 3783 florenorum,
1520 3707 1592 3769 et
1621 3701 2061 3793 quadrigenta
2106 3700 2318 3769 boum

136 3802 274 3898 lugt
313 3822 615 3888 extorsit.
660 3819 888 3887 Aliam
935 3821 1208 3910 insuper
1241 3843 1280 3886 a
1311 3819 1507 3887 Duce
1553 3821 1908 3910 pecuniam
1943 3821 2174 3910 inique
2204 3840 2322 3909 po-

134 3926 496 4021 uulnerat,
540 3950 611 4007 et
655 3961 815 4006 cum
860 3961 1209 4008 onerosum
1258 3939 1348 4008 ob
1393 3937 1465 4004 id
1511 3938 1779 4007 civibus
1825 3938 2160 4006 tributum
2195 3940 2323 4006 irn-

137 4059 450 4128 vetaretur
471 4105 493 4138 ,
536 4079 765 4125 omnes
832 4079 1101 4124 saevam
1170 4055 1598 4147 tyrannidem
1653 4055 2003 4136 detestari,
2048 4053 2323 4123 Vermio

142 4158 531 4256 maledicere,
571 4176 695 4265 qui
739 4169 1131 4241 famelicum
1175 4171 1418 4264 lupum
1470 4195 1630 4264 opes
1691 4185 2001 4263 paternas
2041 4171 2317 4240 devora-
