2950 5017
911 383 1108 429 mann
1151 385 1426 430 ‘rannus
2116 382 2248 454 209

59 498 342 570 limine
421 500 644 567 variae
703 504 1063 571 sententiae
1121 502 1547 583 dicebantur,
1610 501 2100 591 timebaturque
2155 527 2242 570 ne

65 619 178 705 qui
237 638 332 681 ex
399 611 723 703 Guelpho
767 618 1035 682 nomine
1087 616 1348 706 expulsi
1392 614 1662 685 fuerant
1728 639 1950 683 rursus
2021 617 2256 685 urbem

63 728 486 799 invaderent.
518 728 826 797 Tandem
855 729 1237 799 Franciscus
1267 729 1621 799 Folleanus
1650 731 2029 797 Bernardini
2066 730 2259 797 Prae-

65 845 256 933 positi
304 841 557 924 frater,
602 842 1008 911 Caesarianis
1051 844 1587 934 impellentibus,
1634 847 1730 910 ita
1778 845 1976 913 verba
2035 842 2261 913 fecisse

67 961 349 1027 dieitur:
401 959 650 1029 Nescio
716 984 801 1026 an
869 958 1037 1040 fato,
1107 985 1190 1027 an
1259 963 1494 1029 nostris
1560 961 1885 1033 erroribus
1952 964 2262 1043 evenerit,

67 1078 312 1167 optimi
355 1075 598 1156 cives,
642 1087 724 1145 ut
772 1077 892 1165 qui
946 1075 1348 1165 reipublicae
1412 1089 1674 1161 nostrae
1738 1075 2066 1165 splendori
2129 1099 2263 1144 esse

73 1191 468 1259 debuissent
512 1192 800 1281 patriam
844 1192 1096 1259 civium
1140 1194 1455 1281 sanguine
1496 1190 1711 1260 effuso
1756 1189 2131 1259 foedissime
2157 1191 2269 1259 de·

73 1318 389 1399 turpent:
436 1309 510 1374 in
554 1330 839 1397 eamque
883 1306 1169 1396 denique
1213 1331 1332 1376 nos
1374 1307 1828 1375 calamitatem
1877 1307 2266 1393 conjiciant,

71 1433 148 1487 ut
187 1420 464 1489 nullam
505 1420 717 1490 divini
758 1425 1051 1491 nominis
1110 1425 1466 1512 pietatem,
1510 1422 1769 1489 nullam
1814 1421 2064 1489 liberae
2109 1426 2271 1494 civi·

81 1540 229 1607 tatis
273 1536 595 1618 formam,
637 1562 774 1607 non
817 1542 1117 1628 gentium
1145 1539 1328 1626 jura,
1359 1563 1493 1607 non
1538 1540 1889 1608 hominum
1935 1541 2269 1607 rationem

79 1655 505 1721 retineamus.
552 1654 923 1722 Latronum
968 1678 1222 1744 specus,
1268 1652 1559 1721 ferarum
1604 1666 1907 1735 antrum,
1939 1667 2008 1720 et
2036 1656 2274 1723 saevis·-

84 1771 395 1837 simarum
441 1767 766 1839 furiarum
798 1771 979 1840 sedes
1012 1772 1168 1838 urbs
1197 1784 1422 1840 nostra
1458 1769 1764 1837 efficitur.
1796 1769 2053 1841 Vocem
2082 1770 2271 1840 dolor

93 1884 398 1967 includit,
429 1900 499 1953 et
526 1888 831 1976 spiritum
877 1885 1188 1954 lacrimae
1220 1888 1625 1978 impediunt,
1655 1910 1812 1953 cum
1845 1887 2276 1953 miserandam

91 2014 372 2070 nostram
422 2006 816 2071 servitutem
863 2007 1158 2085 intueor3
1188 2007 1308 2095 qui
1340 2003 1732 2073 truculentis
1765 2001 1918 2069 feris
1957 2002 2273 2088 subjecti,

91 2131 153 2185 et
192 2120 523 2190 indomito
568 2120 985 2210 quorundam
1029 2120 1239 2189 furori
1283 2124 1592 2211 expositi,
1635 2122 1938 2206 injurias,
1970 2119 2273 2202 vulnera,

90 2235 308 2303 caedes
351 2240 500 2326 pati
545 2240 880 2327 cogimur-3
924 2262 1057 2305 nou
1102 2240 1232 2304 tuti
1276 2241 1348 2305 in
1392 2240 1608 2328 patria
1654 2240 1869 2318 cives,
1914 2261 2049 2304 non
2096 2237 2274 2327 apud

93 2350 476 2419 domesticos
534 2350 733 2434 lares,
778 2376 913 2420 non
957 2355 1028 2418 in
1072 2356 1269 2419 sacris
1339 2354 1615 2420 aedibus
1683 2375 1818 2421 esse
1890 2365 2189 2442 possunt:
2236 2375 2277 2418 a

96 2468 312 2535 vicinis
382 2470 655 2550 amicis,
707 2492 748 2535 a
801 2472 1093 2558 cognatis
1162 2467 1605 2550 offendimur3
1673 2482 1895 2539 nostro
1963 2472 2278 2558 sanguine

99 2604 364 2671 opu-sas
437 2584 629 2652 aedes
696 2588 1198 2674 conspeximus3
1267 2609 1498 2654 cruore
1565 2586 1907 2653 madentes
1980 2585 2279 2673 publicas

103 2703 231 2767 viu
269 2699 669 2769 offendimus
690 2729 710 2782 3
754 2701 1182 2770 cadaveribus
1226 2725 1569 2770 caesorum
1622 2699 1948 2768 refertum
1993 2701 2279 2768 vidimus

103 2813 350 2897 forum3
395 2819 656 2899 diruta,
700 2821 1097 2909 incensaque
1151 2832 1311 2885 sunt
1369 2817 1702 2898 aedificia,
1745 2831 1814 2883 et
1859 2829 2000 2884 tota
2046 2820 2279 2884 civitas

107 2934 367 3019 turpiter
410 2945 507 3000 est
551 2931 962 3002 deformata:
1014 2945 1168 2999 usta
1215 2931 1484 2999 fumant
1538 2935 1743 3012 atria,
1796 2931 2101 3000 incendio
2167 2955 2282 2999 an-

108 3045 319 3113 tistitis
357 3050 522 3115 sacri
566 3072 868 3116 eversum
916 3036 1021 3115 es‘t
1066 3047 1434 3136 palatium,
1480 3061 1780 3137 parentes
1824 3070 1864 3113 a
1911 3047 2169 3127 liberis,
2213 3058 2282 3115 et

105 3158 286 3227 liberi
349 3187 397 3229 a
464 3165 854 3253 parentibus
902 3164 1255 3253 lugentur,
1298 3167 1570 3230 maritos
1615 3162 1860 3231 viduae
1903 3162 2283 3252 deplorant,

106 3275 180 3343 de
235 3279 741 3366 conjunctorum
811 3281 1240 3348 acerbissimis
1307 3278 1654 3347 funeribus
1720 3282 2078 3370 propinqui
2121 3304 2283 3370 que-

105 3404 356 3476 runtur,
407 3421 542 3464 non
588 3398 711 3463 nisi
759 3395 984 3477 dolor,
1027 3400 1344 3486 gemitus,
1387 3394 1784 3464 afflictorum
1828 3394 2122 3486 ploratus
2169 3420 2287 3463 au-

108 3505 299 3592 ditur,
344 3522 423 3578 et
468 3510 649 3600 quod
694 3513 996 3579 omnium
1062 3514 1425 3602 pessimum
1470 3525 1568 3579 est
1612 3534 1915 3601 oppressa
1979 3511 2283 3578 libertate

109 3626 553 3696 crudelissimis
621 3629 897 3697 tirannis
963 3631 1202 3696 servire
1271 3628 1770 3718 compellimur:
1815 3630 1869 3695 si
1912 3626 2111 3694 finem
2166 3625 2288 3692 ali·

111 3761 291 3827 quem
333 3742 520 3810 mala
564 3746 1069 3831 promitterent,
1115 3743 1428 3832 publicus
1488 3742 1710 3811 luctus
1766 3755 2135 3832 utcumque
2189 3739 2286 3808 fe-

115 3855 328 3926 rendus
371 3869 578 3938 esset3
623 3858 736 3927 sed
781 3858 1007 3926 nullus
1054 3871 1284 3926 tantae
1347 3857 1746 3927 calamitatis
1815 3862 2036 3927 exitus
2100 3861 2285 3927 inve-

117 3973 317 4055 nitur3
386 3997 546 4043 cum
612 3975 994 4047 dominandi
1047 3975 1323 4043 libidine
1377 3978 1731 4054 saevienti,
1792 3975 1989 4044 modo
2043 3974 2281 4061 hujus,

120 4089 290 4161 modo
333 4091 515 4163 illius
559 4090 769 4163 furori
817 4096 1233 4190 exponimur.
1287 4093 1362 4162 Si
1415 4094 1590 4163 hanc
1634 4096 1705 4163 in
1751 4093 1985 4163 urbem
2028 4104 2283 4183 pestem
2334 4158 2355 4179 χ
2443 4158 2450 4165 .

2043 4205 2104 4272 ¹4
