2950 5017
690 411 815 481 166
1426 432 1664 479 anun
1705 431 2126 480 anemurium
2324 501 2329 508 ι

683 554 932 630 virum,
961 548 1101 618 fere
1127 573 1355 620 omnes
1384 553 1454 619 in
1477 550 1700 620 Gallia
1723 551 2062 645 Cisalpina
2090 555 2390 621 insanam
2419 553 2869 625 seditiosorum

679 666 1079 736 electionem
1121 669 1332 735 uenti
1377 667 1837 737 adhaeserunt.
1882 668 2183 736 Tandem
2214 681 2294 736 ut
2322 681 2563 738 ortum
2604 671 2862 741 schisma

686 806 805 873 pro
864 784 1204 851 communi
1260 782 1679 851 Christianae
1741 782 2145 875 reipublicae
2209 784 2427 852 salute
2494 786 2867 868 tolleretur,

681 901 966 970 concilio
1010 901 1364 968 Mantuam
1409 901 1693 982 indicto,
1734 903 1913 969 sicut
1956 912 2201 969 temere
2243 914 2549 986 creatus,
2596 908 2700 977 ita
2741 928 2861 996 pru-

676 1017 910 1084 denter
950 1015 1513 1107 Pseudopontifex
1558 1017 1894 1107 depositus
1938 1015 2107 1085 fuit.
2161 1018 2353 1111 Nato·
2401 1019 2659 1088 deinde
2724 1024 2863 1088 inter

674 1130 1068 1222 Gregorinm
1116 1132 1280 1214 v11,
1321 1145 1393 1200 et
1436 1134 1808 1201 Heni-icum
1850 1132 2148 1215 dissidio,
2192 1135 2399 1224 quod·
2420 1134 2743 1205 Pontifici
2778 1160 2859 1203 su-

674 1249 918 1339 perbus
960 1248 1208 1316 Caesar
1250 1248 1488 1335 subjici
1541 1249 2024 1339 indignaretur,
2078 1253 2636 1341 perniciosissima
2683 1250 2859 1318 Guel-

673 1362 898 1433 forum
942 1378 1013 1432 et
1055 1364 1596 1434 Ghihellinorum
1623 1417 1642 1447 ,
1686 1389 1859 1456 quae
1904 1366 2173 1434 Italiam
2231 1367 2468 1437 multis
2540 1372 2734 1436 annis
2794 1368 2856 1434 ad

678 1481 1019 1550 excidium
1050 1479 1316 1562 afflixit,
1346 1481 1553 1551 factio
1598 1495 1698 1550 est
1741 1486 2080 1551 suscitata.
2128 1481 2452 1552 Hem-icus
2488 1508 2536 1552 a
2562 1484 2851 1575 Gregorio

672 1598 831 1667 diris
876 1598 1223 1685 subjectus
1285 1611 1358 1666 et
1424 1583 1703 1689 imperio
1746 1602 2048 1690 privatus
2113 1625 2156 1667 a
2220 1601 2534 1691 pluribus
2596 1603 2853 1669 desertus

673 1711 837 1781 suite
883 1714 1157 1781 demum
1203 1718 1261 1783 si
1305 1715 1660 1805 Gregorius
1683 1717 1774 1782 »in
1820 1713 2249 1790 Germaniam
2299 1721 2625 1799 venisset,
2668 1741 2733 1784 se
2767 1740 2844 1783 er-

673 1833 834 1898 roris
864 1834 1127 1899 veniam
1174 1818 1544 1921 petiturum
1591 1834 1918 1923 promisit.
1961 1833 2039 1899 Id
2066 1855 2135 1900 se
2166 1830 2513 1901 facturum
2545 1834 2848 1900 humanus

605 1955 610 1958 ’
670 1944 986 2028 Pontifex
1030 1946 1390 2036 pollicitus,
1424 1960 1503 2014 ut
1532 1947 1884 2015 Caesarem
1916 1948 2259 2038 Augustae
2302 1948 2684 2018 Praetoriae
2718 1971 2846 2013 eon·

672 2066 960 2143 veniret,
1013 2063 1352 2131 Vercellas
1395 2065 1782 2133 contendit:
1828 2064 1926 2131 ibi
1990 2088 2032 2131 a
2097 2065 2233 2134 loci
2304 2068 2608 2133 antistite
2647 2063 2842 2131 Italiae

671 2178 1065 2246 cancellario
1094 2183 1327 2248 certior
1355 2178 1575 2248 factus
1621 2180 1853 2249 hostili
1890 2183 2117 2250 auimo
2147 2194 2374 2249 contra
2407 2204 2478 2248 se
2514 2182 2841 2249 Hearicum
2869 2168 2872 2171 ⁴

672 2297 921 2376 venire,
964 2308 1269 2365 revocato
1311 2298 1570 2379 itinere,
1612 2296 2016 2365 Canussium
2058 2300 2131 2364 in
2175 2270 2329 2387 agro
2374 2298 2688 2388 Regiensi
2727 2294 2837 2361 Ma·

672 2411 926 2479 thildae
967 2413 1188 2479 sedem
1232 2438 1525 2482 reversus
1565 2426 1685 2482 est.
1753 2413 1932 2481 Eum
2000 2438 2270 2505 propere
2336 2435 2497 2482 cum
2568 2411 2840 2502 expedito

671 2535 978 2599 exercitu
1022 2543 1286 2599 secutus
1330 2531 1575 2599 Caesar
1641 2532 1919 2601 occlusis
1984 2536 2191 2623 portis
2257 2531 2581 2599 eluditur.
2626 2530 2837 2604 Verum

669 2659 754 2713 ut
794 2658 935 2715 erat
978 2652 1242 2738 ingenio
1286 2647 1567 2716 callidus
1610 2650 1979 2738 composito
2032 2647 2243 2717 vultu
2287 2646 2752 2723 mirabundus,
2785 2663 2837 2706 se

650 2787 802 2831 -non
831 2763 1125 2846 hostem,
1155 2764 1267 2832 sed
1312 2765 1644 2845 amicum,
1687 2788 1821 2832 non
1869 2776 2182 2854 acceptae
2224 2763 2512 2849 injuriae
2556 2762 2833 2833 ultorem,

665 2881 778 2949 sed
824 2883 907 2949 ad
951 2906 1163 2952 sacros
1207 2880 1548 2951 Pontificis
1575 2882 1770 2973 pedes
1799 2881 2132 2948 humilem
2181 2884 2526 2949 accessisse
2569 2874 2831 2947 simulat.

666 2997 1020 3087 Gregorius
1081 2999 1294 3066 'surdis
1355 2998 1627 3065 auribus
1674 2997 1894 3065 nullas
1941 2998 2209 3065 Henriei
2275 3019 2498 3087 preces
2569 2990 2830 3064 admisit3

666 3117 897 3203 itaque
941 3115 1025 3180 ad
1078 3115 1277 3180 aliam
1346 3125 1561 3180 artem
1628 3128 1979 3180 conversus
2003 3164 2024 3194 ‚
2076 3112 2299 3180 media
2364 3113 2607 3202 hyeme
2628 3160 2647 3190 ,
2705 3124 2828 3171 cum

667 3253 898 3297 omnes
927 3228 1133 3317 glacie
1164 3232 1448 3316 rigerent
1477 3241 1712 3308 terrae,
1737 3226 2071 3317 regalibus
2101 3233 2506 3298 ornamentis
2537 3221 2825 3316 depositi&

668 3369 747 3410 ac
788 3344 983 3410 undis
1044 3344 1363 3432 pedibus,
1409 3344 1496 3410 ad
1538 3344 2100 3412 commovendum
2144 3344 2530 3415 Pontificem
2587 3335 2825 3429 supplex

668 3484 737 3525 se
782 3461 1137 3525 intromitti
1182 3458 1514 3539 obsecrat3
1560 3472 1876 3548 negatum
1926 3472 2076 3526 tum
2123 3463 2327 3528 etiam
2375 3461 2662 3536 aditum,
2690 3454 2821 3518 dum

669 3599 881 3665 aequo
928 3577 1152 3642 animo
1199 3573 1480 3668 se”ferre
1524 3576 1801 3641 simulat
1849 3577 2066 3646 triduo
2133 3578 2204 3645 in
2264 3579 2600 3644 suburbiis
2641 3565 2825 3660 quoti·

618 3775 620 3778 ι
669 3692 775 3757 die
816 3694 1013 3757 errati
1060 3694 1325 3759 veniam
1391 3703 1620 3780 petens
1688 3707 2167 3775 commoratur,
2210 3690 2419 3763 donec
2462 3683 2819 3760 mathildae,

667 3821 736 3874 et
764 3808 1179 3897 quorundam
1218 3808 1598 3897 praesulum
1645 3833 1841 3899 opera
1871 3810 2225 3891 admissus,
2252 3811 2521 3878 tandem
2553 3800 2820 3874 ecclesiae

665 3936 764 3991 est
793 3921 1183 3993 conciliatus
1212 3927 1279 3991 (Ι)
1298 3926 1469 4010 ..Ad
1514 3925 2111 4017 declarandamque
2155 3930 2362 3996 animi
2408 3924 2819 4015 integritatem

746 4155 827 4223 (ι)
862 4157 991 4208 Plat.
1013 4152 1082 4207 'in
1121 4154 1277 4225 Greg.
1309 4157 1443 4224 vu,
1476 4166 1529 4211 et
1561 4158 1749 4212 Blond.
1784 4159 1869 4210 uh.
1901 4176 2010 4227 sup.
