2950 5017
911 400 1109 450 mua
1154 399 1431 448 rannus
2138 406 2166 450 1
2179 405 2260 475 77

75 516 526 611 confugerant.
574 517 713 586 Ubi
757 541 910 608 ergo
952 543 1087 588 non
1132 518 1328 586 facile
1374 521 1571 586 armis
1614 517 1835 588 hostes
1863 515 2042 589 vinci
2070 545 2260 612 pone

75 637 514 704 credebantur
559 633 1027 723 undecumque
1084 639 1434 704 contractis
1477 638 1681 724 copiis
1727 629 1989 722 majori
2012 650 2262 708 conatu

75 775 174 821 eos
213 755 596 843 oppugnari
637 750 1019 820 consultius
1064 754 1283 819 visum
1336 750 1504 818 fuit.
1549 751 1628 818 In
1673 764 1961 841 quatuor
2008 754 2263 835 tribus,

74 889 240 958 quae
281 867 628 958 quarteria
668 866 1135 947 nominabant,
1165 868 1338 934 sicut
1381 866 1582 935 hodie
1628 861 1897 957 quoq‘ue
1941 869 2102 937 urbs
2147 893 2269 939 no·
2357 960 2363 966 θ

75 998 242 1065 utra,
285 983 746 1064 dividebatur,
789 1006 930 1052 una
973 982 1253 1051 castelli
1299 983 1385 1049 ad
1444 984 1588 1070 ejus
1654 977 1967 1056 nominis'
2003 969 2268 1076 portam

85 1102 469 1190 respiciens,
523 1098 656 1165 alia
698 1098 932 1174 Sancti
977 1098 1280 1179 Nazarii,
1324 1098 1446 1166 ubi
1512 1122 1694 1166 nunc
1760 1112 1860 1166 est
1927 1097 2271 1183 urbicula,

85 1216 475 1298 vocabatur,
521 1218 715 1282 tertia
779 1212 1011 1282 Sancti
1055 1215 1264 1296 Petri,
1332 1214 1591 1281 ultima
1640 1214 1872 1282 Sancti
1915 1216 2269 1288 Laurentii

88 1330 441 1399 dicebatur.
471 1328 588 1398 Ex
616 1329 889 1399 Castelli
935 1333 1161 1420 igitur,
1191 1342 1261 1397 et
1289 1329 1362 1412 S,
1393 1330 1664 1397 Nazarii
1694 1332 1878 1400 tribu
1922 1325 2229 1421 equitum
2246 1384 2267 1415 ,

89 1446 513 1537 peditumque
558 1446 825 1513 delectu
868 1445 1130 1529 habito,
1170 1458 1241 1514 et
1285 1447 1497 1514 tribus
1542 1448 1892 1528 arietibus,
1923 1471 2107 1537 quos·
2141 1443 2268 1538 ipsi

95 1561 381 1632 trabucos
433 1562 800 1643 vocabant,
844 1560 1129 1643 eductis,
1187 1563 1391 1629 etiam
1451 1564 1610 1634 socii
1655 1566 1727 1629 in
1784 1558 2149 1629 auxilium‘
2178 1562 2267 1629 ad

97 1678 518 1769 subigendum
547 1676 862 1747 hostilem
892 1678 1118 1774 locum
1148 1681 1367 1747 vocati
1397 1665 1694 1748 fuerunt.
1720 1679 1926 1760 Primi
1957 1677 2268 1746 Parmen-

113 1817 209 1863 ια
232 1818 313 1862 ex
349 1818 480 1862 una
524 1796 815 1862 civitatis
858 1818 1018 1863 suae
1062 1795 1247 1861 tribu
1290 1797 1692 1885 conscriptos
1722 1795 2003 1878 milites,
2036 1807 2108 1862 et
2135 1807 2271 1863 tres

113 1910 580 2002 adquatiendos
611 1934 832 1980 muros
864 1907 1095 1978 arietes
1126 1914 1477 2006 miserunt:
1510 1915 1751 2002 viginti
1782 1935 1934 1980 vero
1962 1913 2263 2002 quinque

113 2029 458 2117 sagittarios
483 2027 838 2095 Mantuani
853 2077 873 2108 ,
903 2039 973 2093 et
1002 2026 1165 2095 alios
1203 2025 1491 2096 totidem
1509 2026 2041 2095 castillionaeum
2069 2027 2272 2095 Tusci

110 2142 539 2211 adduxerunt.
588 2144 709 2211 His
753 2143 993 2233 copiis,
1036 2155 1107 2212 et
1139 2141 1493 2213 tormentis
1552 2146 1912 2210 instructus
1964 2139 2271 2225 Praetor,

111 2280 244 2326 cum
305 2257 730 2327 munitiorem
793 2263 999 2325 etiam
1045 2281 1251 2349 quam
1296 2258 1661 2350 crediderat
1728 2259 2108 2327 Crevariam
2173 2262 2276 2327 in-

115 2377 366 2443 venisset
383 2425 404 2457 ,
450 2374 542 2442 ab
587 2373 1029 2464 expugnando
1095 2373 1241 2442 loco
1309 2374 1645 2441 abstinens
1666 2424 1685 2453 ‚
1730 2373 1815 2441 ad
1866 2373 2272 2442 obsidionem

117 2493 510 2557 convertitur.
555 2489 734 2557 Cum
781 2512 935 2557 vero
979 2484 1200 2555 decem
1244 2500 1314 2554 et
1353 2500 1606 2579 septem
1651 2483 1913 2569 diebus,
1941 2509 2123 2578 quas*
2159 2488 2273 2555 ad·-

120 2600 365 2672 «luerat
429 2584 651 2673 tribus
715 2603 1140 2684 detinuisset,
1184 2603 1330 2670 aliis
1374 2602 1641 2670 duabus
1680 2602 1909 2702 Sancti
1962 2603 2141 2667 Petri
2210 2615 2279 2669 et

131 2714 328 2787 Sancti
364 2722 713 2788 Laurentii
760 2721 1020 2801 accitis,
1065 2743 1174 2786 eas
1218 2742 1305 2786 ex
1349 2719 1657 2788 honesta·
1684 2740 1885 2786 causa
1928 2720 1996 2784 in
2044 2717 2309 2785 urbem*

135 2839 372 2904 remisit.
418 2838 603 2910 Cum
650 2838 828 2904 enim
871 2839 1289 2926 pauperiores
1335 2835 1417 2901 ad
1467 2834 1876 2925 expedienda
1918 2834 2281 2902 domestica

133 2953 360 3037 negotia
391 2955 634 3021 reverti
678 2963 1048 3042 oporteret,
1086 2974 1292 3018 unam
1338 2941 1637 3034 ejusdem
1681 2939 1970 3017 civitatis
2023 2961 2280 3038 partem

133 3062 265 3152 plus
302 3066 414 3135 alia
456 3070 716 3137 onerari
758 3069 1065 3157 iniquum
1110 3063 1498 3133 videbatur.
1541 3064 1723 3133 Novi
1746 3065 1755 3122 Ῑ
1776 3064 2024 3131 milites
2046 3087 2278 3136 ,xxmr

132 3178 331 3250 diebus
367 3189 641 3263 retenti,
686 3207 766 3254 ac
812 3186 1005 3274 primi
1054 3205 1274 3250 rursus
1313 3182 1403 3250 ad
1441 3180 1853 3271 obsidionem
1897 3177 2280 3248 alternatim

133 3301 332 3366 reversi
369 3300 509 3386 jam
557 3312 686 3367 tres
730 3296 940 3366 ferme
991 3320 1246 3366 menses
1307 3297 1879 3389 consumpserant,
1928 3319 2086 3364 cum
2150 3294 2283 3363 fere
2413 3375 2425 3388 ⁹

134 3415 346 3482 castelli
386 3415 740 3485 deditione
763 3413 1134 3506 desperata,
1178 3437 1354 3486 nova
1397 3416 1545 3501 ejus
1587 3412 1927 3483 obtinendi
1950 3435 2117 3502 ‘spes
2164 3436 2281 3503 ap-

137 3534 342 3614 paruit.
386 3532 500 3604 Ex
542 3532 746 3600 solius
796 3529 1002 3601 fontis
1066 3555 1274 3622 aqua,
1338 3552 1514 3622 quae
1580 3530 1664 3596 de
1729 3527 2047 3619 superiori
2111 3527 2285 3596 colle

141 3644 278 3715 iutro
321 3649 782 3731 derivabatur,
826 3649 1047 3717 hostes
1090 3652 1318 3739 potare
1363 3648 1701 3715 Parmensi
1745 3649 2052 3736 episcopo
2101 3643 2281 3709 clam

141 3761 538 3849 significatum
581 3765 735 3834 fuit.
780 3767 861 3832 Id
903 3789 1061 3836 cum
1104 3765 1222 3832 ille
1264 3764 1697 3854 Regiensibus
1740 3763 2288 3841 renunciavisset‚

143 3883 386 3960 praeciso
427 3882 878 3973 'aquaeductu
944 3891 1013 3948 et
1079 3881 1263 3958 unda
1328 3880 1460 3950 alio
1527 3879 1824 3948 derivata
1879 3876 2177 3957 Iacobus
2240 3899 2281 3941 a

147 3985 356 4063 Paluda
398 4000 518 4087 qui
578 3996 819 4087 oppido
889 4009 1188 4087 praeerat
1251 3998 1364 4072 siti
1427 3994 1737 4065 laborans
1802 3993 1916 4060 de·
1949 3992 2285 4059 deditione

151 4125 297 4198 ⁸80&
357 4116 591 4205 coepit.
660 4114 1025 4184 Communi
1100 4112 1372 4182 demum
1417 4101 1771 4181 'consensu
1851 4108 2147 4200 placuit,
2208 4118 2289 4172 ut

1987 4235 2049 4271 12
