2950 5017
631 416 768 500 440
1389 426 1629 476 nanum
1671 425 2092 476 namuurum

627 525 948 636 decimis,
1013 551 1306 643 aliisque.
1359 550 1830 619 exactionibus
1896 561 2202 648 onere-tos
2267 527 2430 617 esse.
2498 548 2851 623 Postremo
2926 625 2927 630 ,

627 696 790 741 cnm
831 671 915 738 de
960 667 1338 759 abrogando
1380 669 1638 736 civium
1681 666 1944 735 decreto
1996 678 2231 734 contra
2274 666 2591 737 ecclesiae
2638 667 2851 757 digui-

630 802 847 857 tatem
902 785 1043 852 late
1096 787 1494 876 agitaretur,
1534 782 1798 873 praesul
1840 781 1925 849 de
1968 780 2100 851 hoc
2138 805 2212 850 se
2253 805 2423 870 enm⁴
2456 783 2845 854 decurioni-

627 905 758 973 bus
811 903 1166 991 benignius
1224 911 1534 967 acturum
1595 900 1953 987 promisit3
1995 920 2122 965 nec
2165 897 2474 966 dubitare
2520 922 2635 980 se,
2681 903 2842 989 quin

623 1011 860 1112 iniqua
903 1039 1112 1109 qnam
1158 1018 1450 1107 primum
1499 1013 1799 1084 tollenda
1844 1026 2015 1082 esset
2055 1018 2481 1096 constituti03
2517 1040 2735 1107 quae,
2760 1030 2842 1084 ut

617 1137 1008 1228 sumptibus
1063 1145 1478 1224 parceretur,
1521 1130 1714 1200 velut
1764 1128 2050 1221 frugalis
2090 1132 2215 1199 diu
2260 1131 2623 1202 observata
2684 1132 2833 1202 fuit.

621 1255 730 1323 Ita
771 1253 1054 1319 dimissis
1096 1251 1263 1317 sacri
1309 1247 1557 1317 ordinis
1601 1249 1791 1328 viris,
1836 1260 2075 1314 neutra
2121 1269 2289 1336 pars.
2315 1248 2499 1338 quod
2547 1250 2835 1338 optabat

622 1372 925 1450 obtinere
968 1367 1212 1457 potuit.
1257 1364 1409 1448 Quo
1455 1387 1609 1434 vero
1656 1376 1953 1453 tempore
1996 1364 2327 1433 adventus
2370 1366 2660 1441 Domini
2706 1390 2839 1433 me-

619 1489 836 1555 moria
880 1483 1279 1563 celebratur,
1324 1480 1765 1548 Bernardinns
1794 1479 1978 1549 Saxo
2009 1480 2546 1564 mediolanensis,
2592 1506 2686 1548 ex
2726 1507 2839 1551 eo-

623 1628 774 1673 rnm
820 1603 1048 1672 ordine
1091 1622 1262 1692 qnos
1301 1598 1749 1667 Observantes
1780 1599 2124 1667 Minor-itas
2169 1598 2542 1689 appellant,
2590 1624 2840 1690 magna

622 1722 976 1791 hominum
1021 1715 1400 1809 frequentia
1445 1718 1902 1797 concionatus,
1940 1716 2046 1783 his
2073 1719 2193 1806 qui
2225 1716 2308 1783 ad
2338 1715 2839 1790 aedificandam

622 1838 880 1907 Romae
922 1836 1064 1905 divi
1105 1835 1286 1902 Petri
1348 1832 1679 1924 templum
1731 1837 1976 1923 stipem
2028 1833 2501 1915 contulissent,
2550 1833 2839 1924 plenam

619 1966 1056 2045 peccatorum
1098 1954 1368 2021 veniam
1428 1975 1518 2019 ex
1574 1953 1824 2020 summi
1866 1949 2211 2021 Pontificis
2256 1953 2687 2020 auctoritate
2716 1975 2838 2042 pn-

619 2071 921 2138 blicavit.
966 2069 1345 2159 Magnaad
1386 2068 1561 2136 illud
1627 2091 1796 2159 opus
1850 2050 2379 2137 ⁴construendum
2431 2071 2835 2140 certatimsa

618 2188 872 2280 populo
914 2187 1144 2257 oblata
1188 2190 1474 2278 pecnnia
1496 2237 1517 2269 ,
1560 2201 1788 2277 postea
1830 2190 1901 2254 in
1950 2186 2336 2277 erigendum
2378 2189 2451 2254 in
2501 2187 2679 2254 nrhe
2726 2212 2837 2256 ne-

616 2320 752 2376 stra
794 2305 1283 2374 Misericordiae
1329 2304 1693 2396 templum,
1739 2307 2167 2395 permittente
2212 2305 2464 2393 Leone,
2509 2327 2835 2373 conversa

613 2422 771 2490 fuit.
832 2424 939 2490 Ibi
1001 2423 1281 2508 domum
1342 2398 1711 2513 quamdam
1780 2435 1930 2492 octo
1994 2421 2347 2503 mulieres,
2397 2445 2570 2512 quas
2646 2424 2831 2490 tertii

616 2541 861 2609 ordinis
902 2538 1334 2608 Pinzocheras
1378 2539 1623 2629 vulgus
1667 2542 2005 2621 nominat,
2058 2563 2179 2629 pro
2238 2539 2562 2616 coenobio
2622 2543 2837 2628 possi-

617 2657 909 2738 debant;
953 2679 1159 2747 quem
1205 2656 1431 2725 locum
1477 2658 1561 2724 ad
1608 2656 2085 2747 perficiendum
2131 2680 2298 2747 opus
2344 2655 2499 2745 eligi
2539 2655 2831 2745 placuit.

613 2774 1019 2843 Convocatis
1062 2760 1532 2852 decurionibus
1579 2774 1941 2842 Minoi-itae
1976 2776 2152 2842 cives
2195 2786 2455 2862 rogant,
2498 2786 2581 2840 ut
2630 2776 2833 2863 virgi-

617 2892 843 2974 nibus,
883 2914 1066 2982 quae
1109 2889 1445 2960 snb··Divi
1497 2891 1832 2960 Francisci
1864 2890 2145 2964 -familia,
2186 2890 2457 2958 Christo
2502 2890 2831 2959 dicandae

612 3022 837 3089 erant,
880 3010 982 3073 in-
1009 3006 1175 3074 urbe
1227 3007 1709 3096 parthenonem
1754 3008 1894 3080 fieri
1920 3010 2328 3098 patiantur-3
2372 3021 2645 3097 gratam
2691 3032 2828 3075 rem

611 3115 763 3221 Deo
791 3174 811 3205 ,
876 3126 1146 3192 civitati
1209 3123 1454 3208 utilem
1525 3122 1826 3192 futuram
1905 3125 2338 3215 praedicant3
2408 3125 2824 3215 publicaque

613 3243 1013 3308 auctoritate
1057 3239 1363 3321 feminas,
1407 3265 1582 3331 quae
1628 3245 1884 3310 minore
1929 3242 2279 3332 disciplina
2322 3241 2679 3329 religionis
2732 3244 2826 3310 vi-

613 3353 904 3435 vebant,
951 3354 1176 3423 locum
1234 3351 1463 3423 cedere
1510 3357 1943 3447 compellant.
1984 3357 2089 3424 -Re
2134 3382 2177 3423 a
2220 3356 2481 3425 civibus
2526 3380 2828 3448 compro-

613 3471 802 3551 bata,
845 3484 1116 3553 centum
1164 3476 1343 3539 aurei
1388 3497 1474 3540 ex
1519 3472 1796 3563 publico
1841 3486 2134 3564 quatuor
2165 3472 2602 3555 mulieribus,
2654 3495 2822 3564 qnae

612 3587 805 3656 aedes
872 3586 1322 3677 reliquerunt,
1387 3603 1547 3659 sunt
1610 3591 1868 3662 donati.
1936 3590 2135 3658 Aliae
2203 3590 2446 3664 habitu
2514 3603 2824 3684 suscepte

607 3706 771 3773 Divi
813 3705 1143 3790 Francisci
1203 3706 1587 3796 religionem
1639 3708 1737 3773 ibi
1792 3705 2124 3798 professae
2181 3704 2487 3775 fuerunt.
2536 3707 2822 3777 Nobiles

612 3821 852 3889 deinde
895 3826 1242 3892 matronae
1306 3823 1586 3906 electae,
1630 3849 1806 3914 quae
1875 3827 2172 3892 ostiatim
2238 3827 2481 3913 stipem
2548 3845 2824 3914 quaere-

610 3952 792 4021 rent,
832 3963 1141 4030 magnam
1190 3944 1517 4031 pecuniae
1560 3964 1891 4010 summam
1926 3941 2364 4034 collegerunt,
2396 3966 2540 4031 qua
2568 3943 2820 4010 Miseri-
2926 3995 2927 3998 η

610 4058 873 4128 cordiae
927 4059 1256 4149 templum
1304 4061 1604 4132 dicatum
1651 4085 1730 4129 eo
1776 4085 1951 4130 anno
1995 4060 2080 4127 ad
2122 4061 2406 4130 Pontem
2451 4062 2816 4129 Livonium

611 4173 939 4243 aedificari
999 4178 1239 4266 coepit.
1299 4175 1401 4244 Ea
1465 4175 1707 4266 hyeme
1775 4180 2097 4247 inusitato
2164 4176 2318 4267 gelu
2386 4175 2810 4246 horrentibus
