2950 5017
689 371 775 440 56
1424 388 1660 435 annun
1703 387 2118 434 morannum

566 507 584 524 ⁰
684 519 870 601 parte
930 518 1168 576 exacta
1219 508 1291 573 iu
1342 506 1670 574 decretam
1738 509 2143 597 provinciam
2208 529 2342 578 non
2396 509 2606 575 venit.
2655 506 2884 579 Sexto

683 637 833 716 post
862 648 1036 701 anno
1066 646 1221 689 cum
1251 621 1505 712 legibus
1549 625 1619 689 in
1663 622 1874 712 plebis
1918 625 2198 712 gratiam
2244 620 2397 689 latis
2441 635 2511 689 et
2556 628 2878 713 speciosis

681 740 855 807 ludis
901 736 1244 828 magnifice
1287 737 1501 819 editis,
1548 750 1750 827 atque
1795 741 1975 805 omni
2021 737 2344 805 lenocinio
2387 735 2595 823 Cajus
2635 738 2876 816 Julius

676 855 924 922 Caesar
975 849 1151 922 civ'es
1215 853 1343 921 sibi
1410 853 1855 933 conciliasset,
1908 857 1975 918 in
2021 855 2552 942 quinquennium
2599 853 2880 920 Galliae

681 984 941 1044 nostrae
969 972 1240 1039 Praetor
1269 992 1425 1035 cum
1457 969 1672 1036 tribus
1718 969 2086 1059 legionibus
2131 992 2172 1035 a
2216 968 2488 1058 populo,
2520 981 2592 1037 et
2617 970 2877 1037 Trans·

681 1090 942 1180 alpinae
1007 1109 1163 1154 cum
1231 1084 1362 1153 alia
1428 1084 1686 1175 legione
1740 1107 1781 1150 a
1824 1082 2077 1150 Senatu
2140 1075 2560 1174 praeficitur:
2606 1087 2871 1177 quibus

680 1208 1040 1273 instructus
1081 1203 1305 1291 copiis
1345 1199 1567 1291 plures
1618 1199 2070 1268 Romanorum
2116 1199 2350 1267 ditioni
2406 1200 2708 1290 populos
2767 1226 2873 1270 su-

678 1323 900 1388 biecit.
949 1318 1211 1387 Deinde
1271 1320 1340 1384 in
1394 1316 1578 1384 aliud
1631 1318 2164 1406 quinquennium
2210 1315 2426 1384 Crassi
2472 1330 2540 1385 et
2582 1319 2869 1409 Pompei

678 1460 880 1527 opera
941 1444 1285 1525 prorogato
1331 1434 1605 1523 imperio
1649 1434 2021 1499 universam
2090 1444 2270 1500 trans
2337 1432 2515 1522 alpes
2553 1433 2867 1501 Galliam

676 1554 961 1623 domuit.
1014 1552 1305 1624 Demum
1375 1562 1519 1619 orto
1584 1552 1756 1617 inter
1821 1573 1976 1616 eum
2035 1560 2106 1616 et
2152 1550 2547 1639 Pompejum
2594 1551 2866 1620 dissidio

676 1670 959 1765 Romam
1008 1664 1366 1757 profectus,
1411 1666 1667 1734 Licinio
1698 1664 1931 1733 Crasso
1975 1676 2266 1732 nostram
2309 1668 2728 1754 provinciam
2772 1691 2864 1733 re-

674 1786 952 1875 gendam
999 1786 1356 1853 commisit.
1400 1782 1647 1850 Milites
1679 1785 1798 1872 qui
1826 1784 2000 1848 circa
2031 1781 2436 1849 Placentiam
2481 1793 2699 1865 erant,
2746 1783 2862 1849 ubi

676 1926 798 1968 sua
840 1924 1038 1990 opera
1070 1900 1154 1965 ad
1184 1922 1435 1967 novum
1478 1897 1737 1965 bellum
1782 1921 1948 1987 opus
1991 1921 2126 1966 esse
2171 1898 2579 1988 intelligunt,
2609 1922 2649 1965 a
2684 1923 2858 1968 nona

671 2016 924 2106 legione
944 2026 1111 2083 ‘orta
1154 1987 1471 2086 seditione
1514 2018 1751 2105 quinas
1794 2014 2068 2104 singulis
2113 2027 2311 2082 antea
2337 2016 2462 2083 sibi
2493 2015 2859 2082 Brundusii

672 2134 1017 2222 promissas
1082 2132 1294 2198 minas
1355 2130 1526 2198 solvi
1595 2131 1933 2219 petebant,
1980 2130 2352 2221 ducemque
2397 2143 2630 2220 ruptae
2700 2130 2853 2197 fidei

669 2247 1073 2343 licentiosius
1117 2247 1543 2315 accusabant.
1588 2246 1667 2313 Id
1709 2246 1978 2339 audiens
2009 2248 2250 2315 Caesar
2278 2237 2570 2315 Massilia
2615 2269 2856 2337 magna
2888 2236 2892 2240 ’

672 2363 1003 2430 celeritate
1045 2363 1455 2431 Placentiam
1500 2363 1871 2445 contendit,
1901 2364 2022 2429 ubi
2052 2366 2365 2432 concione
2409 2363 2735 2432 advocata
2779 2362 2855 2427 de

671 2481 1054 2567 importuna
1104 2478 1378 2546 libidine
1424 2491 1494 2546 et
1536 2457 1812 2547 avaritia
1856 2478 2153 2546 militum
2195 2490 2596 2569 conquestus
2638 2498 2853 2546 nonae

671 2592 956 2682 legionis·
989 2592 1321 2662 decimum
1375 2617 1714 2684 quemque
1767 2617 1885 2683 pro
1934 2606 2235 2662 'veterum
2286 2618 2469 2662 more
2520 2594 2848 2684 supplicio

669 2706 843 2776 affici
886 2709 1112 2795 jussit.
1159 2708 1456 2777 Tandem
1523 2709 1836 2800 supplicis
1904 2713 2227 2778 exercitus
2243 2760 2263 2791 ,
2328 2721 2397 2776 et
2462 2710 2846 2779 Praetorum

667 2826 956 2893 lacrimis
996 2824 1208 2899 flexus
1249 2851 1337 2894 ex
1380 2840 1648 2896 centum
1693 2840 1763 2894 et
1806 2829 2040 2917 viginti
2083 2827 2420 2896 seditionis
2465 2830 2850 2896 auctoribus

666 2941 1014 3014 duodecim
1066 2954 1335 3014 tantum
1388 2939 1615 3013 occisis
1667 2946 1890 3011 omnia
1942 2946 2242 3033 pacavit.
2291 2943 2469 3011 Cum
2516 2966 2668 3012 vero
2714 2969 2842 3013 non

666 3058 882 3126 multo
934 3068 1083 3145 post
1125 3058 1288 3125 Pom
1293 3058 1446 3146 pejo
1490 3050 1795 3145 superat'o
1839 3058 2178 3126 adversam
2222 3054 2578 3125 factionem
2621 3063 2846 3127 *sustu-

665 3171 882 3253 lisset,
911 3194 1128 3238 rerum
1159 3176 1442 3260 potitus,
1472 3172 1829 3252 militibus,
1861 3196 2028 3262 quos
2058 3172 2278 3242 fideles
2306 3184 2375 3240 et
2402 3184 2704 3242 strenuos
2733 3175 2843 3242 ha·

669 3286 909 3368 buerat
938 3288 1007 3351 in
1038 3284 1234 3353 Italia
1280 3297 1349 3352 et
1394 3289 1772 3375 provinciis,
1816 3287 2332 3364 adversariorum
2377 3312 2564 3379 agros
2593 3286 2843 3359 divisit:

601 3461 606 3467 .
664 3401 782 3467 sed
811 3400 1127 3489 Galliam.
1148 3413 1439 3469 nostram
1482 3402 1672 3488 cujus
1714 3407 2066 3494 praecipua
2109 3429 2304 3495 opera
2345 3408 2416 3473 in
2462 3404 2647 3475 bello
2693 3430 2844 3475 con·

538 3582 553 3600 ‚
665 3528 766 3583 tra
810 3516 1206 3606 Pompe'ju'm
1251 3528 1430 3607 gesto
1474 3515 1695 3585 fuerat
1725 3543 1907 3601 usus,
1939 3522 2025 3587 ab
2069 3544 2150 3588 ea
2191 3524 2432 3588 iniuria
2471 3524 2857 3590 immunem⁴

660 3630 841 3700 fecit.
888 3631 1240 3701 Caeterum
1274 3636 1355 3701 ,in
1400 3646 1543 3701 tam
1584 3633 1764 3705 laeto
1807 3660 2027 3703 rerum
2070 3659 2377 3703 successu
2414 3634 2660 3704 Caesar
2703 3651 2845 3728 post

660 3752 976 3838 quintum
1019 3773 1343 3830 mensem,
1373 3773 1582 3841 quam
1612 3753 1844 3819 urbem
1877 3756 2204 3842 ingressus
2248 3750 2497 3834 fuerat,
2543 3752 2843 3842 pluribus
2921 3755 2924 3776 ⁴

657 3866 729 3930 iu
773 3887 930 3932 eum
975 3862 1473 3935 coniurantibus
1505 3872 1783 3958 patritiis
1827 3870 2046 3937 idibus
2089 3871 2345 3936 martiis
2391 3870 2645 3937 occisus
2687 3868 2843 3939 fuit..

658 3978 837 4061 Tum
868 3981 1182 4047 Decimus
1213 3982 1460 4051 Brutus
1503 4007 1677 4052 unus
1720 4009 1806 4051 ex
1850 3985 1994 4071 ejus
2037 3985 2526 4075 percussoribus
2564 3987 2637 4051 in
2683 3983 2841 4051 Gal-

653 4092 817 4182 liam
846 4095 1277 4189 Cisalpinam,
1307 4080 1480 4192 quae
1512 4101 1573 4167 ei
1606 4098 1880 4170 Consuli
1908 4099 2244 4194 designato
2270 4103 2473 4197 etiam
2507 4123 2549 4168 a
2578 4102 2837 4170 vivente
2897 4092 2908 4108 '
