<?xml version="1.0" encoding="UTF-8"?>
<!DOCTYPE html PUBLIC "-//W3C//DTD XHTML 1.0 Transitional//EN"
    "http://www.w3.org/TR/xhtml1/DTD/xhtml1-transitional.dtd">
<html xmlns="http://www.w3.org/1999/xhtml" xml:lang="en" lang="en">
 <head>
  <title>
</title>
<meta http-equiv="Content-Type" content="text/html;charset=utf-8" />
  <meta name='ocr-system' content='tesseract 3.04.00' />
  <meta name='ocr-capabilities' content='ocr_page ocr_carea ocr_par ocr_line ocrx_word'/>
</head>
<body>
  <div class='ocr_page' id='page_1' title='image "./rerumhistoricar00unkngoog_0361.png"; bbox 0 0 2950 5017; ppageno 0'>
   <div class='ocr_carea' id='block_1_1' title="bbox 919 417 2287 507">
    <p class='ocr_par' dir='ltr' id='par_1_1' title="bbox 919 417 2287 507">
     <span class='ocr_line' id='line_1_1' title="bbox 919 417 2287 507; baseline 0.005 -30"><span class='ocrx_word' id='word_1_1' title='bbox 919 435 1118 478; x_wconf 75' lang='lat' dir='ltr'><strong>mena</strong></span> <span class='ocrx_word' id='word_1_2' title='bbox 1164 435 1454 488; x_wconf 69' lang='lat' dir='ltr'><strong>ommes</strong></span> <span class='ocrx_word' id='word_1_3' title='bbox 1720 467 1724 471; x_wconf 20' lang='grc' dir='ltr'><strong>Α</strong></span> <span class='ocrx_word' id='word_1_4' title='bbox 2158 417 2287 507; x_wconf 76' lang='grc'><strong>347</strong></span> 
     </span>
    </p>
   </div>
   <div class='ocr_carea' id='block_1_2' title="bbox 50 551 2391 4287">
    <p class='ocr_par' dir='ltr' id='par_1_2' title="bbox 50 551 2391 4287">
     <span class='ocr_line' id='line_1_2' title="bbox 51 551 2291 645; baseline -0 -20"><span class='ocrx_word' id='word_1_5' title='bbox 51 554 337 624; x_wconf 82' lang='lat' dir='ltr'><strong>uotidie</strong></span> <span class='ocrx_word' id='word_1_6' title='bbox 394 576 599 645; x_wconf 83' lang='lat' dir='ltr'><strong>aqua</strong></span> <span class='ocrx_word' id='word_1_7' title='bbox 643 551 881 644; x_wconf 82' lang='lat' dir='ltr'><strong>frigida</strong></span> <span class='ocrx_word' id='word_1_8' title='bbox 927 552 1411 643; x_wconf 83' lang='lat' dir='ltr'><strong>perfundebat,</strong></span> <span class='ocrx_word' id='word_1_9' title='bbox 1458 553 1577 621; x_wconf 88' lang='lat' dir='ltr'><strong>sed</strong></span> <span class='ocrx_word' id='word_1_10' title='bbox 1620 566 1772 645; x_wconf 89' lang='lat' dir='ltr'><strong>post</strong></span> <span class='ocrx_word' id='word_1_11' title='bbox 1816 553 1985 623; x_wconf 90' lang='lat' dir='ltr'><strong>duos</strong></span> <span class='ocrx_word' id='word_1_12' title='bbox 2034 579 2291 625; x_wconf 88' lang='lat' dir='ltr'><strong>menses</strong></span> 
     </span>
     <span class='ocr_line' id='line_1_3' title="bbox 50 669 2290 764; baseline 0 -24"><span class='ocrx_word' id='word_1_13' title='bbox 50 695 227 764; x_wconf 81' lang='lat' dir='ltr'><strong>uam</strong></span> <span class='ocrx_word' id='word_1_14' title='bbox 280 675 514 762; x_wconf 76' lang='lat' dir='ltr'><strong>capti</strong></span> <span class='ocrx_word' id='word_1_15' title='bbox 556 669 861 752; x_wconf 80' lang='lat' dir='ltr'><strong>fuerant,</strong></span> <span class='ocrx_word' id='word_1_16' title='bbox 907 694 989 739; x_wconf 90' lang='lat' dir='ltr'><strong>eo</strong></span> <span class='ocrx_word' id='word_1_17' title='bbox 1036 671 1314 739; x_wconf 90' lang='lat' dir='ltr'><strong>absente</strong></span> <span class='ocrx_word' id='word_1_18' title='bbox 1358 669 1647 738; x_wconf 86' lang='lat' dir='ltr'><strong>effractis</strong></span> <span class='ocrx_word' id='word_1_19' title='bbox 1691 672 2063 740; x_wconf 76' lang='lat' dir='ltr'><strong>carceribus</strong></span> <span class='ocrx_word' id='word_1_20' title='bbox 2127 695 2290 741; x_wconf 87' lang='lat' dir='ltr'><strong>cum</strong></span> 
     </span>
     <span class='ocr_line' id='line_1_4' title="bbox 50 788 2291 880; baseline -0 -22"><span class='ocrx_word' id='word_1_21' title='bbox 50 790 152 859; x_wconf 83' lang='lat' dir='ltr'><strong>ola</strong></span> <span class='ocrx_word' id='word_1_22' title='bbox 197 792 490 856; x_wconf 78' lang='lat' dir='ltr'><strong>tunica</strong></span> <span class='ocrx_word' id='word_1_23' title='bbox 537 790 845 856; x_wconf 90' lang='lat' dir='ltr'><strong>interiore</strong></span> <span class='ocrx_word' id='word_1_24' title='bbox 888 801 1111 855; x_wconf 90' lang='lat' dir='ltr'><strong>cetera</strong></span> <span class='ocrx_word' id='word_1_25' title='bbox 1140 788 1306 856; x_wconf 86' lang='lat' dir='ltr'><strong>nudi</strong></span> <span class='ocrx_word' id='word_1_26' title='bbox 1339 799 1728 857; x_wconf 79' lang='lat' dir='ltr'><strong>evaserunt:</strong></span> <span class='ocrx_word' id='word_1_27' title='bbox 1760 790 1850 856; x_wconf 81' lang='lat' dir='ltr'><strong>ad</strong></span> <span class='ocrx_word' id='word_1_28' title='bbox 1885 802 2291 880; x_wconf 81' lang='lat' dir='ltr'><strong>portamque</strong></span> 
     </span>
     <span class='ocr_line' id='line_1_5' title="bbox 50 902 2291 995; baseline 0 -21"><span class='ocrx_word' id='word_1_29' title='bbox 50 906 207 974; x_wconf 62' lang='lat' dir='ltr'><strong>xrbis</strong></span> <span class='ocrx_word' id='word_1_30' title='bbox 254 909 338 973; x_wconf 80' lang='lat' dir='ltr'><strong>vi</strong></span> <span class='ocrx_word' id='word_1_31' title='bbox 393 902 810 973; x_wconf 79' lang='lat' dir='ltr'><strong>custodibus</strong></span> <span class='ocrx_word' id='word_1_32' title='bbox 854 902 1071 985; x_wconf 87' lang='lat' dir='ltr'><strong>illata,</strong></span> <span class='ocrx_word' id='word_1_33' title='bbox 1115 903 1445 985; x_wconf 88' lang='lat' dir='ltr'><strong>Felinam,</strong></span> <span class='ocrx_word' id='word_1_34' title='bbox 1477 904 1599 971; x_wconf 87' lang='lat' dir='ltr'><strong>ubi</strong></span> <span class='ocrx_word' id='word_1_35' title='bbox 1630 907 1978 995; x_wconf 86' lang='lat' dir='ltr'><strong>episcopus</strong></span> <span class='ocrx_word' id='word_1_36' title='bbox 2006 905 2291 974; x_wconf 86' lang='lat' dir='ltr'><strong>Roscius</strong></span> 
     </span>
     <span class='ocr_line' id='line_1_6' title="bbox 51 997 2391 1110; baseline 0 -22"><span class='ocrx_word' id='word_1_37' title='bbox 51 1045 177 1088; x_wconf 79' lang='lat' dir='ltr'><strong>um</strong></span> <span class='ocrx_word' id='word_1_38' title='bbox 227 1021 643 1089; x_wconf 87' lang='lat' dir='ltr'><strong>Othobono</strong></span> <span class='ocrx_word' id='word_1_39' title='bbox 675 1045 688 1057; x_wconf 91' lang='lat'><strong>·</strong></span> <span class='ocrx_word' id='word_1_40' title='bbox 712 1018 972 1094; x_wconf 86' lang='lat' dir='ltr'><strong>bellum</strong></span> <span class='ocrx_word' id='word_1_41' title='bbox 1039 1021 1312 1110; x_wconf 76' lang='lat' dir='ltr'><strong>gerebat</strong></span> <span class='ocrx_word' id='word_1_42' title='bbox 1379 1044 1447 1088; x_wconf 89' lang='lat' dir='ltr'><strong>se</strong></span> <span class='ocrx_word' id='word_1_43' title='bbox 1517 1020 1972 1089; x_wconf 86' lang='lat' dir='ltr'><strong>contulerunt.</strong></span> <span class='ocrx_word' id='word_1_44' title='bbox 2016 1020 2294 1089; x_wconf 86' lang='lat' dir='ltr'><strong>Praesul</strong></span> <span class='ocrx_word' id='word_1_45' title='bbox 2382 997 2391 1012; x_wconf 42' lang='lat'><strong>¹</strong></span> 
     </span>
     <span class='ocr_line' id='line_1_7' title="bbox 50 1117 2291 1235; baseline 0 -31"><span class='ocrx_word' id='word_1_46' title='bbox 50 1137 498 1208; x_wconf 78' lang='lat' dir='ltr'><strong>renientibus</strong></span> <span class='ocrx_word' id='word_1_47' title='bbox 541 1117 927 1204; x_wconf 72' lang='lat' dir='ltr'><strong>humaniter</strong></span> <span class='ocrx_word' id='word_1_48' title='bbox 971 1149 1188 1204; x_wconf 81' lang='lat' dir='ltr'><strong>vestes</strong></span> <span class='ocrx_word' id='word_1_49' title='bbox 1231 1135 1571 1219; x_wconf 85' lang='lat' dir='ltr'><strong>exhibuit,</strong></span> <span class='ocrx_word' id='word_1_50' title='bbox 1615 1149 1685 1204; x_wconf 89' lang='lat' dir='ltr'><strong>et</strong></span> <span class='ocrx_word' id='word_1_51' title='bbox 1729 1138 1888 1235; x_wconf 79' lang='lat' dir='ltr'><strong>ipsis</strong></span> <span class='ocrx_word' id='word_1_52' title='bbox 1930 1137 2291 1205; x_wconf 87' lang='lat' dir='ltr'><strong>castellum</strong></span> 
     </span>
     <span class='ocr_line' id='line_1_8' title="bbox 50 1250 2295 1346; baseline 0 -26"><span class='ocrx_word' id='word_1_53' title='bbox 50 1252 161 1323; x_wconf 80' lang='lat' dir='ltr'><strong>dio</strong></span> <span class='ocrx_word' id='word_1_54' title='bbox 231 1250 694 1343; x_wconf 84' lang='lat' dir='ltr'><strong>profecturus</strong></span> <span class='ocrx_word' id='word_1_55' title='bbox 747 1254 1118 1346; x_wconf 77' lang='lat' dir='ltr'><strong>commisit.</strong></span> <span class='ocrx_word' id='word_1_56' title='bbox 1182 1253 1494 1321; x_wconf 84' lang='lat' dir='ltr'><strong>Parmam</strong></span> <span class='ocrx_word' id='word_1_57' title='bbox 1541 1276 1841 1321; x_wconf 86' lang='lat' dir='ltr'><strong>reversus</strong></span> <span class='ocrx_word' id='word_1_58' title='bbox 1886 1252 2295 1322; x_wconf 88' lang='lat' dir='ltr'><strong>Othobonus</strong></span> 
     </span>
     <span class='ocr_line' id='line_1_9' title="bbox 50 1369 2296 1463; baseline 0 -24"><span class='ocrx_word' id='word_1_59' title='bbox 50 1375 488 1463; x_wconf 60' lang='lat' dir='ltr'><strong>captivorum</strong></span> <span class='ocrx_word' id='word_1_60' title='bbox 561 1369 727 1462; x_wconf 84' lang='lat' dir='ltr'><strong>fuga</strong></span> <span class='ocrx_word' id='word_1_61' title='bbox 793 1375 1091 1463; x_wconf 86' lang='lat' dir='ltr'><strong>cognita,</strong></span> <span class='ocrx_word' id='word_1_62' title='bbox 1152 1375 1387 1439; x_wconf 89' lang='lat' dir='ltr'><strong>statim</strong></span> <span class='ocrx_word' id='word_1_63' title='bbox 1455 1371 1762 1440; x_wconf 87' lang='lat' dir='ltr'><strong>Felinam</strong></span> <span class='ocrx_word' id='word_1_64' title='bbox 1829 1384 2296 1462; x_wconf 88' lang='lat' dir='ltr'><strong>oppugnatum</strong></span> 
     </span>
     <span class='ocr_line' id='line_1_10' title="bbox 50 1488 2298 1581; baseline -0.001 -23"><span class='ocrx_word' id='word_1_65' title='bbox 50 1490 428 1569; x_wconf 67' lang='lat' dir='ltr'><strong>mutendit,</strong></span> <span class='ocrx_word' id='word_1_66' title='bbox 483 1488 610 1557; x_wconf 90' lang='lat' dir='ltr'><strong>ubi</strong></span> <span class='ocrx_word' id='word_1_67' title='bbox 658 1512 699 1557; x_wconf 90' lang='lat' dir='ltr'><strong>a</strong></span> <span class='ocrx_word' id='word_1_68' title='bbox 742 1488 1074 1558; x_wconf 85' lang='lat' dir='ltr'><strong>Michaele</strong></span> <span class='ocrx_word' id='word_1_69' title='bbox 1118 1491 1187 1556; x_wconf 90' lang='lat' dir='ltr'><strong>in</strong></span> <span class='ocrx_word' id='word_1_70' title='bbox 1235 1489 1405 1581; x_wconf 91' lang='lat' dir='ltr'><strong>pede</strong></span> <span class='ocrx_word' id='word_1_71' title='bbox 1451 1489 1849 1557; x_wconf 78' lang='lat' dir='ltr'><strong>vulneratus</strong></span> <span class='ocrx_word' id='word_1_72' title='bbox 1893 1489 2298 1557; x_wconf 80' lang='lat' dir='ltr'><strong>retrocedere</strong></span> 
     </span>
     <span class='ocr_line' id='line_1_11' title="bbox 50 1604 2301 1688; baseline 0 -14"><span class='ocrx_word' id='word_1_73' title='bbox 50 1619 312 1674; x_wconf 78' lang='lat' dir='ltr'><strong>coactus</strong></span> <span class='ocrx_word' id='word_1_74' title='bbox 362 1620 507 1674; x_wconf 86' lang='lat' dir='ltr'><strong>est.</strong></span> <span class='ocrx_word' id='word_1_75' title='bbox 555 1604 721 1674; x_wconf 90' lang='lat' dir='ltr'><strong>Inde</strong></span> <span class='ocrx_word' id='word_1_76' title='bbox 767 1605 1246 1675; x_wconf 88' lang='lat' dir='ltr'><strong>Florentiolam</strong></span> <span class='ocrx_word' id='word_1_77' title='bbox 1295 1607 1594 1688; x_wconf 82' lang='lat' dir='ltr'><strong>obsedit3</strong></span> <span class='ocrx_word' id='word_1_78' title='bbox 1641 1607 1756 1674; x_wconf 89' lang='lat' dir='ltr'><strong>sed</strong></span> <span class='ocrx_word' id='word_1_79' title='bbox 1799 1629 1961 1673; x_wconf 89' lang='lat' dir='ltr'><strong>cum</strong></span> <span class='ocrx_word' id='word_1_80' title='bbox 1992 1606 2301 1674; x_wconf 91' lang='lat' dir='ltr'><strong>Dinatia-</strong></span> 
     </span>
     <span class='ocr_line' id='line_1_12' title="bbox 53 1722 2297 1805; baseline 0 -16"><span class='ocrx_word' id='word_1_81' title='bbox 53 1746 208 1790; x_wconf 87' lang='lat' dir='ltr'><strong>num</strong></span> <span class='ocrx_word' id='word_1_82' title='bbox 238 1722 491 1792; x_wconf 84' lang='lat' dir='ltr'><strong>Caroli</strong></span> <span class='ocrx_word' id='word_1_83' title='bbox 525 1723 833 1792; x_wconf 86' lang='lat' dir='ltr'><strong>Folleani</strong></span> <span class='ocrx_word' id='word_1_84' title='bbox 862 1735 1158 1800; x_wconf 80' lang='lat' dir='ltr'><strong>castrum</strong></span> <span class='ocrx_word' id='word_1_85' title='bbox 1192 1726 1499 1791; x_wconf 88' lang='lat' dir='ltr'><strong>Atestino</strong></span> <span class='ocrx_word' id='word_1_86' title='bbox 1544 1722 1864 1790; x_wconf 89' lang='lat' dir='ltr'><strong>traditum</strong></span> <span class='ocrx_word' id='word_1_87' title='bbox 1914 1723 2297 1805; x_wconf 73' lang='lat' dir='ltr'><strong>audivisset,</strong></span> 
     </span>
     <span class='ocr_line' id='line_1_13' title="bbox 53 1839 2295 1932; baseline 0.001 -26"><span class='ocrx_word' id='word_1_88' title='bbox 53 1840 332 1932; x_wconf 74' lang='lat' dir='ltr'><strong>Regium</strong></span> <span class='ocrx_word' id='word_1_89' title='bbox 387 1844 802 1910; x_wconf 72' lang='lat' dir='ltr'><strong>retrocessit.</strong></span> <span class='ocrx_word' id='word_1_90' title='bbox 849 1841 1261 1908; x_wconf 87' lang='lat' dir='ltr'><strong>Attendulus</strong></span> <span class='ocrx_word' id='word_1_91' title='bbox 1291 1866 1448 1911; x_wconf 83' lang='lat' dir='ltr'><strong>vero</strong></span> <span class='ocrx_word' id='word_1_92' title='bbox 1480 1842 1818 1909; x_wconf 86' lang='lat' dir='ltr'><strong>Mutinam</strong></span> <span class='ocrx_word' id='word_1_93' title='bbox 1851 1842 1935 1909; x_wconf 92' lang='lat' dir='ltr'><strong>ad</strong></span> <span class='ocrx_word' id='word_1_94' title='bbox 1967 1839 2295 1911; x_wconf 84' lang='lat' dir='ltr'><strong>Sfortiam</strong></span> 
     </span>
     <span class='ocr_line' id='line_1_14' title="bbox 61 1957 2296 2049; baseline 0.001 -26"><span class='ocrx_word' id='word_1_95' title='bbox 61 1958 139 2024; x_wconf 88' lang='lat' dir='ltr'><strong>de</strong></span> <span class='ocrx_word' id='word_1_96' title='bbox 182 1958 390 2027; x_wconf 89' lang='lat' dir='ltr'><strong>rebus</strong></span> <span class='ocrx_word' id='word_1_97' title='bbox 443 1957 717 2027; x_wconf 87' lang='lat' dir='ltr'><strong>bellicis</strong></span> <span class='ocrx_word' id='word_1_98' title='bbox 779 1957 1132 2027; x_wconf 88' lang='lat' dir='ltr'><strong>consilium</strong></span> <span class='ocrx_word' id='word_1_99' title='bbox 1201 1973 1520 2049; x_wconf 86' lang='lat' dir='ltr'><strong>capturus</strong></span> <span class='ocrx_word' id='word_1_100' title='bbox 1585 1957 1919 2049; x_wconf 83' lang='lat' dir='ltr'><strong>profectus</strong></span> <span class='ocrx_word' id='word_1_101' title='bbox 1966 1971 2091 2026; x_wconf 91' lang='lat' dir='ltr'><strong>est.</strong></span> <span class='ocrx_word' id='word_1_102' title='bbox 2136 1958 2296 2026; x_wconf 89' lang='lat' dir='ltr'><strong>Non</strong></span> 
     </span>
     <span class='ocr_line' id='line_1_15' title="bbox 63 2074 2300 2178; baseline 0 -37"><span class='ocrx_word' id='word_1_103' title='bbox 63 2074 268 2145; x_wconf 85' lang='lat' dir='ltr'><strong>multo</strong></span> <span class='ocrx_word' id='word_1_104' title='bbox 314 2090 487 2168; x_wconf 88' lang='lat' dir='ltr'><strong>post</strong></span> <span class='ocrx_word' id='word_1_105' title='bbox 536 2080 717 2145; x_wconf 91' lang='lat' dir='ltr'><strong>inter</strong></span> <span class='ocrx_word' id='word_1_106' title='bbox 761 2076 1128 2145; x_wconf 86' lang='lat' dir='ltr'><strong>Nicolaum</strong></span> <span class='ocrx_word' id='word_1_107' title='bbox 1162 2078 1554 2178; x_wconf 22' lang='lat' dir='ltr'><strong>Attestinum</strong></span> <span class='ocrx_word' id='word_1_108' title='bbox 1585 2089 1653 2143; x_wconf 90' lang='lat' dir='ltr'><strong>et</strong></span> <span class='ocrx_word' id='word_1_109' title='bbox 1685 2076 2131 2145; x_wconf 88' lang='lat' dir='ltr'><strong>Othobonum</strong></span> <span class='ocrx_word' id='word_1_110' title='bbox 2176 2078 2300 2167; x_wconf 83' lang='lat' dir='ltr'><strong>qui</strong></span> 
     </span>
     <span class='ocr_line' id='line_1_16' title="bbox 67 2194 2302 2288; baseline 0.002 -31"><span class='ocrx_word' id='word_1_111' title='bbox 67 2196 257 2260; x_wconf 85' lang='lat' dir='ltr'><strong>etiam</strong></span> <span class='ocrx_word' id='word_1_112' title='bbox 319 2197 510 2262; x_wconf 87' lang='lat' dir='ltr'><strong>sacri</strong></span> <span class='ocrx_word' id='word_1_113' title='bbox 576 2194 1003 2285; x_wconf 89' lang='lat' dir='ltr'><strong>baptismatis</strong></span> <span class='ocrx_word' id='word_1_114' title='bbox 1069 2194 1222 2281; x_wconf 84' lang='lat' dir='ltr'><strong>jure</strong></span> <span class='ocrx_word' id='word_1_115' title='bbox 1290 2194 1633 2281; x_wconf 87' lang='lat' dir='ltr'><strong>conjuncti</strong></span> <span class='ocrx_word' id='word_1_116' title='bbox 1689 2208 2063 2284; x_wconf 89' lang='lat' dir='ltr'><strong>compatres</strong></span> <span class='ocrx_word' id='word_1_117' title='bbox 2108 2216 2302 2288; x_wconf 83' lang='lat' dir='ltr'><strong>voca-</strong></span> 
     </span>
     <span class='ocr_line' id='line_1_17' title="bbox 71 2308 2300 2401; baseline 0.001 -27"><span class='ocrx_word' id='word_1_118' title='bbox 71 2308 330 2391; x_wconf 83' lang='lat' dir='ltr'><strong>bantur,</strong></span> <span class='ocrx_word' id='word_1_119' title='bbox 374 2311 468 2377; x_wconf 86' lang='lat' dir='ltr'><strong>de</strong></span> <span class='ocrx_word' id='word_1_120' title='bbox 523 2332 692 2401; x_wconf 84' lang='lat' dir='ltr'><strong>pace</strong></span> <span class='ocrx_word' id='word_1_121' title='bbox 738 2314 844 2400; x_wconf 88' lang='lat' dir='ltr'><strong>agi</strong></span> <span class='ocrx_word' id='word_1_122' title='bbox 890 2314 1137 2400; x_wconf 86' lang='lat' dir='ltr'><strong>coepit,</strong></span> <span class='ocrx_word' id='word_1_123' title='bbox 1184 2309 1582 2378; x_wconf 85' lang='lat' dir='ltr'><strong>ac·tandem</strong></span> <span class='ocrx_word' id='word_1_124' title='bbox 1627 2311 1888 2401; x_wconf 88' lang='lat' dir='ltr'><strong>placuit</strong></span> <span class='ocrx_word' id='word_1_125' title='bbox 1927 2323 2300 2401; x_wconf 87' lang='lat' dir='ltr'><strong>utrumque</strong></span> 
     </span>
     <span class='ocr_line' id='line_1_18' title="bbox 75 2426 2302 2519; baseline 0.001 -30"><span class='ocrx_word' id='word_1_126' title='bbox 75 2428 385 2495; x_wconf 85' lang='lat' dir='ltr'><strong>inermem</strong></span> <span class='ocrx_word' id='word_1_127' title='bbox 458 2428 647 2495; x_wconf 91' lang='lat' dir='ltr'><strong>binis</strong></span> <span class='ocrx_word' id='word_1_128' title='bbox 713 2429 1036 2517; x_wconf 90' lang='lat' dir='ltr'><strong>stipatum</strong></span> <span class='ocrx_word' id='word_1_129' title='bbox 1084 2427 1423 2518; x_wconf 85' lang='lat' dir='ltr'><strong>equitibus</strong></span> <span class='ocrx_word' id='word_1_130' title='bbox 1470 2427 1556 2494; x_wconf 89' lang='lat' dir='ltr'><strong>ad</strong></span> <span class='ocrx_word' id='word_1_131' title='bbox 1602 2441 1878 2519; x_wconf 86' lang='lat' dir='ltr'><strong>pontem</strong></span> <span class='ocrx_word' id='word_1_132' title='bbox 1923 2426 2302 2495; x_wconf 87' lang='lat' dir='ltr'><strong>Valeselam</strong></span> 
     </span>
     <span class='ocr_line' id='line_1_19' title="bbox 79 2543 2302 2638; baseline 0.001 -31"><span class='ocrx_word' id='word_1_133' title='bbox 79 2544 234 2611; x_wconf 86' lang='lat' dir='ltr'><strong>inter</strong></span> <span class='ocrx_word' id='word_1_134' title='bbox 276 2545 585 2638; x_wconf 83' lang='lat' dir='ltr'><strong>Regium</strong></span> <span class='ocrx_word' id='word_1_135' title='bbox 632 2557 704 2612; x_wconf 91' lang='lat' dir='ltr'><strong>et</strong></span> <span class='ocrx_word' id='word_1_136' title='bbox 750 2547 1140 2613; x_wconf 87' lang='lat' dir='ltr'><strong>Herberiam</strong></span> <span class='ocrx_word' id='word_1_137' title='bbox 1195 2543 1474 2614; x_wconf 90' lang='lat' dir='ltr'><strong>foederis</strong></span> <span class='ocrx_word' id='word_1_138' title='bbox 1530 2548 1874 2637; x_wconf 84' lang='lat' dir='ltr'><strong>pactiones</strong></span> <span class='ocrx_word' id='word_1_139' title='bbox 1924 2543 2302 2613; x_wconf 87' lang='lat' dir='ltr'><strong>firmaturos</strong></span> 
     </span>
     <span class='ocr_line' id='line_1_20' title="bbox 80 2663 2302 2756; baseline -0 -28"><span class='ocrx_word' id='word_1_140' title='bbox 80 2667 437 2735; x_wconf 83' lang='lat' dir='ltr'><strong>convenire.</strong></span> <span class='ocrx_word' id='word_1_141' title='bbox 489 2666 715 2733; x_wconf 81' lang='lat' dir='ltr'><strong>Fama</strong></span> <span class='ocrx_word' id='word_1_142' title='bbox 744 2677 888 2733; x_wconf 88' lang='lat' dir='ltr'><strong>erat</strong></span> <span class='ocrx_word' id='word_1_143' title='bbox 918 2664 1306 2746; x_wconf 87' lang='lat' dir='ltr'><strong>Nicolaum,</strong></span> <span class='ocrx_word' id='word_1_144' title='bbox 1336 2668 1454 2756; x_wconf 89' lang='lat' dir='ltr'><strong>qui</strong></span> <span class='ocrx_word' id='word_1_145' title='bbox 1490 2667 1692 2732; x_wconf 87' lang='lat' dir='ltr'><strong>armis</strong></span> <span class='ocrx_word' id='word_1_146' title='bbox 1739 2676 1964 2752; x_wconf 85' lang='lat' dir='ltr'><strong>aperte</strong></span> <span class='ocrx_word' id='word_1_147' title='bbox 2009 2663 2302 2752; x_wconf 91' lang='lat' dir='ltr'><strong>opprimi</strong></span> 
     </span>
     <span class='ocr_line' id='line_1_21' title="bbox 87 2779 2390 2870; baseline -0.001 -25"><span class='ocrx_word' id='word_1_148' title='bbox 87 2801 200 2845; x_wconf 87' lang='lat' dir='ltr'><strong>non</strong></span> <span class='ocrx_word' id='word_1_149' title='bbox 246 2795 528 2870; x_wconf 89' lang='lat' dir='ltr'><strong>poterat</strong></span> <span class='ocrx_word' id='word_1_150' title='bbox 572 2781 661 2848; x_wconf 89' lang='lat' dir='ltr'><strong>ab</strong></span> <span class='ocrx_word' id='word_1_151' title='bbox 706 2780 1073 2850; x_wconf 86' lang='lat' dir='ltr'><strong>Othobono</strong></span> <span class='ocrx_word' id='word_1_152' title='bbox 1120 2780 1297 2847; x_wconf 87' lang='lat' dir='ltr'><strong>clam</strong></span> <span class='ocrx_word' id='word_1_153' title='bbox 1343 2779 1631 2860; x_wconf 78' lang='lat' dir='ltr'><strong>insidiis,</strong></span> <span class='ocrx_word' id='word_1_154' title='bbox 1676 2781 1862 2869; x_wconf 86' lang='lat' dir='ltr'><strong>pacis</strong></span> <span class='ocrx_word' id='word_1_155' title='bbox 1908 2780 2155 2869; x_wconf 88' lang='lat' dir='ltr'><strong>specie,</strong></span> <span class='ocrx_word' id='word_1_156' title='bbox 2200 2779 2308 2843; x_wconf 87' lang='lat' dir='ltr'><strong>in·</strong></span> <span class='ocrx_word' id='word_1_157' title='bbox 2384 2849 2390 2856; x_wconf 47' lang='grc'>,</span> 
     </span>
     <span class='ocr_line' id='line_1_22' title="bbox 92 2893 2307 2987; baseline 0.001 -30"><span class='ocrx_word' id='word_1_158' title='bbox 92 2906 440 2987; x_wconf 81' lang='lat' dir='ltr'><strong>terceptum</strong></span> <span class='ocrx_word' id='word_1_159' title='bbox 489 2900 607 2966; x_wconf 78' lang='lat' dir='ltr'><strong>iri.</strong></span> <span class='ocrx_word' id='word_1_160' title='bbox 652 2897 746 2964; x_wconf 91' lang='lat' dir='ltr'><strong>Et</strong></span> <span class='ocrx_word' id='word_1_161' title='bbox 789 2897 1112 2965; x_wconf 86' lang='lat' dir='ltr'><strong>Gibertus</strong></span> <span class='ocrx_word' id='word_1_162' title='bbox 1157 2895 1520 2965; x_wconf 83' lang='lat' dir='ltr'><strong>Sanvitalis</strong></span> <span class='ocrx_word' id='word_1_163' title='bbox 1583 2893 1875 2963; x_wconf 84' lang='lat' dir='ltr'><strong>Sfortiae</strong></span> <span class='ocrx_word' id='word_1_164' title='bbox 1943 2917 2060 2984; x_wconf 90' lang='lat' dir='ltr'><strong>per</strong></span> <span class='ocrx_word' id='word_1_165' title='bbox 2131 2916 2307 2961; x_wconf 86' lang='lat' dir='ltr'><strong>nun·</strong></span> 
     </span>
     <span class='ocr_line' id='line_1_23' title="bbox 94 3009 2389 3106; baseline 0.004 -33"><span class='ocrx_word' id='word_1_166' title='bbox 94 3012 250 3079; x_wconf 85' lang='lat' dir='ltr'><strong>cium</strong></span> <span class='ocrx_word' id='word_1_167' title='bbox 298 3014 825 3106; x_wconf 82' lang='lat' dir='ltr'><strong>significaverat,</strong></span> <span class='ocrx_word' id='word_1_168' title='bbox 856 3040 988 3083; x_wconf 91' lang='lat' dir='ltr'><strong>non</strong></span> <span class='ocrx_word' id='word_1_169' title='bbox 1034 3014 1230 3105; x_wconf 87' lang='lat' dir='ltr'><strong>longe</strong></span> <span class='ocrx_word' id='word_1_170' title='bbox 1273 3016 1346 3080; x_wconf 92' lang='lat' dir='ltr'><strong>in</strong></span> <span class='ocrx_word' id='word_1_171' title='bbox 1392 3012 1776 3081; x_wconf 86' lang='lat' dir='ltr'><strong>Salvaterra</strong></span> <span class='ocrx_word' id='word_1_172' title='bbox 1807 3011 2051 3101; x_wconf 88' lang='lat' dir='ltr'><strong>oppido</strong></span> <span class='ocrx_word' id='word_1_173' title='bbox 2081 3009 2306 3100; x_wconf 83' lang='lat' dir='ltr'><strong>plures</strong></span> <span class='ocrx_word' id='word_1_174' title='bbox 2382 3074 2389 3082; x_wconf 85' lang='lat'><strong>.</strong></span> 
     </span>
     <span class='ocr_line' id='line_1_24' title="bbox 102 3128 2306 3223; baseline -0 -28"><span class='ocrx_word' id='word_1_175' title='bbox 102 3144 402 3213; x_wconf 76' lang='lat' dir='ltr'><strong>armatos,</strong></span> <span class='ocrx_word' id='word_1_176' title='bbox 471 3147 559 3201; x_wconf 87' lang='lat' dir='ltr'><strong>ut</strong></span> <span class='ocrx_word' id='word_1_177' title='bbox 615 3135 1003 3202; x_wconf 85' lang='lat' dir='ltr'><strong>Atestinum</strong></span> <span class='ocrx_word' id='word_1_178' title='bbox 1072 3134 1578 3223; x_wconf 86' lang='lat' dir='ltr'><strong>interciperent,</strong></span> <span class='ocrx_word' id='word_1_179' title='bbox 1623 3128 2034 3197; x_wconf 87' lang='lat' dir='ltr'><strong>delitescere.</strong></span> <span class='ocrx_word' id='word_1_180' title='bbox 2081 3128 2306 3212; x_wconf 86' lang='lat' dir='ltr'><strong>Quare</strong></span> 
     </span>
     <span class='ocr_line' id='line_1_25' title="bbox 101 3243 2304 3331; baseline 0.002 -23"><span class='ocrx_word' id='word_1_181' title='bbox 101 3243 405 3319; x_wconf 85' lang='lat' dir='ltr'><strong>Nicolaus</strong></span> <span class='ocrx_word' id='word_1_182' title='bbox 452 3252 672 3321; x_wconf 87' lang='lat' dir='ltr'><strong>hostis</strong></span> <span class='ocrx_word' id='word_1_183' title='bbox 716 3251 986 3320; x_wconf 89' lang='lat' dir='ltr'><strong>insidias</strong></span> <span class='ocrx_word' id='word_1_184' title='bbox 1017 3252 1294 3331; x_wconf 83' lang='lat' dir='ltr'><strong>veritus,</strong></span> <span class='ocrx_word' id='word_1_185' title='bbox 1338 3250 1469 3317; x_wconf 90' lang='lat' dir='ltr'><strong>sub</strong></span> <span class='ocrx_word' id='word_1_186' title='bbox 1514 3248 1869 3317; x_wconf 85' lang='lat' dir='ltr'><strong>obscuram</strong></span> <span class='ocrx_word' id='word_1_187' title='bbox 1916 3258 2188 3315; x_wconf 89' lang='lat' dir='ltr'><strong>noctem</strong></span> <span class='ocrx_word' id='word_1_188' title='bbox 2232 3247 2304 3312; x_wconf 91' lang='lat' dir='ltr'><strong>in</strong></span> 
     </span>
     <span class='ocr_line' id='line_1_26' title="bbox 106 3365 2307 3460; baseline 0.001 -30"><span class='ocrx_word' id='word_1_189' title='bbox 106 3370 462 3449; x_wconf 86' lang='lat' dir='ltr'><strong>proximum</strong></span> <span class='ocrx_word' id='word_1_190' title='bbox 497 3394 738 3440; x_wconf 87' lang='lat' dir='ltr'><strong>nemus</strong></span> <span class='ocrx_word' id='word_1_191' title='bbox 767 3393 924 3438; x_wconf 90' lang='lat' dir='ltr'><strong>cum</strong></span> <span class='ocrx_word' id='word_1_192' title='bbox 956 3369 1292 3438; x_wconf 88' lang='lat' dir='ltr'><strong>militibus</strong></span> <span class='ocrx_word' id='word_1_193' title='bbox 1338 3368 1560 3460; x_wconf 85' lang='lat' dir='ltr'><strong>plures</strong></span> <span class='ocrx_word' id='word_1_194' title='bbox 1590 3369 1792 3436; x_wconf 85' lang='lat' dir='ltr'><strong>armis</strong></span> <span class='ocrx_word' id='word_1_195' title='bbox 1824 3365 2053 3457; x_wconf 87' lang='lat' dir='ltr'><strong>plenos</strong></span> <span class='ocrx_word' id='word_1_196' title='bbox 2081 3386 2307 3433; x_wconf 87' lang='lat' dir='ltr'><strong>saccos</strong></span> 
     </span>
     <span class='ocr_line' id='line_1_27' title="bbox 109 3476 2304 3577; baseline 0.002 -36"><span class='ocrx_word' id='word_1_197' title='bbox 109 3476 260 3548; x_wconf 84' lang='lat' dir='ltr'><strong>elam</strong></span> <span class='ocrx_word' id='word_1_198' title='bbox 305 3488 509 3557; x_wconf 75' lang='lat' dir='ltr'><strong>misit.</strong></span> <span class='ocrx_word' id='word_1_199' title='bbox 561 3489 685 3555; x_wconf 91' lang='lat' dir='ltr'><strong>His</strong></span> <span class='ocrx_word' id='word_1_200' title='bbox 728 3490 1015 3577; x_wconf 84' lang='lat' dir='ltr'><strong>imperat</strong></span> <span class='ocrx_word' id='word_1_201' title='bbox 1060 3499 1141 3553; x_wconf 91' lang='lat' dir='ltr'><strong>ut</strong></span> <span class='ocrx_word' id='word_1_202' title='bbox 1186 3502 1343 3556; x_wconf 89' lang='lat' dir='ltr'><strong>ante</strong></span> <span class='ocrx_word' id='word_1_203' title='bbox 1386 3485 1607 3552; x_wconf 90' lang='lat' dir='ltr'><strong>lucem</strong></span> <span class='ocrx_word' id='word_1_204' title='bbox 1657 3481 1953 3574; x_wconf 87' lang='lat' dir='ltr'><strong>expediti</strong></span> <span class='ocrx_word' id='word_1_205' title='bbox 1999 3480 2304 3573; x_wconf 83' lang='lat' dir='ltr'><strong>vigilent,</strong></span> 
     </span>
     <span class='ocr_line' id='line_1_28' title="bbox 112 3602 2304 3693; baseline -0.004 -20"><span class='ocrx_word' id='word_1_206' title='bbox 112 3607 171 3660; x_wconf 65' lang='lat' dir='ltr'><strong>et</strong></span> <span class='ocrx_word' id='word_1_207' title='bbox 206 3602 256 3665; x_wconf 64' lang='grc' dir='ltr'><strong>εἰ</strong></span> <span class='ocrx_word' id='word_1_208' title='bbox 297 3627 499 3693; x_wconf 88' lang='lat' dir='ltr'><strong>quem</strong></span> <span class='ocrx_word' id='word_1_209' title='bbox 550 3606 833 3674; x_wconf 91' lang='lat' dir='ltr'><strong>audiant</strong></span> <span class='ocrx_word' id='word_1_210' title='bbox 901 3605 1280 3673; x_wconf 86' lang='lat' dir='ltr'><strong>tumultum</strong></span> <span class='ocrx_word' id='word_1_211' title='bbox 1349 3603 1687 3672; x_wconf 85' lang='lat' dir='ltr'><strong>auxilium</strong></span> <span class='ocrx_word' id='word_1_212' title='bbox 1757 3602 1962 3669; x_wconf 89' lang='lat' dir='ltr'><strong>laturi</strong></span> <span class='ocrx_word' id='word_1_213' title='bbox 2034 3611 2304 3666; x_wconf 85' lang='lat' dir='ltr'><strong>exeant.</strong></span> 
     </span>
     <span class='ocr_line' id='line_1_29' title="bbox 116 3709 2303 3813; baseline -0.002 -27"><span class='ocrx_word' id='word_1_214' title='bbox 116 3709 246 3784; x_wconf 64' lang='lat' dir='ltr'><strong>lam</strong></span> <span class='ocrx_word' id='word_1_215' title='bbox 305 3720 441 3790; x_wconf 82' lang='lat' dir='ltr'><strong>dies</strong></span> <span class='ocrx_word' id='word_1_216' title='bbox 508 3737 701 3793; x_wconf 79' lang='lat' dir='ltr'><strong>sexto</strong></span> <span class='ocrx_word' id='word_1_217' title='bbox 767 3721 1076 3791; x_wconf 89' lang='lat' dir='ltr'><strong>calendas</strong></span> <span class='ocrx_word' id='word_1_218' title='bbox 1145 3720 1373 3813; x_wconf 90' lang='lat' dir='ltr'><strong>aprilis</strong></span> <span class='ocrx_word' id='word_1_219' title='bbox 1438 3720 1672 3789; x_wconf 85' lang='lat' dir='ltr'><strong>Tertio</strong></span> <span class='ocrx_word' id='word_1_220' title='bbox 1718 3717 1941 3786; x_wconf 84' lang='lat' dir='ltr'><strong>fatalis</strong></span> <span class='ocrx_word' id='word_1_221' title='bbox 1992 3726 2264 3800; x_wconf 70' lang='lat' dir='ltr'><strong>venerat</strong></span> <span class='ocrx_word' id='word_1_222' title='bbox 2282 3765 2303 3794; x_wconf 90' lang='lat'><strong>,</strong></span> 
     </span>
     <span class='ocr_line' id='line_1_30' title="bbox 119 3830 2308 3920; baseline 0 -22"><span class='ocrx_word' id='word_1_223' title='bbox 119 3847 255 3898; x_wconf 78' lang='lat' dir='ltr'><strong>cum</strong></span> <span class='ocrx_word' id='word_1_224' title='bbox 291 3834 404 3905; x_wconf 89' lang='lat' dir='ltr'><strong>ille</strong></span> <span class='ocrx_word' id='word_1_225' title='bbox 430 3853 595 3909; x_wconf 79' lang='lat' dir='ltr'><strong>‘orto</strong></span> <span class='ocrx_word' id='word_1_226' title='bbox 638 3840 778 3910; x_wconf 86' lang='lat' dir='ltr'><strong>sole</strong></span> <span class='ocrx_word' id='word_1_227' title='bbox 820 3861 975 3908; x_wconf 91' lang='lat' dir='ltr'><strong>cum</strong></span> <span class='ocrx_word' id='word_1_228' title='bbox 1008 3840 1047 3919; x_wconf 89' lang='lat' dir='ltr'>J</span> <span class='ocrx_word' id='word_1_229' title='bbox 1050 3840 1261 3909; x_wconf 84' lang='lat' dir='ltr'><strong>acobo</strong></span> <span class='ocrx_word' id='word_1_230' title='bbox 1292 3836 1523 3920; x_wconf 83' lang='lat' dir='ltr'><strong>fratre,</strong></span> <span class='ocrx_word' id='word_1_231' title='bbox 1552 3835 1836 3905; x_wconf 89' lang='lat' dir='ltr'><strong>Nicolao</strong></span> <span class='ocrx_word' id='word_1_232' title='bbox 1865 3830 2308 3915; x_wconf 86' lang='lat' dir='ltr'><strong>filio,-Carolo</strong></span> 
     </span>
     <span class='ocr_line' id='line_1_31' title="bbox 121 3951 2312 4050; baseline -0.009 -12"><span class='ocrx_word' id='word_1_233' title='bbox 121 3966 335 4036; x_wconf 52' lang='grc' dir='ltr'><strong>ΝΜ,</strong></span> <span class='ocrx_word' id='word_1_234' title='bbox 361 3969 432 4024; x_wconf 81' lang='lat' dir='ltr'><strong>et</strong></span> <span class='ocrx_word' id='word_1_235' title='bbox 458 3973 731 4029; x_wconf 89' lang='lat' dir='ltr'><strong>centum</strong></span> <span class='ocrx_word' id='word_1_236' title='bbox 779 3961 1123 4050; x_wconf 87' lang='lat' dir='ltr'><strong>equitibus</strong></span> <span class='ocrx_word' id='word_1_237' title='bbox 1167 3961 1475 4049; x_wconf 84' lang='lat' dir='ltr'><strong>stipatus,</strong></span> <span class='ocrx_word' id='word_1_238' title='bbox 1521 3957 1643 4048; x_wconf 89' lang='lat' dir='ltr'><strong>qui</strong></span> <span class='ocrx_word' id='word_1_239' title='bbox 1686 3955 1818 4023; x_wconf 89' lang='lat' dir='ltr'><strong>sub</strong></span> <span class='ocrx_word' id='word_1_240' title='bbox 1861 3951 2150 4021; x_wconf 80' lang='lat' dir='ltr'><strong>clamide</strong></span> <span class='ocrx_word' id='word_1_241' title='bbox 2194 3973 2312 4019; x_wconf 90' lang='lat' dir='ltr'><strong>oc-</strong></span> 
     </span>
     <span class='ocr_line' id='line_1_32' title="bbox 130 4063 2309 4157; baseline -0.002 -21"><span class='ocrx_word' id='word_1_242' title='bbox 130 4063 296 4136; x_wconf 70' lang='lat' dir='ltr'><strong>culto</strong></span> <span class='ocrx_word' id='word_1_243' title='bbox 337 4072 603 4144; x_wconf 84' lang='lat' dir='ltr'><strong>thorace</strong></span> <span class='ocrx_word' id='word_1_244' title='bbox 650 4079 891 4145; x_wconf 88' lang='lat' dir='ltr'><strong>armati</strong></span> <span class='ocrx_word' id='word_1_245' title='bbox 935 4089 1160 4157; x_wconf 86' lang='lat' dir='ltr'><strong>erant,</strong></span> <span class='ocrx_word' id='word_1_246' title='bbox 1205 4089 1275 4143; x_wconf 91' lang='lat' dir='ltr'><strong>et</strong></span> <span class='ocrx_word' id='word_1_247' title='bbox 1317 4075 1536 4157; x_wconf 83' lang='lat' dir='ltr'><strong>brevi,</strong></span> <span class='ocrx_word' id='word_1_248' title='bbox 1580 4086 1661 4142; x_wconf 88' lang='lat' dir='ltr'><strong>ut</strong></span> <span class='ocrx_word' id='word_1_249' title='bbox 1704 4070 1998 4153; x_wconf 88' lang='lat' dir='ltr'><strong>solebat,</strong></span> <span class='ocrx_word' id='word_1_250' title='bbox 2041 4065 2309 4142; x_wconf 85' lang='lat' dir='ltr'><strong>cuculla</strong></span> 
     </span>
     <span class='ocr_line' id='line_1_33' title="bbox 133 4183 2311 4287; baseline -0.005 -27"><span class='ocrx_word' id='word_1_251' title='bbox 133 4196 314 4269; x_wconf 59' lang='grc' dir='ltr'><strong>(ἕψω</strong></span> <span class='ocrx_word' id='word_1_252' title='bbox 379 4200 593 4263; x_wconf 87' lang='lat' dir='ltr'><strong>tectus</strong></span> <span class='ocrx_word' id='word_1_253' title='bbox 645 4216 985 4287; x_wconf 85' lang='lat' dir='ltr'><strong>parvoque</strong></span> <span class='ocrx_word' id='word_1_254' title='bbox 1036 4193 1253 4280; x_wconf 79' lang='lat' dir='ltr'><strong>cauda</strong></span> <span class='ocrx_word' id='word_1_255' title='bbox 1299 4203 1543 4261; x_wconf 88' lang='lat' dir='ltr'><strong>terram</strong></span> <span class='ocrx_word' id='word_1_256' title='bbox 1591 4199 1892 4260; x_wconf 84' lang='lat' dir='ltr'><strong>verrente</strong></span> <span class='ocrx_word' id='word_1_257' title='bbox 1936 4207 2114 4277; x_wconf 84' lang='lat' dir='ltr'><strong>equo</strong></span> <span class='ocrx_word' id='word_1_258' title='bbox 2156 4183 2311 4251; x_wconf 85' lang='lat' dir='ltr'><strong>insi-</strong></span> 
     </span>
    </p>
   </div>
  </div>
 </body>
</html>
