2950 5017
913 434 1109 483 mann
1151 438 1428 487 *ren-mss
1486 442 1493 447 ·
2126 449 2203 501 21
2217 433 2257 497 3

35 564 418 645 susceptus
446 551 625 621 filius
653 556 1095 645 principatum
1126 559 1439 627 obtinuit.
1469 559 1740 628 Dicitur
1769 563 2059 632 moriens
2087 563 2255 634 Obi-

33 674 188 739 eins
238 672 673 740 mandavisse
716 683 797 739 ut
838 673 1128 741 Ferraria
1172 674 1392 758 Actio,
1433 674 1703 745 Mutina
1729 677 2253 767 Aldohrandino,

33 800 112 854 et
159 784 476 877 Regium
521 787 869 879 Raynaldo
913 792 1108 859 tertio
1154 787 1291 867 filio
1332 790 1611 874 cederet,
1655 792 1769 861 sed
1798 795 1992 867 Actio
2033 801 2258 868 omnia

33 916 446 994 occupante
512 915 987 971 testamentum
1057 907 1316 973 irritum
1385 904 1549 975 fuit.
1597 908 1979 979 Herheriam
2039 914 2259 995 enim,

31 1018 423 1109 Regiolum
437 1070 457 1100 ,
506 1030 576 1086 et
618 1018 983 1086 Albineam
1028 1022 1475 1088 munitissima
1521 1021 1940 1113 Regiensium
1991 1027 2261 1095 castella

33 1140 457 1227 occupavit,
501 1148 570 1203 et
634 1141 706 1205 in
776 1137 962 1203 urbis
1020 1149 1284 1205 nostrae
1344 1161 1489 1205 arce
1532 1139 1933 1211 Ber-nardino
1975 1142 2264 1232 parentis

33 1255 287 1345 legato
316 1254 574 1335 relicto,
601 1248 1083 1322 validissimum
1116 1254 1519 1344 praesidium·
1563 1251 1827 1348 posuit(
1855 1258 2075 1342 Quare
2101 1258 2261 1329 cum

41 1372 261 1439 nulla
320 1370 733 1461 recipiendae
791 1370 1122 1443 libertatis
1169 1392 1312 1460 spes
1358 1371 1646 1460 amplius
1697 1385 2089 1463 superesset,
2134 1375 2271 1443 Re-

47 1490 350 1578 gienses,
393 1484 575 1576 quod
619 1484 872 1553 auferre
932 1510 1064 1553 nou
1131 1498 1437 1576 poterant
1456 1537 1475 1567 ,
1521 1486 1700 1556 ultro
1742 1486 1937 1558 Actio
2003 1513 2263 1559 conces-

47 1616 313 1671 serant.
361 1601 609 1671 Coacto
653 1601 979 1692 siquidem
1026 1604 1280 1669 civium
1327 1602 1614 1670 concilio
1677 1613 1759 1669 ut
1824 1600 2262 1674 neeessariam

51 1724 164 1788 ita
241 1722 443 1786 etiam
508 1731 964 1809 opportunum
1009 1718 1091 1784 de
1136 1719 1320 1786 urbis
1379 1722 1764 1810 principatu
1807 1723 1870 1787 ei
1911 1720 2262 1793 deferendo

57 1834 434 1905 consilium
457 1882 462 1889 -
485 1847 939 1926 sumpserunt,
985 1856 1380 1924 summaque
1431 1838 1502 1902 in
1564 1859 1720 1903 eum
1762 1846 2089 1926 potestate
2130 1838 2264 1908 col-

51 1951 212 2019 lata
258 1951 436 2019 urbis
488 1963 887 2042 perpetuum
930 1950 1304 2040 Principem
1352 1966 1777 2020 creaverunt.
1830 1952 1924 2020 At
1967 1953 2260 2022 libertati

57 2070 246 2135 cives
293 2070 571 2149 assueti,
619 2070 739 2158 qui
781 2077 1000 2134 stante
1068 2067 1411 2156 republica
1476 2067 1846 2157 plurimum
1902 2081 2219 2159 'poterant
2240 2121 2262 2152 ,

57 2185 240 2250 inter
283 2206 454 2273 quos
498 2182 744 2251 Tobiae
788 2181 1144 2271 Rangonus
1164 2234 1182 2262 ,
1230 2194 1298 2248 et
1342 2179 1753 2251 Lanfrancus
1814 2181 1985 2266 fuit,
2030 2198 2265 2253 contra

60 2322 224 2366 eum
293 2322 523 2367 mense
591 2311 872 2389 augusto
940 2301 1415 2389 conspirarunt.
1482 2300 1733 2368 Verum
1803 2302 2259 2388 conjuratione

59 2414 367 2496 detecta,
407 2417 504 2482 rei
545 2416 616 2481 in
659 2413 943 2482 exilium
989 2417 1155 2495 aeti,
1199 2428 1269 2481 et
1313 2438 1541 2482 eorum
1598 2415 1787 2484 aedes
1853 2416 2046 2486 velut
2111 2440 2259 2507 per-

61 2530 479 2600 duellionum
511 2528 814 2599 funditus
843 2554 1105 2598 eversae
1138 2527 1435 2599 fuerunt.
1486 2531 1710 2599 Rebus
1754 2535 1825 2599 in
1871 2533 2038 2599 urbe
2079 2557 2260 2602 eom-

62 2650 295 2737 positis
333 2648 598 2715 bellum
642 2648 949 2718 adversus
994 2647 1433 2716 Cari-arienses
1486 2644 1753 2716 Patavii
1810 2660 2126 2737 tyrannos
2169 2650 2258 2718 ob

65 2766 300 2832 Ateste
342 2765 661 2855 oppidum
730 2766 818 2832 ab
886 2763 1017 2831 illis
1083 2777 1483 2854 occupatum
1532 2765 1766 2831 Aetius
1811 2777 2115 2854 gesturus
2158 2766 2260 2833 inss

67 2890 337 2967 gentem
396 2869 757 2970 peditum,
802 2882 1241 2971 equitumque
1308 2879 1648 2947 delectum
1716 2878 1908 2968 Regii
1975 2878 2253 2948 habuit.

71 2991 217 3060 sed
262 3017 412 3062 eum
452 2996 718 3065 duobus
763 2998 1099 3064 mensibus
1141 2995 1499 3063 levioribus
1553 2994 1815 3086 praeliis
1868 3007 2097 3064 contra
2140 2996 2259 3065 ho-

67 3120 240 3178 stem
284 3123 607 3181 certatum
653 3124 849 3194 esset,
888 3112 1328 3202 Aquileiensis
1372 3111 1795 3179 Patriarchae
1838 3136 2073 3203 opera,
2116 3137 2253 3204 pax

71 3238 176 3292 est
216 3242 462 3294 secuta.
510 3229 698 3318 Regii
745 3251 900 3297 vero
929 3229 1397 3297 Canussiorum
1429 3240 1499 3296 et
1523 3228 1996 3297 Folleanorum
2030 3230 2254 3311 aedes,

73 3364 242 3431 quae
307 3340 531 3412 forum
596 3345 1069 3425 circumibant,
1113 3345 1199 3411 ad
1243 3344 1605 3412 macellum
1667 3342 2168 3426 fabricandum,
2214 3368 2255 3411 a

75 3459 404 3547 mpublica
457 3473 720 3551 emptae
786 3458 1061 3528 fuerunt
1104 3462 1204 3528 (ῐ).
1264 3461 1419 3529 Post
1487 3483 1740 3528 annum
1808 3483 2013 3552 quam
2081 3460 2251 3528 haec

75 3586 218 3642 acta
255 3587 414 3645 sunt
457 3578 799 3645 Atestinus
845 3601 1042 3647 aureo
1085 3577 1362 3645 militari
1406 3576 1677 3669 cingulo
1722 3577 1998 3646 donatos
2038 3577 2254 3666 Ange-

73 3687 214 3757 lum
238 3690 664 3774 canussium,
694 3705 764 3761 et
794 3693 1196 3762 Palmerium
1226 3691 1527 3760 Sessium
1574 3695 1861 3785 equestri
1892 3692 2252 3782 dignitate,

74 3828 243 3896 quae
283 3831 400 3900 pro
445 3833 708 3880 summo
754 3810 1000 3880 honore
1047 3822 1208 3878 tunc
1237 3809 1549 3893 dabatur,
1596 3813 1944 3883 exornavit
1957 3837 1977 3893 ;
2021 3812 2250 3879 Ferra-

157 4166 234 4238 (ι)
263 4168 329 4224 Ut
361 4171 418 4225 in
453 4170 590 4228 libro
623 4188 820 4244 magno.
