2950 5017
722 425 857 515 δῖε
1469 438 1712 486 amun
1752 431 2178 524 nncmnsrmu

721 563 936 633 Pactii
954 611 976 645 ,
1018 560 1284 631 conscio
1327 555 1525 628 Sixto
1566 557 1886 628 Pontifice
1950 570 2023 628 et
2086 555 2520 626 Ferdinando
2574 578 2714 647 rege
2744 556 2857 627 Νει-

720 678 912 770 polis·
937 680 1059 769 qui
1102 677 1523 747 Florentinos
1568 677 1938 766 opprimere
1980 671 2371 753 studebant,
2422 683 2661 741 contra
2686 696 2858 743 cosno-

717 817 839 866 vas
884 818 984 863 res
1027 794 1432 863 moliuntur.
1476 794 1714 860 Petrus
1758 792 2024 858 Riarius
2066 789 2411 858 Pontificis
2460 813 2670 879 nepos
2707 789 2861 857 Cauli-

717 910 893 981 nalis
937 909 1271 1000 religionis
1313 912 1525 1001 gratia
1594 931 1665 976 se
1731 907 2147 976 Florentiam
2215 910 2312 973 ire
2381 905 2701 988 simulat,
2735 930 2791 974 ac
2815 908 2854 974 in

715 1029 920 1098 divae
963 1029 1326 1096 Liber-atae
1372 1024 1660 1116 templo,
1704 1041 1843 1116 quo
1876 1026 2159 1093 ‘venturi
2203 1047 2340 1092 esse
2384 1024 2676 1091 Medicei
2720 1023 2861 1090 creda-¹

721 1146 999 1227 bantur,
1027 1147 1306 1236 impul-is
1338 1144 1652 1212 manibus
1695 1166 1884 1210 sacra
1930 1155 2073 1210 erat
2117 1140 2612 1210 celebraturus.
2654 1139 2725 1207 Id
2755 1154 2852 1207 ten-

722 1284 853 1354 pus
895 1260 982 1329 ad
1026 1261 1432 1353 patrandum
1475 1259 1692 1327 scelus
1735 1260 2244 1349 expectabatur,
2272 1283 2418 1350 quo
2448 1268 2854 1327 consacraretnr

723 1379 1128 1450 Eucaristia.
1168 1377 1714 1458 Tum'Jnlianm,
1759 1380 1880 1468 qui
1927 1377 2274 1468 aliquanto
2322 1377 2586 1445 tardius
2628 1380 2856 1465 ingresus

724 1499 797 1566 iu
841 1498 1102 1566 diversa
1148 1509 1336 1588 parte
1381 1494 1616 1586 templi
1664 1517 1823 1561 cum
1869 1494 2233 1581 conjuratis
2288 1494 2466 1562 nihil
2513 1495 2740 1562 sinistri
2770 1513 2857 1558 sus·

728 1616 993 1704 picatus
1038 1611 1461 1683 familiariter
1521 1611 1959 1701 loquebatur,
2004 1613 2189 1700 signo
2236 1611 2394 1681 dato
2445 1623 2550 1677 est
2580 1606 2857 1678 confossus.

730 1732 1133 1804 Laurentius
1177 1754 1333 1799 vero
1376 1729 1617 1798 leviter
1661 1726 2050 1796 vulneratus
2103 1733 2174 1796 in
2227 1733 2515 1798 sacrario
2561 1731 2750 1794 vitam
2780 1749 2855 1791 ser·

729 1854 941 1919 vavit.
989 1848 1449 1918 Ferdinandus
1498 1860 1568 1914 et
1611 1845 1923 1915 Pontifex
1968 1845 2226 1926 foedere
2291 1847 2643 1934 conjuncti
2700 1855 2856 1912 contra

731 1990 966 2036 omnes
1007 1966 1242 2034 Italiae
1286 1968 1647 2057 principes,
1691 1988 1979 2055 quorum
2034 1966 2313 2056 imperia
2369 1968 2554 2032 inter
2603 1985 2668 2029 se
2703 1960 2855 2027 divise·

733 2096 910 2165 rant,
942 2096 1023 2150 ut
1054 2107 1194 2150 rem
1226 2075 1445 2150 mitius
1473 2104 1777 2173 prospere
1822 2086 2201 2152 successisse
2246 2082 2511 2162 vident,
2541 2074 2854 2171 aperteFlo-

733 2202 1012 2268 reatinis
1055 2198 1312 2266 bellum
1358 2196 1679 2267 inferunt.
1728 2199 2047 2268 Hercules
2091 2203 2321 2290 itaque
2351 2199 2698 2266 Atestinus
2720 2193 2855 2262 omni·

733 2318 866 2385 bus
908 2320 1112 2408 copiis
1156 2340 1399 2407 magna
1443 2341 1599 2386 cum
1661 2311 1864 2385 laude
1933 2318 2021 2385 ab
2085 2317 2220 2384 illis
2284 2311 2673 2408 praefectus·
2705 2309 2851 2378 fractis

736 2433 1046 2503 hos-tibus
1119 2437 1626 2524 superveniente
1691 2435 1934 2525 hyeme
2001 2436 2374 2503 Ferrariam
2455 2444 2557 2501 est
2615 2448 2853 2498 reversus·

735 2549 1060 2643 Quenti
1104 2574 1256 2619 vere
1299 2563 1655 2620 revocatus
1697 2553 1805 2619 ad¹
1828 2552 2290 2620 Trasimenum
2337 2549 2569 2619 lacum
2616 2552 2682 2615 in
2724 2545 2854 2610 Pem-

733 2671 894 2737 sinis
935 2669 1058 2736 ubi
1102 2669 1607 2737 memorandam
1659 2668 1918 2737 cladem
1964 2670 2284 2737 Romanis
2328 2665 2624 2736 Annibal
2666 2659 2850 2748 intulit,

735 2808 1048 2877 prospera
1091 2791 1323 2877 pugna
1360 2785 1582 2855 hostes
1622 2786 2027 2877 profligavit:
2061 2788 2185 2856 sed»
2204 2810 2362 2854 cum
2391 2790 2706 2876 ingentem
2730 2796 2854 2867 prae·

734 2903 894 2972 dam
937 2928 1025 2972 ex
1068 2902 1473 2972 Senensibus
1518 2905 1866 2995 abegisset,
1910 2908 2127 2995 gravis
2171 2907 2341 2973 inter
2383 2907 2634 2996 ipsum,
2672 2909 2729 2964 et
2762 2892 2850 2959 Fri·

735 3020 1033 3089 dericum
1057 3021 1379 3092 Mantuae
1403 3023 1779 3114 Principem
1808 3022 2313 3093 Mediolanensis
2343 3023 2663 3090 exercitus
2687 3013 2851 3079 ducem

736 3139 833 3208 ob
860 3137 1213 3208 dividenda
1256 3139 1466 3230 spolia
1496 3155 1643 3210 orta
1672 3143 1817 3208 rixa
1849 3144 2219 3209 maximam
2251 3117 2849 3222 hostibus-respirandi

735 3252 1133 3326 facultatem
1201 3254 1456 3323 attulit.
1523 3256 1797 3349 Propter
1846 3241 2012 3346 &am
2081 3255 2560 3327 discensionem
2610 3240 2847 3319 Hercules

736 3371 1042 3440 dimissus
1086 3396 1402 3461 magnam
1448 3378 1780 3443 exercitus
1812 3377 2069 3467 partem
2099 3399 2329 3445 secum
2359 3374 2658 3443 abduxit.
2694 3365 2844 3447 Quare

735 3485 996 3577 reliquo
1039 3481 1619 3560 Florentinorum
1643 3497 1968 3577 exercitu,
2027 3498 2147 3584 qui
2213 3497 2457 3561 etiam
2481 3491 2653 3558 ducis
2694 3495 2841 3571 provl·

738 3603 967 3672 dentia
996 3605 1302 3696 carebat,
1348 3607 1552 3696 paulo
1595 3625 1745 3699 post
1775 3610 2065 3701 disperso
2112 3634 2431 3701 magnum
2476 3607 2573 3676 illi
2613 3587 2839 3688 reipubl!-

732 3744 856 3790 cae
885 3721 1397 3794 incommodum
1442 3724 1714 3794 accidit.
1762 3727 2078 3795 Hercules
2124 3728 2212 3795 ob
2256 3728 2407 3813 ejus
2459 3721 2611 3793 belli
2655 3701 2837 3799 expetit

736 3837 993 3905 tionem
1053 3835 1275 3928 plures
1339 3841 1432 3907 in‘
1475 3863 1600 3908 sua
1658 3840 1907 3911 ditione
1976 3846 2238 3933 equites
2308 3840 2481 3909 alere
2543 3831 2834 3923 cogebatur

732 3971 1024 4041 quorum
1067 3965 1326 4041 partem
1356 3958 1529 4022 inter
1556 3956 1903 4046 Regienses
1941 3959 2192 4039 divisit,
2239 3981 2316 4025 ac
2362 3936 2833 4048 ipsis‘impemvit

736 4080 822 4136 ut
846 4068 1343 4161 quadringentis
1373 4073 1818 4163 cataphractis
1848 4077 1918 4142 in
1950 4078 2134 4166 pagis
2164 4075 2454 4166 hospitia
2490 4067 2827 4140 exiberentur,

732 4198 804 4267 et
835 4186 1060 4292 paleae
1091 4211 1269 4281 quae
1316 4193 1508 4283 equis
1551 4190 1959 4276 sufficerent,
1990 4217 2068 4264 ac
2096 4192 2280 4286 ligna
2324 4193 2412 4261 ad
2457 4210 2633 4261 usum
2671 4170 2834 4265 ¹1be
