2950 5017
717 428 745 473 Ι
762 428 843 475 10
1443 425 1678 471 nunu
1729 424 2147 472 nmtusmu

701 550 775 615 in
842 543 1090 637 templo
1145 544 1242 613 D.
1283 544 1576 635 Prosperi
1621 568 1665 612 a
1705 543 1996 614 castello
2061 547 2131 614 in
2200 567 2448 637 eorum
2519 548 2861 616 memoriam

698 673 1110 732 consecratae
1154 672 1381 742 erant,
1422 663 1674 729 ineerta
1715 664 1880 730 item
1925 685 2070 730 ossa
2134 664 2274 729 sine
2347 660 2574 730 titulo
2641 666 2856 753 reperit.

700 779 795 846 At
836 780 1072 846 Amiso
1115 789 1181 844 et
1224 780 1361 866 ipse
1403 779 1473 845 in
1533 799 1653 844 sua
1706 777 1867 848 aede
1919 790 2147 868 aperta
2204 777 2675 846 eandidissimi
2729 767 2858 845 nian-

700 895 897 962 moris
942 915 1126 972 area,
1169 891 1484 972 cadaver,
1525 892 1709 981 quod
1751 895 1822 960 in
1865 892 1957 959 D.
2006 891 2271 961 Venerii
2325 892 2591 962 sacello
2650 915 2857 962 conset·

697 1010 1022 1090 valiam,
1065 1031 1221 1075 eum
1268 1007 1693 1097 publicarum
1755 1008 2115 1076 literarum*
2168 1010 2570 1078 testimonio
2612 1011 2857 1092 invenit.

697 1124 942 1192 Beatae
970 1147 1237 1215 quoque
1263 1123 1302 1201 J
1306 1121 1607 1190 ueundae
1648 1145 1880 1213 eorpus
1925 1127 1996 1191 in
2040 1123 2338 1209 ejusdem
2370 1147 2499 1192 ara
2530 1126 2854 1212 comperiit,

697 1252 767 1307 et
796 1264 1026 1309 ornnes
1063 1238 1369 1330 reliquias
1412 1242 1485 1306 in
1529 1241 1811 1328 pristina
1849 1240 1997 1308 loca
2036 1239 2329 1330 religiose
2361 1238 2621 1308 relatas
2652 1239 2850 1326 Moysis

693 1354 1097 1424 Ravennatis
1143 1353 1636 1444 Archiepisoopi
1695 1358 2089 1424 auctoritate
2142 1358 2445 1445 reposuit
2464 1406 2486 1436 ,
2533 1367 2614 1421 ut
2667 1357 2733 1420 in
2775 1351 2847 1417 la-

694 1472 891 1539 minis
936 1470 1270 1561 plumbeis
1310 1470 1583 1562 singulis
1612 1473 1780 1540 arcis
1812 1470 2096 1562 alligatis
2121 1473 2536 1561 inscriptum
2578 1491 2848 1559 apparere

691 1587 959 1655 dieitur.
1003 1586 1082 1654 Id
1127 1610 1301 1656 anno
1331 1585 1671 1668 nonnil,
1700 1585 1998 1678 Eugenio
2027 1587 2130 1655 ΙΙΙ
2160 1587 2465 1669 sedente,
2497 1599 2577 1655 et
2599 1583 2851 1654 corrado

692 1708 1094 1795 imperante,
1139 1702 1342 1774 fuisse
1382 1703 1607 1773 ferunt
1633 1707 1735 1772 (τ).
2614 1709 2621 1715 ’

825 1818 1270 1905 Quadriennio
1325 1833 1474 1911 post
1516 1821 2010 1911 decimoquinto
2052 1819 2361 1888 calendas
2409 1818 2781 1910 septembris
2817 1838 2844 1880 s

691 1934 981 2010 factiosis
1046 1936 1448 2005 Ghibellinis
1519 1940 1793 2004 excitati
1857 1936 2241 2004 Parmenses
2309 1939 2383 2004 in
2457 1935 2835 2024 Regiensium

690 2076 923 2142 agrum
966 2054 1294 2121 hostiliter
1335 2058 1752 2143 irruperunt,
1783 2065 1854 2120 et
1883 2057 2108 2122 omnia
2154 2076 2365 2144 usque
2401 2054 2493 2121 ad
2526 2048 2837 2119 cabellum

689 2167 946 2235 flumen
1001 2170 1151 2257 igne
1205 2166 1509 2258 ferroque
1552 2168 2029 2250 devastarunt3
2080 2192 2217 2259 qua
2260 2168 2520 2255 injuria
2572 2164 2838 2235 commoti

689 2284 1038 2373 Regienses
1070 2283 1516 2352 tumultuario
1543 2287 1836 2352 exercitu
1868 2284 2084 2353 hostes
2110 2284 2320 2351 ulturi
2350 2286 2612 2364 exiere3
2642 2276 2836 2372 praelio

689 2401 1069 2480 commisso,
1098 2423 1178 2465 ae
1207 2412 1581 2468 nostrorum
1625 2398 1929 2491 pluribus
1955 2403 2193 2490 captis,
2217 2399 2380 2468 alios
2396 2403 2596 2466 intra
2622 2393 2837 2464 moenia

687 2513 899 2584 redire
945 2515 1321 2605 compulsos
1365 2513 1570 2582 fuisse
1630 2518 1754 2605 ipsi
1808 2519 1879 2583 in
1945 2518 2080 2582 suis
2147 2514 2507 2583 annalibus
2564 2514 2833 2599 scriptum

686 2630 1124 2719 reliquerunt.
1170 2629 1316 2698 Sub
1362 2631 1430 2697 id
1481 2645 1743 2721 ternpus
1786 2630 2160 2721 Eugenius,
2202 2629 2720 2702 Mutinensibus,
2745 2620 2835 2708 qui

685 2770 840 2813 cum
871 2748 1152 2816 Caesare
1181 2750 1587 2828 sentiebant,
1616 2747 1973 2839 episcopali
2002 2749 2328 2838 dignitate
2359 2748 2666 2838 privatis,
2693 2737 2836 2822 adj&-

685 2867 903 2932 centia
946 2864 1099 2933 loca
1141 2866 1572 2945 Bononiensi,
1615 2864 2059 2955 Regiensique
2111 2863 2398 2954 praesuli
2448 2843 2831 2962 adjudicavit·

686 2983 908 3065 Quare
953 2996 1115 3050 tune
1142 2983 1451 3052 Castrum
1487 2982 1733 3064 Vetus,
1766 2983 2193 3063 Prinianum,
2213 2981 2591 3069 *Saxolum,
2618 2975 2834 3059 aliaque

685 3097 987 3165 Mutinae
1032 3104 1334 3188 proxima
1377 3098 1526 3166 loca
1567 3111 1789 3165 nostro
1827 3101 2110 3165 antistiti
2156 3097 2458 3184 subjecta
2502 3093 2692 3161 fuisse
2728 3099 2827 3151 tra·

684 3213 877 3280 dunt.
923 3213 1077 3280 Post
1124 3228 1413 3302 quatuor
1456 3236 1663 3279 annos
1696 3236 1903 3301 quam
1951 3211 2116 3279 haee
2161 3226 2312 3280 aeta
2355 3223 2555 3291 sunt,
2582 3212 2661 3280 ,in
2704 3198 2829 3267 urbss

684 3329 979 3396 Achilles
1023 3328 1318 3396 Taeulus
1357 3329 1707 3416 Regiensis
1753 3328 2274 3397 Archidiaeonus
2331 3330 2423 3397 D.
2469 3329 2507 3406 J
2513 3323 2694 3394 aoobi
2732 3314 2826 3380 Ze·

687 3445 920 3511 bedaei
965 3442 1300 3532 templum
1363 3466 1567 3533 prope
1627 3466 1849 3511 arcem
1918 3443 2224 3534 plurimis
2270 3445 2559 3512 ditatum
2602 3429 2830 3528 praedi&

688 3559 1079 3630 aedificavit.
1129 3562 1206 3628 Id
1226 3613 1246 3642 ,
1276 3584 1432 3629 eum
1476 3564 1544 3628 in
1592 3560 1809 3629 media
1857 3559 1993 3629 fere
2034 3562 2204 3629 ‘urbe
2248 3562 2591 3631 eonditum
2620 3553 2831 3622 fuisset,

621 3695 629 3705 ·
688 3678 770 3745 ad
837 3678 1115 3747 alterius
1182 3679 1473 3765 ejusdem
1544 3681 1827 3747 nominis
1893 3677 2033 3748 fani
2104 3692 2292 3746 extra
2362 3679 2617 3746 moenia
2670 3658 2829 3733 erecti

686 3795 1171 3877 differentiam,
1236 3798 1327 3864 D.
1372 3797 1603 3874 Jacohi
1648 3822 1689 3864 a
1731 3801 2004 3865 civitate
2073 3797 2260 3863 aedes
2327 3792 2650 3885 appellata
2703 3780 2827 3847 fuit·

685 3914 965 3982 Biennio
1015 3930 1163 4005 post
1214 3915 1577 3982 Friderieus
1621 3913 2045 3983 AEnobarbus
2088 3913 2365 3995 Caesar,
2410 3909 2587 4003 quod
2627 3901 2738 3970 sihi
2771 3894 2826 3957 in

761 4170 844 4240 (1)
875 4170 941 4222 In
974 4170 1233 4226 chronicis
1270 4172 1321 4225 S.
1354 4172 1613 4241 Prosper-i.
