2950 5017
923 440 1122 485 mmm
1166 439 1464 495 Quum-us
1982 470 1999 485 .
2036 472 2058 491 .,
2126 425 2270 511 „287

8 570 282 628 casm
343 558 713 629 faciebant.
763 559 893 627 Sed
925 559 1056 642 illi,
1087 559 1387 651 plurimis
1418 559 1648 630 morbo
1679 563 2088 650 consumptis
2114 584 2271 629 curn

8 678 266 744 etiam
310 679 711 745 Franciscus
741 679 1114 758 Atestinus,
1159 691 1226 744 et
1269 676 1551 745 Maffeus
1593 701 1632 743 a
1675 676 1884 744 Ponte
1928 679 2275 766 copiarum

8 797 452 884 imperator
493 794 956 875 decessissent,
998 797 1269 861 ineunte
1314 794 1572 863 octobri
1616 793 2016 863 obsidionem
2061 793 2279 866 solve-

8 922 245 978 runt.
319 913 670 978 Atestinus
714 922 936 976 tamen
983 910 1327 999 Gonzagos
1371 893 1628 977 vexare.
1653 934 1785 978 non
1829 911 2111 993 destitit,
2153 914 2273 1004 qui

8 1026 479 1095 Gabianum
547 1041 617 1094 et
682 1027 989 1110 Quatuor
1032 1027 1361 1108 Castella,
1406 1051 1579 1117 quae
1625 1051 1664 1093 a
1708 1027 2036 1095 Canussiis
2093 1042 2276 1096 tene-

8 1144 367 1225 bantur,
413 1145 716 1234 proximo
761 1166 983 1210 mense
1035 1142 1224 1230 junio
1291 1157 1597 1234 occupat.
1649 1145 1770 1210 His
1815 1144 2006 1211 malis
2050 1142 2277 1211 afflicti

8 1259 444 1349 Regienses
484 1272 553 1325 et
594 1258 995 1327 intolerabili
1044 1260 1474 1340 tributorum,
1518 1261 2029 1350 rapinarumque
2075 1284 2275 1327 onere

15 1378 424 1465 oppressi,
472 1373 820 1465 Gonzagos
886 1379 1089 1443 etiam
1156 1399 1312 1443 cum
1380 1399 1641 1445 summo
1689 1379 1867 1445 vitae
1909 1375 2280 1442 discrimine

23 1490 434 1581 expellere
474 1502 788 1559 tentant.·
817 1492 1142 1559 Animum
1192 1478 1523 1560 addebant
1567 1491 1861 1559 Folleani
1877 1542 1895 1570 ,
1938 1494 2056 1581 qui
2101 1489 2279 1558 clam

29 1609 342 1675 amicos
390 1605 476 1673 ad
519 1606 917 1692 ejiciendum
964 1619 1330 1696 tyrannum
1359 1605 1818 1697 frequentibus
1853 1605 2087 1685 literis,
2113 1629 2282 1673 nun-

39 1725 349 1812 ciisque
395 1721 867 1791 sollicitabant.
914 1722 1208 1788 Demum
1238 1725 1307 1789 in
1342 1745 1496 1788 eum
1530 1721 1782 1812 duplici
1829 1721 2283 1808 conjuratione

37 1843 445 1929 separatim
492 1852 591 1905 est
632 1842 1105 1929 conspiratum.
1151 1840 1275 1907 Per
1317 1839 1706 1907 cuniculum
1754 1842 1968 1920 enim,
1998 1842 2117 1929 qui
2146 1837 2283 1907 alte

48 1953 372 2025 effossus
419 1968 751 2022 armatum
796 1956 1135 2024 hominem
1180 1956 1518 2046 capiebat,
1561 1970 1631 2023 et
1673 1957 1802 2025 sub
1843 1956 2153 2038 domibus
2198 1955 2283 2022 ad

49 2069 367 2138 Portam
411 2070 771 2140 Brenuonis
815 2072 1157 2162 pergebat,
1200 2071 1501 2140 Folleani
1544 2072 1779 2139 urbem
1824 2071 2132 2138 invadere
2176 2094 2287 2139 co-

58 2188 425 2277 gitabant.
470 2188 581 2254 Ab
626 2188 757 2254 alia
799 2202 986 2279 parte
1032 2189 1334 2270 Roberti,
1380 2203 1450 2256 et
1498 2187 1852 2269 Manfredi,
1882 2189 2285 2278 quibuscum

69 2307 450 2372 universus
494 2302 629 2370 fere
673 2303 961 2394 populus
988 2318 1427 2386 consenserat,
1454 2307 1853 2372 connivente
1884 2304 2067 2372 urbis
2094 2305 2289 2370 Prae-

65 2414 307 2500 fecto,
356 2420 807 2508 praesidiarios
873 2420 1120 2488 milites
1188 2418 1550 2510 expellere,
1596 2420 2024 2510 Feltrinoque
2091 2422 2290 2487 truci-

69 2534 277 2615 dato,
322 2533 701 2601 libertatem
749 2537 1030 2623 recipere
1075 2536 1414 2603 volebant.
1460 2535 1788 2626 Tempus,
1832 2559 1968 2626 quo
2016 2539 2084 2601 in
2130 2536 2290 2602 Fra-

73 2662 276 2716 trum
316 2649 650 2716 Minorum
699 2650 1003 2718 viridario
1046 2673 1117 2718 se
1161 2650 1496 2718 oblectare
1542 2663 1992 2732 consueverat,
2043 2649 2127 2716 ad
2172 2673 2289 2739 pa-

81 2764 416 2831 trandum
458 2762 715 2832 facinus
759 2765 1076 2832 idoneum
1122 2763 1459 2833 delectum
1510 2763 1667 2833 fuit.
1721 2763 1855 2832 Sed
1900 2788 1969 2831 re
2015 2788 2054 2830 a
2097 2764 2289 2831 Prae-

81 2877 284 2947 fecto
349 2879 712 2970 patefacta,
757 2881 920 2949 dum
971 2884 1213 2950 conscii
1277 2883 1347 2949 in
1414 2882 1731 2952 omnibus
1774 2881 2044 2948 latebris
2086 2904 2290 2971 quae-

83 3008 367 3075 runtur,
398 2996 532 3063 alia
560 3020 828 3088 quoque
859 2997 1122 3064 detecta
1165 3008 1261 3063 est
1306 2997 1701 3083 conjuratio.
1749 2999 1986 3088 Itaque
2016 2998 2292 3065 Roberti

87 3125 170 3178 et
218 3111 547 3180 Maufredi
589 3115 1061 3200 conjurationis
1105 3116 1434 3204 principes
1480 3117 1691 3204 capti,
1722 3137 1799 3180 ac
1831 3116 2010 3180 cives
2054 3137 2292 3204 quam-

88 3228 376 3319 plurimi
407 3231 602 3297 variis
627 3231 1029 3298 cruciatibus
1073 3229 1293 3298 affecti
1338 3228 1543 3298 fuere.
1591 3229 1744 3298 Non
1790 3233 1984 3319 pauci
2033 3233 2101 3295 in
2149 3253 2292 3296 ear-

91 3344 371 3411 ceribus
417 3346 668 3426 necati,
710 3344 857 3413 aliis
902 3369 1078 3414 novo
1146 3346 1457 3435 supplicii
1525 3368 1756 3435 genere
1825 3342 2082 3411 facibus
2147 3367 2294 3411 suc-

92 3460 311 3529 censis
340 3475 574 3530 venter
603 3476 703 3529 est
735 3463 1123 3531 ambustus:
1158 3464 1431 3554 quidam
1465 3466 1535 3530 in
1569 3464 1911 3532 tormentis
1943 3464 2292 3553 expirasse,

93 3588 172 3643 et
215 3575 457 3666 aliqui,
500 3599 657 3644 cum
688 3577 778 3646 ob
806 3576 1004 3645 duras
1050 3581 1467 3668 quaestiones
1516 3577 1694 3645 ultra
1737 3577 2021 3644 biduum
2068 3600 2295 3666 super·

97 3694 328 3760 vivere
371 3717 503 3761 nou
547 3704 848 3783 possent,
891 3697 1249 3763 semineces
1292 3694 1513 3776 mille,
1559 3705 1628 3761 et
1669 3696 2049 3785 quingentis
2106 3691 2293 3760 libris

99 3805 546 3897 Regiensibus
586 3811 800 3876 vitam
846 3809 1158 3877 redimere
1187 3811 1441 3891 coacti,
1472 3809 1592 3875 ubi
1622 3809 1896 3877 domum
1940 3830 2297 3898 pervenere

103 3923 372 4011 periisse
414 3919 742 3992 feruntur.
788 3924 1116 3995 Nonnulli
1161 3948 1316 3995 vero
1365 3926 1589 3993 animo
1652 3926 1749 3991 ita
1801 3924 2135 3994 obstinato
2178 3923 2298 3993 ob-

117 4036 566 4121 duraverunt,
609 4054 691 4108 ut
747 4065 902 4109 cum
968 4044 1250 4133 pecunia
1314 4065 1383 4110 se
1446 4041 1726 4110 liberare
1769 4052 2066 4132 possent,
2107 4039 2298 4109 nulla

112 4153 349 4226 salutis
391 4158 648 4229 ratione
690 4156 927 4227 habita
940 4209 963 4244 ,
1005 4181 1213 4251 quam
1262 4157 1542 4231 obolum
1588 4157 1836 4231 solvere
1877 4156 2121 4250 laqueo
2161 4178 2300 4226 sus·
