2950 5017
894 431 1094 479 mm
1137 433 1414 481 manus
1504 439 1505 442 ¹
2117 420 2239 491 165
2256 347 2272 363 ·

77 550 396 645 agei-ibus
465 551 646 618 intra
710 553 1029 619 extructis
1101 553 1332 620 ruinas
1363 621 1369 626 ,
1405 550 1773 642 periculum
1846 555 2239 628 emendant.
2332 566 2337 572 ’

75 669 348 736 Danum
395 667 517 735 ‘ex
582 664 736 734 altis
779 666 1072 734 turribus
1137 690 1198 735 aa
1234 667 1484 744 Iacobo
1547 669 1870 739 Pennatio
1935 671 2245 744 Praetore

71 783 416 851 aedificatis
461 781 715 849 milites
759 779 983 848 fundis
1001 831 1022 862 ,
1065 795 1134 847 et
1176 784 1624 872 scorpionibus
1666 800 2161 876 propugnantes
2196 813 2245 858 a

69 901 267 989 pinnis
307 897 723 984 dejecerunt.
768 896 1117 986 Regienses
1157 898 1573 987 ingrediendi
1602 897 1997 969 facultatem
2028 907 2249 987 nacti,

71 1017 300 1082 strenui
340 1014 538 1081 ducis
579 1012 924 1094 industria,
968 1012 1320 1081 castellum
1362 1025 1703 1104 ceperunt,
1748 1038 1830 1081 ac
1871 1018 2239 1090 diruerunt.

77 1131 565 1221 Quinquaginta
597 1133 692 1198 'ex
734 1130 1048 1198 Friniano
1090 1140 1441 1198 montanos
1500 1128 1600 1195 ihi
1657 1131 1961 1200 inventos
2002 1132 2247 1225 laqueo

77 1258 410 1328 necarunt;
459 1245 783 1315 Gibertus
828 1244 1224 1325 Laudensis,
1269 1246 1392 1334 qui
1434 1255 1649 1332 castro
1708 1257 2004 1335 praeerat
2023 1298 2043 1330 ,
2087 1272 2247 1318 cum

80 1374 297 1451 nepote
339 1362 428 1429 ad
473 1359 761 1428 caudam
793 1362 953 1449 equi
981 1383 1100 1449 per
1132 1358 1369 1427 urbem
1398 1357 1664 1440 ductus,
1693 1358 2061 1431 decollatus
2091 1361 2246 1432 fuit.

81 1476 221 1546 Non
258 1476 498 1546 multo·
525 1488 678 1566 post
729 1478 1041 1565 iniquum
1085 1474 1230 1561 jus,
1272 1498 1408 1565 quo
1459 1474 1747 1556 nobiles,
1790 1480 1912 1566 qui
1955 1477 2247 1568 plebeios

85 1592 483 1671 occidissent,
529 1594 849 1681 septenis,
892 1588 1006 1659 vel
1048 1592 1424 1679 quingentis
1478 1590 1693 1671 libris,
1759 1601 1831 1658 et
1886 1582 2248 1664 ‘duodecim

91 1705 338 1774 denariis
383 1706 656 1786 solutis,
703 1703 1278 1785 absolvebantur„
1320 1705 1623 1772 omnium
1687 1727 2010 1774 consensu
2070 1706 2245 1776 Sini—
2344 1747 2349 1754 ·

95 1820 260 1887 baldi
317 1821 725 1892 Pistoriensis
789 1820 1113 1890 Praetoris
1190 1821 1587 1888 auctoritate
1653 1831 1754 1888 est
1822 1833 2211 1890 revocatum
2229 1873 2245 1891 .

97 1937 285 2005 Auxit
339 1937 761 2007 concordiam
825 1937 1007 2027 quod
1070 1959 1241 2004 anuo
1283 1956 1593 2002 Mccnvnr
1649 1958 1892 2036 magna
1945 1960 2245 2010 annonae

95 2056 333 2141 penuria
372 2055 914 2145 superveniente,
963 2073 1284 2142 pauperes
1340 2052 1639 2142 quinque
1694 2054 1938 2120 assium
1991 2032 2247 2142 praetio

99 2164 466 2238 frumentum
518 2195 606 2237 ex
648 2169 937 2236 divitum
980 2167 1312 2247 domibus,
1339 2166 1530 2252 jussu
1559 2166 1972 2257 Loderenghi
2003 2169 2253 2267 Andali.

101 2283 482 2356 Bononiensis
525 2287 852 2355 Praetoris
897 2288 967 2354 vi
997 2296 1388 2352 extractum
1404 2334 1424 2366 ,
1461 2285 1721 2373 insigni.
1762 2287 2014 2353 civium
2081 2286 2251 2354 libe-

101 2399 323 2470 ralitate
360 2414 698 2471 emerunt«
737 2402 1130 2491 Peregrinus.
1167 2425 1208 2468 a
1248 2401 1467 2469 Baisio
1511 2423 1676 2470 mox
1718 2399 2088 2470 Ubertinus
2115 2401 2250 2474 Ro-

105 2514 294 2584 hama
329 2524 397 2588 in
439 2522 842 2611 magistratu
884 2520 1215 2587 successit.

213 2630 368 2702 cam
413 2636 563 2722 jam
610 2658 833 2702 secura
899 2657 1064 2724 pace
1130 2634 1364 2726 populi
1431 2657 1600 2725 pene
1660 2657 1890 2712 ornnes
1937 2636 2006 2700 in
2051 2633 2248 2704 ltalia

109 2746 411 2832 gauderent
427 2801 447 2833 ,
497 2750 798 2822 inaudita
843 2749 1238 2839 populorum
1299 2751 1736 2839 peregrinatio
1779 2747 1947 2829 fuit,
1989 2770 2163 2837 quae
2204 2772 2247 2817 a

110 2856 382 2932 Perusinis
420 2867 744 2955 incipiens
788 2889 921 2933 non
964 2863 1184 2933 solum
1228 2864 1458 2943 Italos,
1494 2885 1725 2931 verum
1756 2864 1957 2928 etiam
1986 2875 2247 2932 exteros

113 2978 348 3059 gravi‘ter
381 2982 766 3050 commovit.
812 2980 1131 3046 Permixti
1175 2977 1518 3045 nobilibus
1585 2974 1804 3065 plebei
1869 2973 2079 3066 longo
2135 2998 2251 3066 ag-

113 3090 267 3157 mine
300 3115 549 3164 crueem
593 3083 842 3175 secuti,
885 3107 954 3161 et
998 3092 1213 3183 plagis
1274 3092 1405 3160 sihi
1467 3089 1671 3158 illatis
1730 3090 2246 3159 misericordiam
2380 3095 2385 3100 ’

109 3223 420 3299 psoemque
466 3210 1043 3301 implorabant‚et
1075 3209 1160 3278 ad
1188 3211 1443 3278 vicinas
1489 3195 1683 3275 urbes
1727 3206 1919 3276 velut
1961 3230 2068 3276 eas
2111 3206 2242 3278 hoc

110 3324 363 3413 exemplo
393 3328 478 3395 ad
509 3329 986 3417 poenitentiam
1033 3327 1383 3394 invitaturi
1413 3324 1911 3404 commeabant;
1942 3324 2059 3390 uhi
2093 3328 2243 3414 quis

111 3434 328 3508 inimico
370 3446 793 3523 occurrisset,
823 3444 1003 3511 omni
1036 3442 1187 3510 odio
1219 3441 1541 3530 deposito,
1585 3462 1743 3506 eum
1788 3438 2247 3522 osculabatur,

113 3570 172 3614 ια
206 3557 489 3641 convivio
541 3558 912 3649 exeipiebat
928 3606 946 3624 .
989 3558 1027 3633 J
1031 3580 1142 3624 am
1192 3557 1528 3624 Mutinam
1579 3567 2042 3644 pervenerant,
2083 3578 2241 3621 cum

114 3670 286 3735 omni·
315 3672 558 3742 ordini·
595 3676 861 3755 rustici,
914 3695 994 3739 ac
1039 3675 1211 3740 cives
1255 3672 1692 3751 mutinenses,
1736 3683 1806 3736 et
1848 3672 1972 3760 ipsi
2017 3672 2244 3737 erectis

113 3780 324 3852 'uillis
363 3809 432 3854 se
476 3787 816 3856 verberare
858 3797 1243 3877 coeperunt,
1287 3796 1356 3853 et
1397 3808 1556 3852 cum
1600 3787 1937 3865 antistite,
1981 3795 2048 3851 et
2091 3782 2242 3874 plu-

115 3890 256 3962 fibm
291 3905 448 3969 sacri
492 3903 735 3972 ordinis
782 3905 934 3971 viris
978 3904 1262 3992 Regium
1308 3910 1663 3970 venerunt.
1708 3898 2026 3968 Postridie
2083 3920 2241 3966 cum

115 4000 366 4082 hunam
424 4029 723 4108 peterent
764 4019 1116 4108 Regienses
1184 4019 1475 4108 priorum
1541 4015 1930 4106 exemplum
1996 4015 2241 4081 imitati

118 4116 170 4186 ³1¹
202 4130 484 4202 omnibus
541 4135 768 4217 curiis,
812 4156 980 4226 quas
1034 4131 1377 4225 parochias
1445 4141 1722 4213 vocant,
1766 4129 2025 4200 vexillis
2088 4149 2239 4202 con·
