2950 5017
654 420 746 507 94
1394 432 1635 478 nanum
1676 432 2097 480 nxcrmsnm

651 580 879 649 regern
909 555 1221 623 Ticinum
1266 556 1592 622 miserunt
1607 605 1628 635 ,
1676 569 1759 622 ut
1797 579 2174 646 oppressam
2215 557 2567 627 civitatem
2611 560 2888 628 libera-

651 686 776 742 ret.
823 670 979 740 Non
1026 670 1372 760 publicam
1416 682 1684 737 tantum
1702 719 1722 751 ,
1766 670 1879 738 sed
1924 684 1993 738 et
2036 674 2366 762 privatam
2409 669 2694 742 causar‘n
2750 675 2880 754 Ni,-

652 787 881 859 colaus
925 786 1188 877 agebat,
1219 788 1340 874 qui
1383 788 1588 853 etiam
1619 785 1862 854 vallem
1893 785 2125 855 Sancti
2154 787 2507 878 Pellegrini
2537 802 2610 857 et
2635 805 2886 857 castra

654 904 850 972 Sessii
895 915 965 970 et
993 900 1199 982 Rolli,
1229 901 1464 970 ditioni
1511 924 1671 968 suae
1712 904 2082 992 supposita,
2122 904 2213 972 ab
2255 904 2485 972 iisdem
2526 906 2882 974 oneribus

651 1019 917 1087 liberari
960 1018 1298 1107 cupiebat.
1343 1015 1584 1107 Itaque
1625 1016 1973 1106 diligenter
2017 1021 2286 1109 negotio
2334 1032 2617 1091 tractato
2674 1020 2884 1089 mili-

653 1136 840 1203 tibus
884 1138 1292 1223 imperatum
1336 1145 1474 1215 est,
1517 1145 1599 1200 ut
1664 1137 1838 1202 intra
1902 1136 2247 1204 octiduum
2314 1160 2357 1204 a
2420 1137 2879 1227 Regiensium

650 1251 895 1320 finibus
938 1250 1368 1318 discederent.
1436 1250 1515 1318 Id
1574 1249 1710 1318 fuit
1770 1276 1944 1321 anno
2009 1274 2231 1320 nooxr.
2296 1277 2469 1322 nono
2521 1254 2877 1321 kalendas

653 1368 943 1450 octobris
1006 1379 1085 1433 ut
1148 1367 1671 1433 vetustissimum
1717 1367 1934 1435 adhuc
1976 1367 2325 1435 Vicentiae
2367 1373 2438 1435 in
2481 1368 2874 1438 Sessiorum

652 1484 930 1551 aedibus
974 1495 1433 1550 conservatum
1477 1496 1989 1551 monumentum
2032 1482 2232 1550 fidem
2278 1482 2465 1551 facit.

785 1598 1105 1668 Nondum
1173 1610 1400 1665 tamen
1465 1602 1730 1688 penitus
1781 1599 1975 1686 ejecti
2034 1599 2306 1667 exarchi
2371 1599 2712 1669 modicam
2794 1602 2866 1666 in

650 1714 852 1783 Italia
912 1716 1236 1783 ditionem
1292 1726 1681 1797 tenuerunt,
1726 1716 1932 1785 donec
1973 1715 2297 1783 Ravenna
2358 1740 2400 1783 a
2442 1715 2682 1807 Pipino
2759 1741 2867 1782 ec-

651 1831 887 1899 clesiae
939 1855 1244 1901 concessa
1296 1844 1447 1922 post
1502 1855 1752 1899 annum
1798 1854 2022 1899 cmxxv
2064 1855 2272 1922 quam
2317 1856 2570 1922 praesse
2612 1856 2866 1921 coepe-

650 1958 826 2026 rant,
870 1947 1143 2014 tandem
1187 1951 1258 2014 in
1303 1947 1569 2014 Italiam
1616 1949 1797 2014 mitti
1843 1947 2112 2014 desiere.
2159 1947 2338 2015 Cum
2382 1951 2559 2014 enim
2592 1947 2862 2015 Aistul-

655 2061 830 2152 phus
875 2062 1464 2150 Longobardorum
1496 2087 1614 2129 rex
1641 2075 1894 2153 praeter
1922 2067 2233 2154 iniquum
2266 2064 2593 2131 tributum
2613 2115 2632 2145 ,
2661 2063 2858 2154 quod

648 2183 1124 2268 imperaverat,
1172 2179 1394 2269 plures
1446 2184 1648 2248 etiam
1693 2182 2149 2251 Romanorum
2203 2205 2403 2272 pagos
2466 2194 2536 2248 et
2602 2183 2858 2273 oppida

650 2310 773 2365 aut
817 2300 1127 2386 cepisset,
1180 2309 1299 2363 aut
1349 2300 1630 2386 graviter
1675 2302 2079 2381 vexavisset‚
2125 2298 2503 2390 Stephanus
2545 2301 2645 2381 II,
2694 2299 2849 2379 vel,

649 2425 731 2479 ut
775 2412 919 2479 aliis
951 2412 1198 2504 placet,
1229 2412 1582 2503 Gregorius
1611 2415 1748 2497 ΙΙΙ,
1793 2429 1874 2482 ut
1915 2416 2005 2483 ab
2050 2416 2176 2483 hac
2220 2416 2460 2502 injuria
2508 2417 2850 2506 populum

648 2543 977 2611 tueretur,
1020 2534 1090 2597 in
1136 2529 1428 2598 Galliam
1476 2555 1592 2621 per
1636 2533 1883 2602 medios
1925 2534 2148 2602 hostes
2194 2535 2279 2619 ad
2322 2535 2633 2623 Pipinum
2681 2558 2851 2601 con-

648 2646 851 2736 fugit.
896 2648 1000 2715 Ibi
1045 2648 1128 2715 de
1171 2652 1386 2739 iniqui
1432 2650 1719 2717 hominis
1762 2651 2110 2740 tyrannide
2141 2664 2540 2741 conquestus
2579 2656 2850 2741 aequis-

649 2767 800 2832 simi
846 2768 1156 2855 principis
1201 2764 1402 2833 fidem
1445 2767 1781 2856 implorat,
1828 2779 1910 2833 ut
1954 2765 2211 2838 afflictis
2254 2767 2487 2835 Italiae
2532 2769 2847 2858 gentibus

648 2904 844 2971 opem
896 2879 1087 2963 ferat.
1143 2883 1265 2951 Ille
1331 2884 1524 2970 justis
1566 2883 1903 2953 Pontificis
1969 2885 2273 2976 precihus
2342 2897 2564 2953 motus
2587 2935 2608 2965 ,
2673 2906 2839 2951 cum

650 2998 875 3067 valido
926 3005 1218 3067 exercitu
1266 3005 1588 3091 superatis
1632 3001 1893 3092 alpibus
1935 3006 2004 3070 in
2055 3001 2320 3070 Italiam
2353 3005 2559 3082 venit,
2589 3001 2846 3069 Aistul-

650 3117 995 3207 phumque
1038 3118 1280 3206 Papiae
1325 3118 1661 3184 obsessum
1708 3142 2042 3186 armorum
2090 3121 2157 3185 vi
2200 3117 2549 3207 compulit,
2593 3129 2676 3184 ut
2722 3117 2843 3185 ab·

651 3234 791 3300 lata
856 3233 1173 3301 Romanis
1239 3236 1644 3300 restitueret:
1706 3234 1937 3299 iisdem
1993 3233 2349 3302 Ravennae
2403 3234 2840 3301 exarchatum

649 3351 996 3427 concessit,
1042 3360 1108 3414 et
1152 3348 1476 3437 quidquid
1522 3351 1695 3414 inter
1737 3345 2001 3424 Padum
2033 3360 2104 3415 et
2132 3352 2557 3440 Apenninum
2601 3375 2645 3417 a
2689 3351 2844 3418 Pla-

651 3465 936 3532 centinis
1004 3486 1213 3552 usque
1281 3463 1362 3529 ad
1413 3462 1827 3530 Venetorum
1891 3475 2124 3554 stagna
2188 3466 2569 3552 interjacet,
2636 3481 2845 3556 atque

650 3581 913 3660 omnia,
957 3602 1131 3668 quae
1184 3581 1356 3646 inter
1398 3579 1702 3647 Isauram
1746 3578 2036 3662 flumen,
2080 3593 2150 3648 et
2193 3581 2609 3648 Adriaticum
2657 3606 2841 3648 mare

651 3700 1117 3778 continentur,
1145 3708 1468 3787 anteaque
1498 3699 1739 3765 virium
1769 3698 2165 3765 exarchatus
2195 3697 2497 3779 fuerant,
2527 3701 2642 3790 pia
2673 3699 2846 3765 lihe-

651 3814 920 3881 ralitate
949 3813 1252 3883 Romano
1284 3811 1588 3882 Pontifici
1618 3814 1892 3884 donavit
1918 3815 2023 3882 (¹).
2052 3814 2297 3884 Nostra
2326 3819 2557 3906 itaque
2584 3818 2840 3897 civitas,

651 3953 825 4021 quae
845 3931 962 4012 diu
984 3930 1431 4021 Longobardis
1451 3944 1783 4021 paruerat,
1807 3944 1967 3999 tunc
1988 3933 2304 4022 primum,
2329 3945 2408 4000 ut
2428 3931 2838 4024 quibusdam

606 4223 611 4228 Ι
731 4165 814 4232 (ι)
850 4165 976 4217 Plat.
1009 4166 1067 4216 in
1104 4164 1257 4232 steph
1307 4165 1360 4214 Π
1393 4173 1443 4216 et
1477 4164 1676 4228 Blond„
1698 4166 1779 4215 ub.
1814 4183 1921 4234 sup.
