2950 5017
619 396 757 478 410
1381 409 1622 456 annum
1664 409 2087 456 amorensium

620 527 1039 622 peninsulam
1085 530 1252 596 citra
1297 531 1689 618 sanguinem
1731 532 2111 619 occupavit.
2160 527 2271 596 Ob
2315 528 2385 595 id
2430 529 2728 598 bellum
2763 554 2872 620 ge-

625 645 910 714 rendum
966 644 1153 716 mille
1216 667 1566 714 aureorum
1630 645 1965 718 tributum
2020 646 2499 735 Regiensibus,
2564 646 2869 737 aliisque

623 763 944 851 subjectis
989 760 1255 852 populis
1308 764 1788 852 imperaverat3
1833 762 1944 829 sed
1991 786 2151 828 eum
2197 762 2530 843 Venetos,
2589 778 2863 854 recepto

622 879 932 961 Patavio‚
990 881 1226 969 viginti
1282 882 1656 946 triremium
1713 892 2034 969 apparatu
2083 894 2316 947 eontra
2369 904 2439 959 se
2495 883 2857 948 venientes

624 981 920 1078 timeret,
949 1000 1307 1088 praecepit,
1349 1010 1429 1064 ut
1463 1009 1708 1064 exacta
1755 1000 2035 1087 pecunia
2066 998 2327 1065 civibus
2357 1003 2851 1066 restitueretur.

620 1114 937 1182 Ceterum
971 1114 1176 1182 classe
1207 1113 1622 1182 Venetorum
1658 1109 1913 1204 'partim
1962 1129 2194 1204 capta,
2239 1119 2490 1204 partim
2521 1117 2849 1196 demersa,

623 1231 740 1297 ubi
784 1230 1298 1321 supplicationes
1343 1233 1411 1300 in
1461 1230 1628 1298 urbe
1676 1230 1951 1320 publice
1999 1246 2305 1322 peractae
2353 1230 2695 1313 fuerunt,
2751 1257 2851 1299 an-

627 1358 741 1415 tea
784 1348 1113 1415 indictum
1164 1348 1499 1415 tributum
1556 1371 1800 1436 magno
1853 1352 2109 1422 civium
2168 1340 2616 1418 incommodo
2672 1374 2851 1416 exae-

622 1476 771 1532 tum
818 1462 977 1533 fuit.
1894 1537 1903 1546 ,

752 1581 1014 1656 Interea
1059 1581 1485 1649 crudescente
1553 1586 1811 1649 civium
1881 1581 2033 1650 odio
2068 1582 2228 1649 ·sub
2294 1585 2656 1672 sequentis
2707 1586 2849 1678 anni

617 1700 891 1778 initi—um
936 1700 1328 1767 Franciseus
1371 1699 1685 1790 Rubinus
1731 1698 1959 1767 Caroli
2020 1697 2201 1768 filius
2246 1723 2421 1767 unus
2471 1724 2569 1770 ex
2619 1700 2850 1769 Bebio·

618 1840 770 1886 rum
816 1820 1045 1898 sociis,
1099 1840 1256 1888 eum
1316 1816 1540 1885 multo
1601 1839 1796 1884 mane
1858 1841 1900 1884 a
1950 1819 2158 1884 sacris
2219 1841 2307 1883 ex
2347 1817 2497 1885 divi
2544 1819 2842 1908 Prosperi

618 1933 779 1999 aede
847 1933 1121 2014 rediret,
1177 1958 1220 1999 a
1263 1931 1746 2023 Christophoro
1806 1945 1875 1999 et
1927 1933 1965 2009 J
1973 1931 2233 2000 ubilaeo
2293 1933 2375 1999 de
2431 1936 2591 2000 ima
2666 1934 2846 2026 plebe

620 2048 1006 2116 hominibus
1053 2053 1292 2116 misere
1340 2053 1592 2118 occisus
1636 2048 1795 2117 fuit.
1842 2050 2096 2117 Ferunt
2127 2051 2483 2140 parricidas
2517 2052 2853 2136 Annibali

619 2164 1021 2255 Malegutio,
1076 2178 1145 2232 et
1203 2166 1488 2233 Alberto
1550 2167 1936 2235 Pratonerio
2005 2170 2161 2235 viris
2231 2191 2476 2257 magna
2545 2171 2844 2236 amicitia

617 2283 993 2370 conjunctis
1036 2282 1407 2364 insidiatos,
1451 2284 1567 2350 sed
1634 2289 1791 2386 ipsis
1862 2310 1993 2353 non
2063 2286 2470 2352 exeuntibus
2524 2309 2658 2374 pro
2710 2285 2841 2352 illis

619 2398 847 2466 alium·
878 2400 1250 2468 sustulisse.
1297 2400 1442 2467 Nee
1492 2401 1711 2469 multo
1765 2417 1915 2492 post
1959 2401 2143 2468 aliud
2191 2413 2537 2491 patratum
2587 2400 2837 2469 facinus

620 2516 890 2602 majoris
938 2515 1239 2592 incendii
1295 2516 1602 2585 flammas
1655 2521 1996 2585 excitavit.
2045 2518 2296 2609 Paulus
2337 2521 2522 2586 enim
2571 2532 2650 2586 et
2694 2520 2837 2586 Hie·

618 2657 939 2724 ronymus
998 2634 1227 2716 Bebii‚
1284 2639 1404 2726 qui
1472 2628 1785 2726 principis
1853 2635 2212 2704 clementia
2273 2659 2488 2726 nuper
2547 2637 2830 2726 Regium

618 2756 858 2821 reversi
902 2750 1196 2834 fuerant,
1241 2753 1621 2820 Barnabam
1653 2753 2051 2844 Caprariam
2097 2777 2138 2819 a
2183 2753 2469 2822 Nicolao
2503 2753 2835 2821 Calcaneo

617 2893 821 2961 prope
865 2871 1194 2939 telonium
1244 2874 1530 2961 petitum
1577 2869 1782 2940 fuisse
1826 2872 1956 2938 sub
2002 2895 2346 2961 vesperamv
2368 2868 2557 2940 falso
2606 2872 2828 2948 audie·

616 3000 801 3068 rant,
847 3000 918 3054 et
958 3012 1116 3054 oum
1174 2991 1349 3056 socio
1405 2991 1747 3079 suppetias
1791 2987 1997 3084 laturi
2041 2965 2393 3068 exiissent,
2439 3011 2524 3055 ae
2569 2990 2826 3056 nemine

618 3106 900 3173 invento
959 3106 1238 3174 domum
1308 3107 1631 3188 redirent,
1680 3108 1752 3173 in
1806 3106 2083 3174 taberna
2149 3129 2565 3195 pannorum,
2633 3129 2824 3196 quam

619 3244 838 3311 prope.
866 3219 1090 3289 forum
1136 3222 1433 3288 babebat
1485 3222 1660 3291 forte
1705 3226 2060 3307 inventum
2107 3222 2559 3313 Deliphaeum
2606 3222 2824 3309 Seajo·

618 3336 766 3402 lum
813 3338 1047 3404 multis
1095 3338 1513 3419 vulneribus,
1559 3364 1646 3406 ex
1689 3340 1939 3430 quibus
1994 3337 2165 3408 infra
2222 3363 2472 3432 paucos
2530 3339 2677 3408 dies
2720 3340 2827 3406 de-

619 3456 845 3533 cessit,
889 3453 1226 3521 lethaliter
1274 3455 1649 3525 vulnerant.
1697 3459 1791 3524 At
1834 3458 2057 3536 Julius
2086 3456 2426 3526 ⁴Pontifex
2478 3481 2646 3524 oum
2698 3458 2824 3545 jam

619 3571 990 3642 Bononiam
1036 3593 1194 3640 suae
1239 3573 1511 3644 ditionis
1567 3575 1869 3658 fecisset,
1913 3576 2231 3644 ecelesiae
2282 3580 2645 3667 imperium
2698 3600 2826 3667 pro-

619 3688 788 3757 ferre
832 3694 1129 3781 cupiens,
1161 3694 1453 3781 paternis
1485 3694 1875 3760 civitatibus
1904 3693 2329 3783 Alphonsum
2369 3696 2638 3784 privare
2681 3717 2824 3761 con·

617 3809 865 3875 stituit.
912 3807 1188 3875 Venetis
1234 3811 1462 3900 itaque
1508 3811 1800 3878 Atestini
1845 3814 2134 3879 nominis
2182 3811 2496 3879 'hostibus
2520 3808 2823 3878 'infensis-

618 3927 803 3991 simis
864 3928 946 3991 in-
997 3928 1224 4015 primis
1268 3928 1667 3995 conciliatus
1721 3953 1761 3995 a
1817 3928 2251 4019 Regiensibus
2310 3930 2553 3996 urbem
2606 3931 2818 4017 petiit,

620 4045 741 4133 qui
785 4039 942 4110 cum
987 4065 1179 4111 suam
1224 4042 1425 4111 fidem
1466 4044 1870 4132 jamdudum
1915 4070 1984 4113 se
2028 4048 2352 4113 Atestinis
2399 4046 2814 4115 obstrinxisse

620 4160 1102 4251 respondissent
1119 4212 1140 4246 ‚
1185 4164 1425 4255 quinto
1476 4162 1788 4232 calendas
1843 4163 2235 4254 septembris
2279 4163 2440 4233 diris
2494 4164 2806 4251 subjecti,
