2950 5017
649 423 784 507 514
1397 439 1639 568 aava
1683 440 2107 488 atomorum

645 573 801 631 tum
865 557 1379 643 comitantibus,
1446 558 1787 650 profectus
1852 562 1923 627 in
1991 555 2248 628 AEneae
2311 556 2654 627 cubiculo
2721 581 2861 628 cum

645 679 841 749 sociis
880 679 1169 769 capitur,
1210 700 1295 745 ac
1338 678 1600 748 circiter
1640 677 1879 748 horam
1923 679 2136 746 noctis
2191 678 2465 744 tertiam
2526 678 2607 743 in
2667 699 2864 744 arcem

645 794 970 866 obvoluto
1032 796 1251 885 capite
1312 794 1672 876 deductus,
1736 793 2053 885 postridie
2120 796 2477 862 tormentis
2527 793 2863 881 subjectus

644 909 811 996 fuit,
856 912 977 980 ubi
1021 910 1347 980 scelerum
1390 934 1567 1003 quae
1609 923 1993 1003 patraverat
2038 910 2265 979 nullus
2308 908 2470 978 finis
2541 914 2855 1002 apparuit.

643 1028 975 1122 Sequenti
1017 1031 1278 1099 saturni
1318 1029 1431 1097 die
1475 1029 1611 1098 snb
1653 1029 1893 1099 horam
1940 1032 2157 1099 noctis
2198 1029 2585 1097 secundam
2638 1028 2861 1115 iniecto

642 1146 823 1218 collo
863 1144 1066 1229 fune,
1109 1158 1181 1214 et
1225 1169 1344 1238 per
1387 1143 1722 1216 foramina
1766 1146 2047 1215 tabulae
2090 1147 2422 1228 immisso,
2469 1168 2661 1214 novo
2705 1147 2860 1213 necis

642 1286 881 1355 genere
909 1275 1013 1333 est
1038 1262 1519 1355 strangulatus.
1558 1262 1753 1347 Quod
1801 1260 2141 1331 latronum
2187 1263 2656 1354 nequissimus
2699 1262 2862 1331 omni

639 1380 972 1472 supplicio
1013 1380 1253 1472 dignus
1296 1379 1700 1460 crederetur,
1732 1380 1854 1448 diu
1899 1381 1973 1448 in
2018 1381 2251 1448 mortis
2279 1382 2612 1462 cruciatu
2655 1378 2862 1446 deten-

642 1510 797 1566 tum
827 1521 967 1567 esse
994 1481 1299 1568 dieitur}
1324 1520 1530 1588 prope
1575 1498 1757 1565 enim
1802 1508 2085 1565 necatus
2126 1498 2402 1565 remisso
2448 1495 2713 1586 laqueo
2750 1498 2862 1586 spi—

638 1620 851 1686 ritum
912 1619 1207 1709 recipere
1269 1614 1820 1709 permittebatur,
1869 1628 2019 1683 tum
2063 1638 2292 1683 rursus
2333 1617 2760 1684 constrictus
2791 1613 2861 1680 sd

640 1755 877 1802 necem
922 1732 1417 1815 deducebatur,
1472 1731 1691 1801 donec
1752 1734 2022 1823 saepius
2088 1733 2157 1800 in
2226 1733 2478 1800 mortis¹
2545 1731 2859 1820 angustias

639 1848 978 1919 deductus
1038 1848 1337 1918 animam
1399 1846 1672 1916 tandem
1735 1850 2092 1938 expiravit.
2136 1846 2361 1915 Ceteri
2409 1871 2518 1914 ex·
2559 1847 2859 1918 Praetorii

641 1964 945 2034 fenestris
987 1966 1233 2058 laqueo
1280 1964 1510 2057 palam
1553 1976 1713 2033 sunt
1749 1968 2067 2055 suspensi.
2100 1965 2574 2056 Bontempum
2611 1987 2856 2055 quoque

639 2081 1045 2150 Baisieusem
1063 2133 1086 2165 ,
1150 2082 1580 2172 Peregrinum
1625 2080 2001 2164 Cruceum,
2053 2093 2129 2149 et
2179 2080 2593 2172 Philippum
2650 2078 2860 2148 Panlo-

640 2222 809 2267 nnm
828 2251 848 2281 ,
893 2203 1014 2291 qui
1059 2222 1221 2267 cum
1267 2196 1588 2289 fratribus
1632 2201 1921 2267 viatores
1986 2213 2056 2266 et
2121 2221 2504 2290 pauperum
2554 2197 2760 2266 villas
2799 2199 2858 2264 in

637 2315 987 2384 montibus
1030 2315 1397 2384 latrociniis
1438 2314 1951 2406 flagitiosissime
1996 2313 2439 2397 infestabant,
2472 2315 2858 2407 Alpheum

638 2437 973 2525 extirpare
1017 2433 1333 2503 decrevit.
1386 2434 1738 2502 Baisiensis
1783 2436 2000 2525 primo
2058 2432 2191 2502 fide
2244 2433 2535 2525 publica
2592 2445 2858 2524 accepta

638 2551 929 2643 Regium
974 2555 1204 2622 venire
1250 2554 1632 2643 permissus,
1679 2563 1760 2622 ut
1804 2551 1920 2619 alii
1957 2551 2453 2642 deciperentur,
2500 2552 2860 2621 incolumis

636 2670 1214 2751 dimittitur3'sed
1258 2694 1396 2738 non
1443 2663 1668 2737 multo
1709 2683 1859 2760 post
1903 2673 1974 2738 in
2023 2671 2368 2739 montibus
2413 2670 2577 2740 dolo
2621 2682 2859 2760 captus

635 2785 964 2877 supplicio
1022 2782 1341 2853 afficitur.
1389 2784 1747 2875 Philippus
1792 2808 2066 2876 quoque
2106 2811 2148 2854 a
2193 2786 2435 2854 Pasino
2487 2785 2859 2853 satellitum

612 2901 972 2994 praefecto
1036 2901 1227 2973 domi
1289 2913 1392 2969 est
1457 2901 1944 2980 obtruncatus:
1992 2901 2152 2972 socii
2196 2914 2266 2970 et
2312 2901 2555 2971 fratres
2612 2905 2852 2995 partim

636 3020 929 3111 Regium
974 3022 1222 3111 partim
1266 3021 1638 3086 Ferrariam
1683 3018 1992 3101 deducti,
2053 3032 2123 3088 et
2178 3022 2310 3110 ipsi
2360 3022 2598 3111 dignas
2674 3020 2855 3089 factis

635 3160 884 3227 poenas
922 3137 1276 3204 dederunt.
1324 3135 1654 3222 Cruceus,
1696 3139 1819 3225 qui
1857 3134 2042 3205 solus
2085 3150 2452 3228 supererat,
2495 3161 2674 3205 cum
2723 3138 2850 3227 capi

635 3279 772 3323 non
817 3266 1071 3344 posset,
1117 3255 1207 3321 ab
1251 3253 1492 3323 eodem
1522 3254 1761 3321 Pasino
1805 3254 1893 3320 ad
1935 3253 2346 3345 colloquium
2381 3269 2705 3338 vocatus,
2736 3268 2851 3322 eta

634 3369 845 3439 Volta
874 3375 1247 3461 apparitore
1274 3395 1486 3439 aeneo
1517 3383 1849 3440 tormento
1880 3371 2203 3458 trajectus
2230 3370 2501 3452 cecidit,
2551 3373 2848 3442 Instante

634 3481 973 3554 februario
995 3484 1263 3568 Encas,
1285 3487 1744 3556 debacchandi
1773 3487 2047 3556 licentia
2068 3490 2367 3580 quinque
2392 3488 2845 3579 quad-rantum

623 3597 852 3697 'pretio
911 3603 1168 3673 sordide
1221 3627 1341 3695 per-
1386 3605 1907 3698 chirographum
1961 3629 2265 3675 concessa
2280 3656 2301 3688 ,
2352 3611 2617 3698 primus
2676 3608 2851 3700 Regii

633 3744 944 3813 personas
986 3720 1254 3791 venales
1297 3718 1505 3790 fecit:
1552 3721 1828 3790 demum
1888 3723 2022 3791 sub
2076 3721 2282 3791 finem
2341 3727 2576 3791 martii
2617 3725 2721 3800 ‚ad
2762 3729 2852 3793 in·

630 3838 980 3907 struendos
1020 3837 1198 3909 filios
1239 3836 1611 3907 ferrariam
1655 3839 1748 3907 ab
1790 3837 2139 3931 Alphons'o
2195 3853 2518 3917 evocatus
2538 3893 2561 3923 ,
2605 3843 2853 3910 Hecto·

628 3978 778 4023 rem
829 3953 1186 4025 Sacratum
1248 3959 1471 4027 virum
1540 3954 1969 4029 humanitate.
2014 3952 2346 4050 'insignem
2410 3981 2847 4028 successorem

632 4074 918 4161 accepit,
959 4097 1099 4164 quo
1143 4086 1443 4167 tempore
1487 4074 1837 4145 Ludovico
1868 4075 2191 4167 Raugono
2232 4076 2520 4168 decepto
2562 4078 2846 4157 Ioannes

629 4188 986 4259 Monticuli
1034 4189 1413 4262 Praefectus
1456 4190 1816 4270 castellum
1860 4196 2245 4284 occupavit.
