2950 5017
652 419 780 485 338
901 391 904 398 Ι
1406 435 1648 498 annun
1693 434 2118 480 sacrararum

567 573 576 584 ’
646 560 831 651 gravi
897 556 1151 628 invidia
1219 556 1732 626 venerabundus
1797 557 2237 647 excipiebat.·
2270 555 2467 624 Duos
2525 554 2919 647 legitimos¹

646 675 820 746 filios
862 687 934 742 et
979 674 1194 743 alium
1240 674 1647 755 naturalem,
1679 673 2062 764 legitimum
2109 686 2334 741 tamen
2383 672 2693 754 factum,
2738 676 2885 742 reli-

647 797 827 886 quit.
876 792 986 860 Ex
1029 792 1137 861 his
1178 791 1466 869 Ioannes
1512 790 1726 858 Maria
1774 795 2117 858 maximus
2163 802 2333 859 natu
2401 794 2619 881 patris
2692 805 2883 858 testa-

649 923 881 979 mento
926 907 1413 988 Mediolanum,
1444 907 1726 975 Novum
1759 906 2082 988 Comum,
2113 905 2416 974 Laudem
2451 891 2881 999 Pompeja'm,

646 1027 1089 1106 Placentiam,
1134 1026 1482 1104 Parmam,
1527 1025 1851 1115 Regium,
1896 1024 2304 1105 Bononiam,
2349 1023 2777 1115 Bergomum
2817 1041 2881 1092 et
2920 999 2921 1078 f

648 1142 948 1210 Brixiam
996 1141 1325 1208 obtinuit.
1378 1139 1730 1230 Philippus
1773 1140 1986 1207 Maria
2031 1138 2203 1207 alter
2261 1163 2348 1206 ex
2395 1138 2729 1230 legitimis
2776 1140 2878 1206 '1²5-

650 1259 880 1325 cinum
897 1308 918 1340 ,
972 1256 1338 1326 Novariam
1359 1307 1380 1337 ,
1440 1255 1822 1337 Vercellas,
1881 1255 2251 1324 Dertouam
2270 1305 2290 1337 ,
2350 1253 2843 1324 Alexandriam
2861 1308 2878 1337 ,

646 1372 1016 1453 Veronam,
1047 1371 1471 1452 vicentiam,
1503 1371 1870 1453 Feltriam,
1912 1370 2306 1454 Bellunum,
2348 1355 2766 1453 Bassanum,
2809 1395 2879 1440 ac

648 1503 870 1559 cetera
914 1489 1321 1559 Tridentum
1369 1512 1587 1581 usque
1634 1483 1915 1570 habuit,
1959 1512 2135 1580 quae
2180 1491 2409 1559 omnia
2451 1487 2883 1559 beneficiario

650 1609 800 1695 jure
843 1632 933 1676 ex
977 1609 1186 1699 patris
1232 1619 1639 1682 testamento
1686 1630 1725 1673 a
1768 1605 2135 1676 Mediolani
2181 1608 2477 1697 principe
2522 1630 2881 1697 agnoscere

650 1726 1028 1795 tenebatur.
1075 1724 1383 1794 Gabrieli
1429 1740 1663 1792 autem
1709 1748 1796 1793 ex
1842 1724 2105 1816 Agnete
2148 1723 2564 1814 Mantegatia
2614 1728 2882 1813 spurio,

651 1840 842 1925 Pisis,
871 1842 1249 1934 Cremaque
1281 1842 1568 1923 traditis,
1602 1840 1686 1909 ad
1725 1844 1899 1908 tanti
1938 1843 2201 1931 imperii
2246 1840 2495 1909 molem
2544 1844 2883 1908 sustinen-

652 1957 811 2026 dam
857 1960 1093 2028 decem
1161 1973 1232 2028 et
1300 1972 1561 2050 septem
1609 1958 1928 2050 singulari
1971 1961 2250 2040 virtute,
2295 1977 2365 2026 et
2408 1981 2642 2025 rerum
2690 1981 2882 2048 expe-

653 2078 891 2144 rientia
933 2079 1573 2167 spectatissimorum
1625 2080 1923 2144 virorum
1969 2075 2250 2145 consilio
2315 2074 2490 2144 filios
2560 2074 2883 2164 regendos

652 2194 1015 2264 commisit.
1063 2191 1234 2279 Ejus
1282 2204 1569 2260 mortem
1634 2192 2048 2282 prodigiosus
2115 2204 2448 2273 cometes,
2498 2194 2628 2282 qui
2693 2195 2882 2261 tertio

653 2308 807 2377 idus
849 2307 1075 2399 aprilis
1104 2308 1381 2399 singulis
1413 2308 1715 2399 reliquae
1745 2307 2288 2399 quadragesimae
2316 2307 2560 2377 diebus
2592 2308 2691 2377 ab
2723 2333 2880 2378 euro

656 2427 728 2493 in
772 2425 1054 2495 chorum
1109 2438 1514 2517 apparuerat
1535 2477 1555 2508 ,
1598 2425 1994 2515 praedixisse
2037 2426 2326 2493 creditus
2369 2436 2498 2495 est.
2547 2426 2879 2493 Luridam

653 2557 723 2609 et
787 2539 1141 2612 funebrem
1215 2543 1510 2611 caudam
1558 2541 2045 2632 magnitudinis
2103 2541 2430 2624 duarum,
2475 2555 2557 2609 ut
2608 2543 2882 2611 videba-

657 2674 806 2742 tur,
851 2661 1167 2729 ulnarum
1213 2664 1431 2752 primo
1475 2660 1583 2728 die
1629 2664 1857 2750 ingens
1918 2660 2102 2728 sidus
2169 2674 2320 2751 post
2387 2684 2457 2728 se
2524 2661 2882 2742 trahebat,

652 2778 836 2869 quod
879 2781 953 2845 in
999 2778 1139 2846 dies
1183 2779 1408 2865 majus
1439 2777 1727 2859 factum,
1760 2777 1845 2844 ad
1880 2800 2032 2844 eam
2063 2777 2336 2845 tandem
2382 2776 2881 2867 longitudinem

654 2896 986 2976 exerevit,
1046 2905 1129 2962 ut
1190 2897 1409 2985 primo
1477 2895 2023 2984 vigintiquinque
2067 2892 2387 2962 ulnarum
2432 2896 2720 2975 crinem,
2768 2918 2885 2985 po·

653 3023 827 3079 stero
871 3009 983 3079 die
1029 3014 1569 3101 quinquaginta,
1599 3009 1875 3077 demum
1918 3010 2291 3077 ducentum
2337 3010 2739 3091 ostenderit,
2773 3034 2882 3101 po·

653 3139 899 3196 sti-emo
941 3126 1173 3194 lucem
1219 3149 1378 3194 cum
1427 3138 1627 3195 nocte
1668 3138 2096 3195 commutans
2151 3139 2271 3216 per·
2325 3139 2478 3195 octo
2524 3126 2675 3195 dies
2728 3139 2878 3195 ante

655 3268 966 3312 auroram
1011 3243 1268 3312 lumine
1330 3243 1500 3313 adeo
1571 3243 1752 3315 claro
1823 3246 2000 3313 visus
2068 3257 2201 3326 est,
2270 3258 2351 3313 ut
2414 3242 2576 3314 solis
2647 3247 2875 3314 orbem

655 3361 1077 3452 quaudoque
1121 3360 1603 3430 obscuraverit.
1645 3360 1970 3431 Defuncti
2000 3362 2214 3432 Ducis
2243 3363 2527 3430 cadaver
2556 3377 2874 3454 quatuor·

653 3478 872 3545 decim
916 3477 1110 3547 horas
1155 3477 1441 3550 solemni
1511 3503 1761 3571 pompa
1811 3480 2073 3548 elatum
2119 3481 2614 3554 nobilissimum
2667 3486 2872 3554 visen·

657 3594 842 3665 tibus
911 3594 1375 3689 spectaculum
1441 3598 1796 3688 praebuit,
1841 3601 1951 3668 cui
1995 3600 2170 3670 inter
2237 3598 2404 3669 alios
2447 3599 2870 3691 Regiensium

653 3713 858 3805 legati
902 3711 1390 3783 interfuerunt.

791 3830 1025 3899 Divino
1055 3830 1414 3900 Mediolani
1454 3834 1738 3923 imperio
1766 3834 1997 3900 statim
2032 3836 2348 3925 antiquae
2376 3831 2868 3902 Gibellinorum

654 3944 1263 4038 Guelphorumque
1327 3946 1656 4018 factiones
1674 4001 1695 4031 ,
1764 3974 1946 4041 quae
2013 3955 2427 4042 superiorum
2496 3954 2865 4041 principum

651 4062 1011 4153 prudentia
1058 4068 1398 4134 extinctae
1428 4066 1867 4149 videbantur,
1895 4068 2199 4157 neglecto
2232 4068 2659 4139 adolescente
2691 4069 2865 4135 Duce

648 4196 930 4272 repente
974 4187 1419 4254 emicuerunt.
1470 4185 1824 4256 Veteribus
1871 4190 2052 4270 enirn
2098 4190 2347 4256 civium
2391 4186 2560 4256 odiis
2611 4186 2861 4255 refrica-
