2950 5017
635 385 773 471 364
1387 403 1628 480 nanum
1672 405 2094 452 mortuarum

619 527 1035 606 abnuerunt,
1079 536 1148 591 et
1194 522 1356 593 alias
1408 524 1650 594 Italiae
1702 538 1929 616 gentes
1981 524 2430 617 impulerunt,
2475 538 2571 595 ut
2625 527 2860 616 ejectis
2904 567 2905 570 π

621 641 945 710 Exarehis
988 643 1287 732 proprios
1330 643 1687 734 principes,
1700 645 1838 710 ’aut
1868 645 2297 733 magistratus
2327 642 2537 713 duces
2575 658 2859 715 vocatos

622 757 753 825 sibi
794 769 1090 826 or‘earent
1116 758 1213 826 (ί).
1259 757 1603 826 Postremo
1631 756 1854 840 Galli,
1882 756 2131 828 Carolo
2158 758 2407 851 Magno
2438 762 2850 851 imperante,

621 873 889 942 Italiam
932 874 1226 964 ingressi,
1255 872 1557 943 Comites
1583 885 1654 942 et
1682 873 2098 943 Marehiones
2140 873 2594 958 induxerunt,
2625 901 2671 944 a
2702 880 2856 968 qni-

621 990 753 1059 bus
793 989 1184 1060 Italicorum
1232 990 1618 1081 Principum
1664 990 1889 1073 tituli,
1935 1003 2019 1058 et
2061 994 2336 1061 nomina
2397 989 2691 1061 fluxisse
2761 997 2855 1062 vi·

622 1106 889 1176 dentur.
933 1105 1212 1176 Ducum
1264 1109 1520 1199 insigne
1586 1106 1804 1199 pileus
1868 1109 2144 1176 crinitus
2194 1120 2334 1190 est,
2377 1108 2614 1200 qualis
2670 1110 2847 1201 apud

620 1222 960 1294 Romanos
1002 1235 1284 1294 rostrata
1329 1247 1575 1292 corona
1618 1247 1756 1294 esse
1799 1234 2264 1294 consueverat.

756 1340 1075 1414 Ceterum
1106 1341 1374 1411 Borsius
1403 1341 1734 1411 Friderieo
1765 1345 1836 1409 in
1867 1341 2304 1410 Germaniam
2348 1306 2854 1428 reversaecivi·

626 1469 835 1541 tates,
886 1461 958 1526 in
1002 1460 1251 1550 quibus
1295 1458 1614 1528 honorem
1675 1458 2285 1550 splendidissimum
2355 1471 2853 1550 promeruerat,

622 1574 1002 1644 invisendas
1046 1598 1183 1643 esse
1226 1576 1515 1643 oensuit.
1555 1574 1780 1643 Primo
1823 1577 2025 1666 igitur
2067 1574 2405 1642 Mutinam
2448 1598 2620 1642 curn
2666 1573 2852 1654 Julio

619 1689 933 1778 Bojardo,
970 1689 1251 1761 Alberto
1294 1692 1443 1773 Pio,
1487 1702 1559 1759 et
1600 1692 1954 1760 Francisoo
1997 1691 2154 1759 Pico
2181 1779 2185 1790 ,
2199 1689 2532 1781 profectus
2586 1704 2722 1760 est.
2770 1692 2845 1759 In

623 1805 881 1875 canalis
923 1809 1068 1897 ripa
1114 1808 1372 1899 ubique
1426 1807 1689 1877 arbores
1735 1818 1815 1875 ut
1858 1807 1986 1875 sub
2030 1829 2262 1875 earum
2306 1806 2547 1874 umbra
2607 1807 2855 1894 jucun-

617 1921 772 1991 'dius
816 1921 1163 1992 veheretur
1191 1923 1545 2014 dispositas
1590 1925 1885 2004 invenit3
1917 1922 2330 1991 Mutinenses
2372 1922 2653 1992 duobus
2696 1947 2846 1992 eur·

620 2039 808 2108 ribus
862 2040 1416 2130 triumphalibus,
1485 2044 1558 2114 in
1625 2041 1919 2133 quorum
1989 2040 2199 2110 altero
2241 2041 2403 2118 Divi
2445 2040 2850 2109 Geminiani

623 2158 938 2230 antistitis
987 2155 1287 2247 -effigies,
1321 2161 1403 2226 iu
1461 2157 1672 2226 altero
1717 2170 2013 2247 quatuor
2074 2159 2408 2224 virtutum
2476 2157 2849 2224 simulacra

621 2271 1075 2354 ducebantur,
1129 2274 1258 2340 sub
1312 2296 1646 2364 purpureo
1702 2297 1925 2364 panno
1982 2270 2333 2362 magnifiee
2398 2285 2844 2363 exceperunt.

623 2386 972 2478 Regienses
1018 2413 1170 2458 vero
1213 2413 1372 2458 eum
1418 2392 1731 2480 equitatu
1777 2392 1898 2482 qui
1941 2389 2276 2458 olivarum
2321 2412 2538 2457 ramos
2585 2388 2849 2479 praefe-

621 2507 813 2574 rebat
875 2519 1288 2576 occurrentes
1355 2499 1556 2576 aurea
1625 2524 2068 2599 argenteaque
2115 2530 2276 2576 vasa
2323 2510 2620 2576 venienti
2668 2509 2848 2575 Duci

621 2623 1037 2691 obtulerunt.
1082 2623 1420 2692 Feltrinus
1466 2624 1818 2712 Bojardus,
1861 2621 2089 2693 Guido
2120 2623 2451 2704 Behhius,
2497 2634 2569 2690 et
2618 2624 2848 2691 Fride-

621 2743 797 2808 ricus
841 2721 1289 2810 Pallavicinus
1356 2766 1515 2810 eum
1583 2742 1833 2833 pedites
1879 2744 2185 2810 comitati
2246 2740 2494 2832 singuli
2561 2743 2638 2809 in
2708 2745 2844 2810 suis

623 2856 913 2926 castellis
984 2858 1519 2949 splendidissime·
1583 2871 2010 2950 aeceperunt.
2078 2857 2345 2927 Borsius
2414 2869 2497 2926 ut
2565 2871 2839 2949 gratum

622 2999 776 3067 erga
841 2977 1196 3068 Regienses
1263 2981 1565 3046 animum
1638 2978 2045 3059 ostenderet,
2093 2976 2420 3052 Sanctum
2465 2977 2840 3046 Martinam

624 3095 782 3182 ipsis
824 3105 1026 3161 antea
1071 3118 1114 3162 a
1155 3094 1438 3165 Nicolao
1469 3106 1634 3162 'cum
1664 3093 2168 3185 campogajano
2213 3091 2622 3185 ademptum
2668 3097 2840 3163 resti-

624 3213 780 3276 tuit.
811 3208 978 3278 Mox
1008 3232 1155 3290 aree
1183 3209 1371 3300 Regii
1411 3214 1782 3290 instaurata
1827 3214 2142 3301 antiquas
2186 3209 2544 3278 deditionis
2589 3214 2834 3300 pactio·

623 3348 740 3392 nes
784 3348 939 3391 cum
985 3324 1417 3416 Regiensibus
1483 3329 1685 3395 initas
1749 3325 2204 3408 confirmavit,
2256 3339 2331 3394 et
2384 3338 2468 3393 ut
2538 3340 2694 3395 erat
2748 3328 2832 3395 vir

622 3453 884 3532 praeter
928 3440 1090 3511 alios
1136 3441 1490 3511 munificus
1535 3443 1834 3515 Feltrino
1874 3442 2651 3533 Boi-ardoSalvaterram
2667 3497 2689 3528 ,
2719 3444 2831 3513 Ga-

623 3556 1179 3649 salemgrandem,
1222 3560 1702 3643 Dinatianum,
1747 3574 1818 3629 et
1859 3562 2165 3631 Montem
2210 3559 2558 3627 Babulum
2604 3561 2831 3627 libera-

623 3675 778 3743 liter
820 3675 1553 3745 donata‘oonfirmavit.
1576 3671 1581 3678 ’
1601 3677 1974 3770 Monaohae
2018 3701 2173 3747 vero
2225 3701 2313 3743 ex
2366 3674 2640 3743 familia
2686 3676 2829 3743 Divi

624 3794 1014 3883 Augustini,
1057 3817 1232 3885 quae
1275 3818 1484 3886 prope
1527 3798 1865 3886 porticum
1911 3794 2144 3880 Sancti
2188 3794 2538 3862 Laurentii
2586 3794 2679 3864 ob
2722 3816 2832 3861 nu·

573 3925 887 3978 amorum
956 3923 1234 4002 anguste
1299 3911 1735 3995 habitabant,
1802 3935 1960 3979 cum
2035 3912 2399 4003 virginibus
2455 3909 2626 3981 Divi
2668 3910 2829 3978 Petri

701 4176 785 4246 (ι)
814 4173 1003 4231 Blond.
1036 4175 1073 4229 1.
1103 4195 1175 4244 x,
1206 4176 1314 4231 dec.
1352 4194 1399 4230 r.
