2950 5017
885 433 1084 479 usna
1127 432 1464 480 sncunnus
2172 416 2257 504 95

68 555 360 635 videtur,
390 555 476 621 in
511 551 816 620 ecclesiae
857 552 1007 638 jura
1054 554 1382 620 transivit.
1415 550 1552 617 Alii
1597 560 1820 618 tamen
1863 567 2058 641 penes
2086 552 2261 620 Lon-

64 670 387 758 gobardos
421 667 719 760 Regium
763 668 1187 757 permansisse
1230 678 1612 748 autumant,
1640 666 1822 756 quod
1867 680 2014 734 tum
2057 670 2260 736 nostri

62 799 306 853 tractus
338 786 689 875 regionem
713 782 1016 853 Pontifici
1048 785 1302 854 cessisse
1333 807 1466 851 non
1501 784 1868 851 inveniant.
1897 782 2258 873 Aistulpho

68 897 426 982 deiuncto,
479 923 755 989 regnum
801 899 1180 967 Desiderius
1221 901 1607 988 occupavit,
1649 920 1728 965 ac
1770 898 2160 966 Faventiam
2189 911 2262 967 et

64 1018 485 1099 Ferrariam,
515 1029 630 1097 ut,
657 1015 974 1084 Pontifice
1017 1014 1313 1106 placato,
1358 1018 1566 1104 tutius
1608 1028 1934 1104 regnaret,
1967 1015 2258 1106 maligna

68 1134 420 1224 largitione
494 1134 687 1203 velut
750 1136 1110 1222 transigens
1178 1132 1497 1200 ecclesiae
1551 1132 1850 1199 tradidit.
1905 1132 2261 1200 Caeterum

74 1275 203 1318 nou
243 1250 478 1320 multo
523 1262 673 1341 post
713 1249 1016 1339 neglecto
1046 1247 1301 1318 foedere
1317 1300 1336 1329 ,
1364 1262 1707 1316 exarcatus
1737 1261 1992 1338 partem
2008 1300 2027 1329 ,
2058 1260 2263 1341 atque

74 1388 239 1447 uns,
278 1379 366 1433 ut
410 1365 759 1435 nonnullis
826 1365 1078 1455 placet,
1123 1365 1405 1454 Regium
1452 1367 1661 1455 cepit.
1723 1365 1942 1448 Quare
1986 1364 2266 1434 Carolus

81 1481 299 1572 Pipini
342 1480 533 1549 filius
590 1505 746 1548 cum
805 1479 1209 1549 formidabili
1264 1484 1558 1547 exercitu
1576 1530 1596 1561 ,
1648 1479 1910 1570 alpibus
1960 1484 2266 1563 emensis,

80 1596 401 1686 perfidum
450 1597 791 1665 hominem
835 1595 1011 1663 felici
1054 1597 1475 1686 expeditione
1519 1619 1715 1686 regno
1759 1596 2156 1687 expoliavit,
2198 1609 2271 1666 et

84 1725 355 1802 captum
388 1713 799 1804 Lugdunum
828 1715 1033 1779 misit.
1063 1710 1315 1803 'Itaque
1343 1711 1761 1802 Longobardi
1791 1725 1937 1801 post
1968 1737 2076 1780 an.
2107 1734 2269 1780 com

96 1849 301 1917 quam
359 1831 429 1895 in
482 1828 749 1896 Italiam
794 1840 1109 1895 venerant
1152 1827 1650 1917 opulentissimo
1694 1850 1893 1918 regno
1937 1829 2267 1897 excidere.

93 1940 263 2008 Tum
305 1942 598 2033 Liguria,
641 1942 932 2023 Corsica,
981 1943 1332 2023 Picenum,
1376 1942 1698 2024 Venetia,
1742 1943 1969 2023 Istria,
2017 1945 2266 2014 Forum

94 2057 239 2134 Julii
265 2110 287 2140 ,
335 2074 409 2126 et
460 2059 788 2151 quidquid
832 2062 1003 2128 inter
1043 2060 1298 2127 Lucam
1369 2072 1441 2126 et
1504 2060 1816 2127 Parmam
1883 2062 2267 2148 interjacet,

98 2172 545 2244 Beneventum
597 2188 667 2243 et
708 2175 1059 2266 Spoletum
1108 2198 1266 2242 cum
1318 2178 1623 2245 universo
1669 2177 2023 2245 Ravennae
2075 2202 2269 2246 exar-

103 2289 289 2358 chata
316 2291 667 2360 Romanae
695 2291 1004 2359 ecclesiae
1032 2290 1279 2359 tradita
1321 2288 1506 2357 fuere
1531 2293 1627 2358 (1).
1680 2292 1911 2383 Aliqui
1951 2317 2104 2363 vero
2132 2319 2266 2362 non

102 2407 604 2476 contemnendae
649 2409 1058 2476 auctoritatis
1093 2409 1218 2476 viri
1257 2406 1542 2497 Regium
1590 2431 1631 2475 a
1675 2408 1941 2490 Carolo,
1985 2414 2105 2500 qui
2151 2436 2271 2501 po·

106 2532 235 2587 stes
271 2521 586 2612 Pipinum
631 2534 887 2591 nostrae
932 2524 1309 2612 provinciae
1338 2522 1706 2614 Italiaeque
1735 2547 1951 2614 regem
1999 2529 2269 2608 creavit,

106 2647 416 2705 retentum
484 2635 688 2706 fuisse
755 2662 888 2708 non
951 2638 1198 2724 injuria
1261 2639 1679 2721 existimant,
1724 2662 1880 2707 cum
1928 2637 2266 2708 AEmiliam

108 2747 385 2820 Pontifici
426 2776 802 2823 concessam
847 2751 1051 2824 fuisse
1095 2777 1228 2822 non
1273 2766 1549 2823 constet.
1595 2754 1730 2823 Tot
1773 2753 1969 2821 bellis
2005 2780 2083 2821 ac
2119 2756 2270 2823 bar·

112 2863 401 2935 batorum
440 2866 844 2938 factionibus
886 2881 1109 2937 nostra
1152 2871 1385 2937 civitas
1428 2881 1707 2950 vexata,
1750 2869 2021 2959 publico
2066 2873 2267 2938 etiam

119 2980 424 3054 tabulario
463 2997 739 3067 exusto,
791 3009 947 3054 cum
1018 2988 1433 3076 episcopatus
1474 2987 1580 3053 sui
1623 2984 1787 3052 fines
1834 2988 2183 3065 amisisset,
2228 3011 2268 3054 a

114 3094 340 3170 carolo
399 3101 725 3185 obtinuit,
775 3115 855 3172 ut
904 3105 1026 3194 qui
1091 3125 1277 3170 nunc
1340 3113 1582 3170 extant
1649 3104 1950 3183 termini,
1992 3105 2269 3170 vetustis

114 3210 337 3287 finibus
360 3222 664 3311 cognitis,
693 3232 1112 3311 ponerentur.
1158 3218 1380 3306 Hujus
1420 3222 1516 3287 rei
1561 3218 1910 3309 publicum
1956 3222 2026 3286 in
2069 3220 2268 3287 tabu-

114 3325 256 3400 luio
315 3356 474 3401 cum
538 3323 717 3405 vera¹
745 3334 968 3404 Caroli
1030 3337 1318 3425 imagine
1382 3357 1687 3426 expressa
1758 3347 2264 3402 monumentum

116 3449 400 3519 canitur:
447 3450 634 3541 quod
677 3462 746 3518 et
790 3464 946 3519 ante
987 3451 1406 3541 Regiensium
1451 3452 1704 3537 jurium
1761 3450 2267 3540 municipalium

118 3559 402 3634 volumen
431 3563 659 3635 adhuc
686 3569 1073 3657 impressum
1104 3579 1462 3657 spectatur.
1491 3565 1735 3634 Nostro
1773 3581 2109 3655 praeterea
2154 3590 2268 3634 an-

122 3675 283 3747 tistiti
320 3704 405 3749 ea
446 3681 607 3749 data
646 3695 745 3751 est
788 3694 1106 3772 potestas,
1149 3696 1227 3749 ut
1267 3685 1565 3772 princeps
1595 3683 1812 3749 dictus
1854 3685 2031 3750 intra
2073 3685 2268 3773 quin-

122 3799 242 3860 tum
279 3797 367 3864 ab
410 3797 577 3866 urbe
616 3797 907 3888 lapidem
964 3798 1074 3884 jus
1138 3798 1469 3865 redderet:
1519 3798 1677 3865 hinc
1742 3822 1822 3866 eo
1891 3797 2267 3865 celebrante

121 3928 249 3978 enm
312 3913 504 4005 galea
574 3914 867 4005 gladius,
931 3939 1070 4008 quo
1132 3918 1202 3982 in
1270 3913 1668 3984 facinorosos
1741 3914 2259 3985 animadvertere

182 4141 728 4209 (orl-timiam.
