2950 5017
949 459 1149 506 mnan
1194 461 1441 508 snxrus
2163 449 2300 536 403

26 578 154 646 ad
206 581 422 659 rixas,
466 588 538 645 et
580 600 823 647 manus
852 581 1226 662 venientes,
1255 580 1568 649 ‘tumultu
1611 582 2011 653 coenobium
2060 586 2302 677 imple-

29 707 352 763 verunt.
397 693 712 785 Cognati,
755 717 1048 786 quorum
1092 720 1342 765 munus
1387 709 1533 765 erat
1576 697 1753 766 virili
1798 700 2151 790 prudentia
2196 700 2294 769 fe·
2368 755 2377 766 ,

27 815 385 881 mineum
432 809 722 881 furorem
770 816 1192 902 extinguere,
1224 839 1499 886 suarum
1528 801 1815 909 quisque
1860 832 2078 910 partes
2119 823 2295 888 tueri

27 942 388 998 conatur.
432 929 959 997 Increbrescente
1014 933 1282 999 interim
1336 930 1555 1015 fama,
1601 934 1895 1001 Frasiam
1940 958 2098 1002 cum
2146 934 2296 1003 fau·

27 1045 364 1113 tricibus
392 1047 461 1113 vi
495 1046 813 1115 coenobio
844 1046 1203 1137 expulsum
1244 1050 1325 1115 iri
1354 1049 1395 1127 J
1397 1073 1643 1118 oannes
1670 1050 1711 1128 J
1713 1050 1987 1130 acubus,
2018 1052 2297 1133 Paulus,

26 1162 370 1239 Ioannes
425 1161 759 1252 Baptista,
823 1161 1044 1240 Julius
1111 1176 1182 1231 et
1248 1165 1701 1255 Hieronymus
1767 1166 1958 1233 Bebii
2014 1168 2297 1236 Antonii

27 1277 313 1359 liberi,
357 1289 437 1345 ut
480 1281 621 1347 vim
668 1293 966 1360 arceant,
1012 1303 1196 1347 arma
1243 1282 1634 1372 expediunt.
1683 1279 2009 1376 Georgius
2057 1306 2290 1352 eorum

27 1392 308 1476 stater,
337 1398 455 1485 qui
500 1398 569 1462 in
616 1395 831 1463 Ducis
858 1396 1284 1465 Ferrariensis
1330 1399 1664 1467 comitatu
1709 1399 2129 1481 versabatur,
2171 1400 2293 1467 ubi

35 1537 88 1578 a
147 1536 372 1602 puero
413 1511 740 1579 educatus
770 1525 939 1592 erat,
974 1513 1402 1604 Alphonsum
1432 1516 1517 1582 de
1547 1519 1962 1585 imminentis
2004 1516 2293 1585 incendii

37 1628 380 1719 periculo
422 1632 762 1699 certiorem
820 1628 1004 1697 facit.
1050 1629 1177 1698 Ille
1224 1632 1420 1701 Petro
1464 1632 1720 1704 Mariae
1777 1635 2048 1703 Petrato
2109 1635 2294 1702 urbis

37 1744 414 1838 praefecto
443 1750 764 1837 imperat,
797 1760 877 1814 ut
917 1751 1102 1816 omni
1148 1749 1369 1818 studio
1414 1755 1742 1820 orientem
1788 1754 2027 1819 rixam.
2052 1756 2291 1843 sopiat.

35 1866 168 1946 1⁸,
215 1865 408 1931 mille
453 1889 808 1935 aureorum
852 1870 1162 1936 cautione
1209 1892 1251 1935 a
1295 1867 1577 1956 Scajolis
1628 1882 1902 1950 exacta,
1947 1873 2289 1939 neminem

41 2006 91 2048 a
159 2005 232 2048 se
296 1980 631 2051 offensum
688 1986 805 2078 iri,
848 2006 891 2051 a
935 1983 1157 2052 Bebiis
1199 2008 1475 2076 quoque
1524 2011 1717 2054 arma
1771 1987 2010 2078 deponi
2071 1987 2288 2074 jubet.

41 2102 408 2167 Antonius
451 2123 521 2167 se
566 2081 707 2187 jam
752 2101 1098 2169 imbellem
1139 2126 1390 2185 senem,
1422 2099 2288 2185 contentiones'abhorrerm

42 2240 90 2283 ι
137 2240 218 2284 se
266 2213 670 2284 adversarios
730 2229 909 2285 tutos
955 2215 1095 2285 fore
1136 2214 1579 2306 jurejurando
1625 2218 1963 2302 affirmat3
2009 2221 2120 2289 sed
2167 2244 2288 2312 pro
2376 2299 2383 2306 ¹

47 2334 226 2404 filiis
268 2337 344 2402 in
389 2358 459 2402 se
503 2349 876 2426 parentem,
903 2336 1310 2428 quandoque
1353 2342 1770 2408 contumacis
1812 2342 2057 2428 ingenii
2100 2339 2292 2426 juve-

45 2453 294 2534 nibus,
352 2450 520 2518 nihil
579 2454 743 2518 certi
801 2476 988 2543 posse
1042 2453 1341 2544 polliceri
1388 2456 1785 2546 respondet:
1819 2457 1995 2523 Cum
2044 2457 2136 2525 ob
2179 2480 2291 2525 co-

47 2583 303 2662 gnatas
347 2574 633 2660 virgines
679 2569 1005 2662 plurimae
1049 2572 1481 2662 Regiensium
1535 2572 1834 2641 familiae
1881 2577 1951 2641 in
1996 2574 2288 2655 diversas

49 2700 291 2777 partes
336 2686 781 2768 traherentur,
811 2700 1048 2756 senatu
1080 2701 1480 2768 convocato,
1521 2712 1631 2757 eas
1669 2691 1956 2779 separa'ri
2004 2687 2286 2778 placuit.

47 2805 291 2871 Frasia
331 2806 562 2895 itaque
591 2827 750 2871 cum
780 2806 978 2873 sociis
1022 2804 1197 2871 clam
1243 2805 1571 2873 coenobio
1603 2817 1936 2885 extract-a,
1965 2806 2037 2872 in
2069 2807 2286 2872 sancti

49 2920 443 3012 sthephani
490 2922 775 3012 hospitio
821 2945 981 2989 cum
1026 2936 1219 3012 parte
1276 2923 1610 2991 bonorum
1678 2923 1912 3013 prioris
1979 2924 2287 2991 coenobii

47 3052 158 3106 cst
202 3021 557 3120 collocata,
586 3040 795 3107 donec
838 3040 1031 3126 divae
1076 3038 1512 3129 Magdalenae
1554 3039 1956 3129 parthenon,
2002 3039 2123 3106 ubi
2169 3062 2285 3130 po·

50 3168 208 3224 stea
254 3154 687 3245 tranquillius
731 3158 1048 3223 vixerunt
1070 3206 1090 3238 ,
1134 3155 1275 3242 jam
1323 3152 1654 3223 aedificari
1696 3168 2045 3247 coeptum,
2091 3156 2285 3224 abso-

46 3273 294 3341 lutum
338 3269 497 3340 fuit.

195 3389 360 3457 Non
412 3389 505 3457 ob
557 3389 625 3456 id
689 3401 912 3457 tamen
970 3392 1150 3458 inter
1203 3388 1494 3457 familias
1561 3388 1765 3459 altius
1832 3392 2059 3459 animo
2127 3413 2285 3458 con-

50 3520 341 3598 ceptum
384 3506 612 3575 odium
645 3505 838 3574 facile
867 3507 1110 3599 deponi
1155 3511 1405 3600 potuit.
1450 3506 1682 3577 Plures
1729 3510 1913 3576 enim
1959 3531 2041 3574 ea
2085 3508 2283 3574 alter-

49 3626 325 3692 catione
370 3622 601 3691 offensi
645 3627 714 3692 in
760 3624 1044 3692 diversas
1089 3638 1308 3716 partes
1353 3626 1695 3706 abierunt,
1729 3624 1984 3714 aliique
2013 3623 2279 3703 Bebios‚

53 3742 181 3810 alii
211 3740 514 3829 Scajolos
556 3755 715 3810 sunt
759 3745 1013 3824 secuti3
1053 3744 1305 3834 quibus
1350 3768 1488 3812 non
1537 3745 1737 3834 pauci
1783 3754 2119 3833 praeterea
2163 3740 2283 3808 ob·

52 3861 362 3929 scuriore
427 3859 576 3929 loco
643 3862 785 3927 nati
854 3873 1294 3927 accesserunt.
1356 3857 1687 3925 Manfredi
1707 3897 1728 3939 ,
1783 3858 2278 3938 cambiatores,

55 3976 295 4044 Sancti
326 3977 696 4057 Laurentii,
728 3976 1187 4056 vicedomini,
1232 3969 1653 4057 Fontanelli‚
1697 3974 2081 4065 Malegutii,
2127 3974 2282 4041 Pra-

57 4099 329 4178 tonerii‚
357 4096 696 4186 Caprarii,
731 4095 1051 4178 Cosselli,
1079 4095 1415 4176 Parisetti,
1460 4107 1532 4161 et
1575 4117 1735 4161 cum
1780 4092 2089 4184 pluribus
2132 4091 2284 4159 aliis

57 4215 386 4283 Pataratii
417 4240 458 4283 a
489 4215 707 4282 Bebiis
752 4225 1104 4282 steterunt.
1147 4214 1417 4282 Praeter
1448 4213 1844 4314 domesticas
1874 4214 2043 4281 vires
2071 4213 2278 4282 etiam
