2950 5017
944 437 1142 483 arana
1184 436 1483 494 omarus
2166 423 2297 506 ²4⁵

85 558 456 638 tinebant,
519 567 593 625 et
656 558 927 648 picturis
992 555 1264 625 mirifice
1328 555 1845 625 exornabantur.
1903 555 2106 627 Canis
2163 564 2303 649 ipse

77 698 410 743 mensam
468 695 664 741 suam
733 671 1074 763 aliquibus
1131 672 1461 740 interdum
1509 674 2007 741 communicans
2050 672 2304 743 Gnido-

79 814 254 858 nem
310 813 356 856 a
401 788 698 857 castello
743 787 1129 877 Regiensem
1147 838 1167 869 ,
1211 791 1332 878 qui
1377 789 1466 857 ob
1512 790 1950 855 sinceritatem
1996 787 2306 880 Simplex

81 904 598 995 longobardus
639 902 843 992 vulgo
885 904 1278 984 vocabatur,
1319 915 1390 969 et
1432 902 1728 969 Dantem
1769 902 2141 993 Aligerum,
2183 904 2306 975 ho-

80 1024 319 1090 minis
365 1045 451 1089 ea
494 1032 712 1088 aetate
756 1019 1097 1088 clarissimi
1140 1022 1404 1110 ingenio
1446 1019 1847 1101 delectatus,
1891 1024 2149 1112 saepius
2190 1045 2308 1092 vo-

85 1160 259 1206 care
305 1147 764 1207 consueverat.
809 1134 1009 1204 Sessii
1052 1147 1121 1203 et
1163 1138 1287 1226 ipsi
1330 1138 1400 1203 in
1444 1159 1594 1203 eam
1641 1134 1873 1203 aulam
1905 1135 2304 1222 jamdudum

87 1256 365 1345 recepti
384 1304 407 1335 ,
447 1256 519 1321 in
560 1256 875 1321 intimam
917 1252 1239 1343 Principis
1281 1249 1814 1319 familiaritatem
1880 1274 1952 1320 se
2017 1254 2308 1320 insinua-

87 1383 306 1453 runt3
347 1370 596 1461 opibus
638 1393 732 1451 se,
776 1382 849 1436 et
892 1372 1092 1437 armis
1135 1373 1205 1436 in
1249 1371 1464 1459 patria
1510 1380 1846 1459 potentes,
1885 1366 2309 1438 factiosorum

89 1488 372 1556 invidia
415 1510 458 1555 a
502 1485 762 1555 sordida
805 1484 1001 1577 plebe
1032 1486 1235 1554 domo
1276 1485 1518 1572 ejectos
1562 1482 1766 1552 fuisse
1812 1484 2121 1575 quotidie
2161 1509 2310 1553 nar-

99 1626 293 1670 rare:
339 1605 400 1670 si
442 1601 701 1691 aliquot
743 1600 1038 1668 militurn
1084 1603 1317 1691 copiae
1360 1602 1488 1669 sibi
1533 1600 1797 1680 dentur,
1846 1598 2202 1668 sellulariis
2240 1612 2312 1669 et

103 1715 372 1785 infimis
412 1715 761 1806 opificibus
803 1718 1145 1796 extinctis,
1171 1716 1407 1782 urbem
1440 1739 1752 1806 generoso
1779 1715 2072 1805 Principi
2116 1713 2311 1784 facile

103 1834 496 1903 tradituros.
541 1834 648 1900 Ita
691 1835 974 1923 ingentis
1014 1834 1283 1924 spiritus
1326 1836 1549 1901 virum
1614 1844 1683 1900 et
1750 1830 2119 1923 proferendi
2176 1836 2307 1899 im-

104 1953 373 2040 perium
401 1951 724 2039 cupidum
770 1949 853 2015 ad
897 1947 1317 2033 inferendum
1350 1949 1788 2041 Regiensibus
1822 1948 2081 2019 bellum
2116 1947 2312 2017 facile

105 2068 422 2134 incitant.
469 2065 833 2134 Rainaldus
891 2088 1163 2156 quoque
1221 2067 1604 2135 Passerinus
1648 2066 2080 2136 Bonacossius
2122 2066 2314 2136 Man·

109 2196 269 2251 tuae
315 2196 641 2273 tyrannus
683 2206 796 2272 spe
840 2183 1149 2251 Mutinae
1194 2183 1611 2274 recipiendae
1655 2185 1742 2250 ad
1788 2183 2065 2251 eandem
2117 2207 2315 2273 expe-

111 2300 438 2370 ditionem
484 2299 878 2391 impellitur.
922 2300 988 2367 Is
1043 2323 1196 2367 eam
1262 2302 1502 2369 urbem
1522 2351 1544 2383 ,
1587 2300 1945 2369 Francisco
1982 2301 2143 2370 Pico
2185 2300 2314 2368 Mi-

110 2417 497 2485 randulensi
542 2413 877 2483 Praefecto
919 2415 1235 2505 prodente
1249 2465 1269 2496 ,
1341 2418 1648 2506 proximo
1714 2440 1938 2483 mense
2005 2416 2310 2502 januario

115 2545 599 2624 occupaverat3
641 2531 757 2598 sed
804 2554 844 2598 a
885 2529 1197 2599 Guidone
1239 2529 1359 2599 Pio
1404 2543 1475 2597 et
1521 2530 1759 2620 Opicio
1790 2531 2156 2621 Paparono,
2189 2533 2312 2619 qui

115 2648 447 2738 populum
491 2647 574 2715 ad
617 2646 996 2714 libertatem
1040 2656 1463 2726 vocaverant,
1510 2645 1790 2733 ejectus,
1833 2649 1904 2712 in
1951 2648 2311 2735 pristinum

117 2762 494 2833 dominium
538 2764 802 2832 restitui
845 2761 1139 2832 volebat.
1184 2761 1475 2831 Foedere
1521 2764 1755 2852 itaque
1804 2782 2110 2851 percusso
2151 2764 2310 2828 cu'm

123 2900 441 2970 magnum
486 2878 782 2947 militum
822 2900 1177 2945 numerum
1207 2880 1593 2968 coegissent,
1622 2878 1910 2967 primum
1943 2876 2309 2959 Mutinam,

129 2993 251 3060 ubi
295 2995 573 3072 Joannes
614 2995 965 3062 Pancerius
1012 3006 1162 3060 tum
1206 2993 1478 3060 Praetor
1531 2992 1640 3079 jus
1686 2992 1978 3074 dicebat,
2020 2994 2310 3059 instante

131 3107 466 3178 Passerino
523 3109 945 3179 obsiderunt.
988 3107 1242 3176 Verum
1309 3107 1764 3176 Parmensium
1818 3106 2311 3188 Caesariorum,

133 3236 199 3291 et
237 3224 610 3294 Sessiorurn
677 3226 984 3315 precibus
1036 3227 1108 3291 in
1151 3223 1503 3314 Regienses
1569 3246 1754 3292 arma
1818 3233 2306 3292 converterunt.

128 3339 410 3411 Civibus
474 3341 636 3409 belli
701 3365 970 3410 causam
1036 3342 1518 3410 sciscitantibus
1586 3363 1971 3431 responsum
2035 3351 2170 3407 est:
2216 3339 2309 3408 ob

127 3455 373 3528 Sessios
395 3508 415 3537 ‚
461 3458 761 3550 aliosque
828 3456 1201 3528 Gibellinos
1265 3481 1450 3526 arma
1518 3461 1808 3538 moveri3
1850 3479 1979 3525 nec
2036 3479 2143 3538 se,
2184 3457 2313 3523 nisi

127 3596 356 3644 omnes
409 3573 637 3643 exules
692 3576 1159 3657 restituantur,
1199 3573 1621 3644 discessuros.
1665 3572 1842 3640 Tam
1885 3572 2102 3639 altum
2156 3593 2310 3639 vero

131 3690 360 3760 odium
428 3690 498 3759 in
567 3713 677 3761 eos
742 3702 1138 3782 conceptum
1191 3702 1367 3773 erat,
1431 3702 1780 3782 utquam
1847 3711 1958 3757 eos
2022 3688 2310 3776 recipere

131 3812 352 3878 omnia
405 3812 663 3900 perpeti
708 3809 983 3877 malent.
1029 3808 1318 3877 Obsessa
1360 3809 1560 3890 urbe,
1630 3818 1822 3875 tanta
1889 3804 2145 3895 frigoris
2211 3803 2312 3873 vis

136 3926 312 3992 venit
357 3935 440 3992 ut
481 3923 807 3992 Eridanus
850 3923 1056 4015 glacie
1097 3934 1446 3993 concretus
1511 3921 1817 3993 homiues
1883 3921 2304 4001 sustinuerit,

139 4059 250 4107 nec
303 4042 497 4131 panis
547 4043 677 4110 nisi
742 4045 891 4134 igne
955 4038 1330 4132 tepefactus
1393 4040 1500 4108 edi
1565 4042 1899 4131 potuerit3
1939 4038 2030 4106 ob
2072 4035 2311 4104 hiemis

137 4150 409 4251 <lenique
482 4158 873 4243 ueritiam,
940 4181 1074 4228 non
1142 4157 1449 4246 jumenta
1526 4169 1797 4226 tantum
1861 4153 2004 4267 sed·
2039 4151 2311 4244 plurimi
