2950 5017
687 398 819 446 ara
1420 397 1655 442 aarum
1698 365 2112 443 ancmsmnr

682 514 961 615 Nobiles
1004 517 1449 607 temeritatem
1509 540 1699 587 suam
1745 541 1889 588 sero
1930 524 2381 609 agnoscentes,
2425 539 2497 585 se
2541 540 2746 585 aurea
2798 516 2879 585 li·

679 636 969 717 bertate‚
998 658 1134 726 qua
1168 634 1285 702 diu
1326 632 1462 702 frui
1504 634 1838 716 licuisset,
1881 639 2174 727 privatos
2217 632 2416 702 fuisse
2458 632 2707 704 frustra
2751 635 2886 704 do·
2946 678 2948 681 -

677 751 947 834 lebant3
990 752 1177 844 plebs
1225 775 1412 833 vero,
1465 755 1919 843 potentiorum
1972 754 2279 842 superbia
2335 750 2630 833 offensa,
2677 777 2882 843 paca-
2946 800 2948 853 3

679 881 823 937 tam
865 868 1063 937 fuisse
1105 871 1447 937 civitatem
1491 869 1980 959 gratulabatur.
2026 869 2237 937 Paulo
2269 881 2421 936 ante
2451 893 2621 942 cum
2663 873 2876 936 etiam

677 984 1077 1055 veronenses
1141 1009 1404 1053 summa
1470 1008 1628 1052 cum
1698 996 2019 1074 potestate
2093 985 2483 1075 Scaligeros‚
2550 986 2877 1056 Patavini
2946 972 2948 1013 ³

676 1099 1141 1182 Garrarienses,
1184 1113 1253 1168 et
1295 1101 1652 1169 Mantuani
1685 1101 2055 1171 Passerinos
2097 1102 2295 1169 rebus
2338 1101 2639 1191 publicis
2688 1126 2873 1192 prae-

675 1214 1011 1297 fecissent,
1058 1216 1329 1283 urbium
1397 1239 1667 1284 suarum
1735 1228 1805 1283 et
1869 1219 1998 1306 ipsi
2065 1215 2436 1286 libertatem
2482 1220 2873 1284 amiserant.

673 1331 822 1399 Hos.
852 1353 1147 1400 summos
1192 1333 1649 1421 magistratus,
1694 1355 1863 1420 quos
1906 1332 2192 1397 Romani
2239 1331 2589 1399 dictatores
2643 1332 2875 1423 appel-
2946 1316 2948 1393 !

671 1445 940 1528 labant,
984 1449 1111 1537 ipsi
1171 1460 1470 1514 materna
1530 1447 1762 1535 lingua
1805 1440 1959 1512 cum
2004 1446 2259 1534 bayllia
2303 1446 2717 1538 Capitaneos
2758 1471 2879 1516 vo·
2946 1526 2948 1539 Ι

674 1561 922 1631 cabant
948 1563 1048 1642 (ης
1079 1561 1259 1652 quod
1305 1585 1548 1630 nomen
1594 1565 1661 1629 in
1706 1562 2043 1651 aliquibus
2087 1563 2365 1630 urbibus
2409 1568 2617 1631 etiam
2667 1565 2874 1633 hodie

673 1680 1013 1746 retinetur.
1060 1678 1154 1743 At
1191 1677 1628 1745 Bernardinus
1657 1677 1931 1746 Roscius
1962 1701 2081 1766 pro
2122 1679 2422 1748 Atestino
2449 1681 2643 1769 Regii
2676 1681 2876 1747 Prae-
2946 1754 2948 1757 ,

589 1819 597 1826 ·
674 1791 887 1861 fectus
932 1794 1018 1860 ad
1058 1794 1559 1865 instaurandam
1606 1794 1840 1860 urbem
1890 1798 2319 1862 convertitur.
2362 1796 2439 1862 In
2485 1801 2723 1886 primis
2773 1801 2874 1864 in·

673 1932 944 1977 censum
989 1910 1313 1978 Praetoris
1366 1909 1694 1999 palatium
1752 1910 2050 2000 aliasque
2100 1912 2322 1993 aedes,
2367 1926 2434 1978 et
2476 1914 2641 1981 Divi
2690 1914 2873 1981 Petri

675 2036 902 2114 portae
945 2024 1233 2091 dirutam
1280 2028 1515 2091 turrim
1561 2028 1632 2092 in
1682 2049 1821 2114 qua
1890 2038 2020 2093 tres
2091 2049 2439 2116 campanas
2483 2030 2874 2118 suspendit,

675 2161 915 2228 magna
959 2137 1297 2208 celeritate
1340 2142 1656 2207 restituit.
1703 2139 2213 2208 Munitissimam
2260 2154 2595 2232 praeterea
2640 2168 2872 2211 arcem

677 2256 798 2323 ubi
845 2258 912 2323 in
959 2256 1280 2345 praesidio
1327 2257 1571 2324 milites
1612 2256 1886 2324 haberet
1906 2308 1926 2338 ,
1969 2259 2150 2347 quod
2208 2262 2480 2326 amissae
2534 2260 2872 2328 libertatis

675 2374 1110 2441 certissimum
1176 2373 1489 2463 praebuit
1546 2387 2050 2463 argumentum,
2095 2399 2335 2465 magno
2378 2376 2595 2445 studio
2641 2376 2872 2444 aedifi-

677 2492 876 2557 cavit.
920 2488 1023 2558 Eo
1067 2490 1263 2561 modo
1307 2491 1726 2580 Regiensium
1772 2515 1990 2559 rerum
2029 2491 2307 2560 Obicius
2351 2495 2701 2562 Atestinus
2745 2520 2869 2584 po-

680 2608 871 2686 titus,
900 2604 1240 2674 Gulielmo
1285 2631 1324 2673 a
1367 2607 1577 2675 Bobio
1625 2620 1883 2675 nostrae
1928 2609 2109 2675 urbis
2154 2613 2458 2698 episcopo
2503 2609 2873 2692 declarato,

681 2725 856 2791 cives
885 2723 1160 2791 Alberto
1206 2721 1561 2814 Scaligao,
1611 2729 1809 2814 cujus
1841 2727 2063 2811 filiam
2093 2726 2552 2793 Constantiam
2582 2750 2877 2794 uxorem

679 2841 985 2924 duxerat,
1031 2851 1098 2906 et
1143 2840 1520 2909 Pinamonti
1561 2841 1981 2921 *Bonacossio,
2028 2841 2309 2932 aliisque
2352 2844 2652 2912 hostibus
2702 2868 2875 2912 con-

683 2955 968 3024 ciliavit.
1015 2957 1232 3040 Quare
1299 2961 1576 3025 vetustis
1644 2958 1918 3025 dissidiis
1977 2957 2301 3040 sublatis,
2353 2958 2868 3037 saluberrimum
2946 2954 2948 2963 ’

682 3071 833 3137 urbi
875 3069 1008 3138 fuit
1052 3095 1090 3137 a
1134 3073 1435 3162 Principe
1475 3075 1695 3162 potius
1725 3078 1884 3161 regi,
1913 3098 2120 3163 quam
2153 3077 2225 3140 in
2257 3077 2616 3164 perniciosa
2661 3075 2867 3143 liber·

683 3198 826 3252 tate
868 3189 1123 3265 vexari,
1167 3190 1289 3252 etsi
1334 3188 1630 3276 plerique
1675 3190 1858 3276 quod
1901 3189 2098 3257 dulce
2153 3190 2558 3281 reipublicae
2614 3216 2863 3260 nomen

682 3303 1008 3370 videretur
1057 3314 1301 3369 temere
1359 3307 1745 3392 impositam
1803 3309 2190 3374 servitutem
2237 3307 2659 3375 vehementer
2706 3333 2866 3399 que·

681 3416 1027 3483 rebantur.
1091 3415 1228 3483 ,Sed
1295 3417 1569 3484 Obicius
1633 3442 1768 3487 nou
1833 3420 1953 3487 diu
2028 3425 2434 3512 supervixit,
2501 3428 2621 3514 qui
2694 3449 2867 3492 anno

683 3536 918 3599 aetatis
961 3555 1116 3598 suae
1158 3533 1654 3626 quadragesimo
1722 3547 1945 3619 sexto,
2000 3552 2149 3627 post
2214 3563 2466 3607 annum
2523 3540 2861 3606 decimum

681 3653 1019 3741 quintum,
1062 3675 1268 3740 quam
1311 3653 1644 3720 Ferrariae
1691 3656 2012 3744 imperare
2058 3668 2390 3747 coeperat,
2422 3682 2602 3726 nono
2649 3658 2863 3724 calen-

678 3765 804 3836 das·
854 3770 1120 3834 martias
1182 3791 1354 3836 anno
1415 3791 1691 3845 mccxm1
1736 3770 2041 3839 decessit.
2087 3771 2242 3839 Post
2286 3796 2443 3841 eum
2481 3773 2724 3840 Actius
2767 3772 2864 3839 VI

685 3903 772 3946 ex
835 3880 1085 3958 Jacoba
1151 3883 1368 3950 Flisca
1435 3885 1705 3952 Adriani
1775 3885 1840 3953 V
1907 3885 2237 3955 Pontificis
2303 3887 2587 3955 Maximi
2663 3900 2863 3978 nepte

751 4127 834 4197 (t)
864 4128 1049 4185 Blond.
1081 4131 1164 4183 ub.
1196 4149 1305 4203 sup.
