2950 5017
909 424 1108 469 nisan
1152 425 1429 470 rsa-rius
2131 408 2253 499 169

69 543 409 613 victoriam
457 545 532 612 in
576 541 720 612 solo
761 546 1126 614 consistere.
1148 543 1708 628 animadvertunt,
1738 544 2099 615 duodecim
2130 552 2261 616 vir-

83 673 222 727 tute
263 669 683 749 praestantes
728 659 1167 741 Florentinos,
1194 664 1313 751 qui
1342 664 1631 751 specioso
1674 661 1876 731 titulo
1920 663 2259 734 Palatinos

75 789 509 856 vocaverunt,
529 799 684 843 cum
709 777 888 845 Caco
914 800 1366 869 congressuros
1397 778 1676 868 eligunt.
1709 779 2023 849 Postridie
2052 783 2257 870 igit-ur

71 895 306 959 caeteri
338 915 504 958 eum
533 892 733 960 denso
764 891 1254 961 Gibellinorum
1301 896 1561 983 agmine
1604 916 1899 984 pugnam
1941 898 2254 986 capiunt3

75 1008 357 1076 Palatini
429 1033 586 1077 vero
637 1009 976 1098 intrepido
1020 1014 1249 1080 animo
1292 1012 1548 1080 Cacum
1595 1013 2046 1081 circumdant.
2093 1014 2258 1094 Ille,

77 1128 319 1213 ingenti
385 1124 687 1193 hostium
754 1135 975 1214 strage
1042 1126 1258 1209 edita,
1302 1150 1458 1194 cum
1522 1128 1638 1195 diu
1668 1127 2086 1208 dimicasset,
2129 1130 2258 1197 sub

79 1260 357 1327 quercu,
405 1262 584 1329 quae
633 1252 775 1307 tum
839 1243 908 1310 in
972 1240 1192 1310 medio
1243 1240 1386 1312 foro
1430 1246 1757 1332 procerior
1798 1243 2218 1333 spectabatur
2236 1295 2256 1325 ,

83 1357 339 1424 tandem
384 1356 793 1448 longioribus
825 1358 1059 1450 gladiis
1089 1358 1426 1429 confossus
1465 1361 1814 1429 occubuit.
1845 1361 2086 1449 Magna
2115 1385 2258 1429 cor-

85 1477 248 1560 poris
289 1471 472 1541 mole
515 1473 791 1542 cadente
834 1475 1133 1565 undique
1177 1473 1399 1545 forum
1457 1481 1779 1567 strepuit,
1822 1488 1890 1543 et
1935 1475 2257 1544 Gibellini

85 1587 304 1657 inclito
344 1588 516 1656 duce
559 1592 796 1658 amisso
841 1593 911 1668 in
958 1588 1188 1680 fugam
1232 1593 1400 1660 versi
1430 1614 1588 1658 cum
1620 1590 1848 1660 Marco
1864 1577 2253 1661 'Gradanico

87 1702 283 1770 nobili
314 1703 573 1774 Veneto
616 1706 947 1787 Praetore,
991 1712 1105 1774 cui
1148 1710 1425 1776 duorum
1467 1712 1817 1792 mensium,
1850 1709 2090 1797 quibus
2120 1731 2259 1775 ma-

90 1823 366 1906 gistrum
390 1822 683 1911 functus
712 1837 841 1910 est,
871 1819 1194 1892 salar-iuni
1229 1826 1522 1893 solutum
1547 1824 1727 1913 fuit,
1772 1827 1989 1914 patria
2018 1824 2269 1915 -expel-.

91 1932 337 2003 luntur:
397 1958 553 2005 cccc
611 1940 682 2006 in
744 1961 824 2007 eo
888 1937 1200 2007 conflictu
1251 1938 1596 2007 desiderati
1658 1937 1856 2008 fuisse
1920 1940 2252 2008 dicuntur.

91 2048 188 2116 Ex
227 2051 551 2142 Guelphis
601 2054 876 2144 Prosper
918 2054 1180 2136 Abbas,
1225 2066 1298 2122 et
1339 2054 1564 2125 Cnido
1611 2079 1652 2122 a
1696 2055 2040 2137 charitate
2094 2030 2257 2123 cnm

93 2165 372 2253 pluribus
413 2168 565 2235 aliis
609 2169 940 2237 ceciderez
988 2166 1314 2260 fugientes
1372 2194 1492 2261 per
1537 2184 1796 2261 portam
1822 2170 2074 2239 »Sancti
2117 2172 2257 2239 Na-

93 2287 227 2349 zsrii
268 2289 600 2367 exierunt,
629 2287 751 2353 ubi
784 2310 984 2376 prope
1015 2287 1306 2355 Puteum
1350 2292 1598 2355 iterum
1645 2302 1960 2358 renovato
2004 2288 2254 2379 praelio

95 2398 297 2468 multis
339 2403 543 2469 caesis
596 2402 715 2468 diu
778 2423 1074 2492 pugnam
1142 2405 1545 2483 sustinuere3
1616 2403 1887 2471 tandem
1955 2404 2254 2471 recedere

95 2520 276 2583 coacti
313 2519 381 2585 in
424 2517 714 2587 diversas
756 2529 974 2608 partes
1023 2518 1265 2588 abiere.
1312 2519 1646 2590 Nonnulli
1676 2523 1798 2609 qui
1828 2520 2138 2588 Castrum
2171 2519 2253 2587 de

96 2629 267 2699 Ardis
303 2645 812 2723 occupaverant,
840 2633 1074 2702 eodem
1113 2634 1221 2702 die
1266 2635 1354 2702 ab
1398 2638 1570 2702 irata
1614 2636 1814 2724 plebe
1859 2639 2253 2725 expugnati,

96 2758 157 2810 et
190 2771 394 2819 everso
439 2750 614 2831 loco,
656 2754 776 2840 qui
820 2754 971 2842 capi
1012 2751 1687 2842 potuerunt,·laqueo
1732 2761 1888 2818 sunt
1933 2754 2251 2841 suspensi.

97 2854 222 2927 Alii
242 2887 322 2930 ex
347 2864 570 2933 Sessiis
599 2865 966 2956 Regiolum„
997 2889 1067 2934 se
1108 2866 1570 2935 contulerunt.
1612 2867 1709 2933 At
1738 2865 2016 2933 Gerardi
2046 2867 2249 2956 Lupii

99 2973 304 3059 liberi,
326 2979 579 3051 Canulo
621 2994 971 3072 occupato,
1000 2985 1257 3072 patriae
1285 2981 1546 3048 bellum
1588 2979 1827 3058 inferre
1870 2995 2247 3072 coeperunt.

100 3092 294 3175 Quare
329 3122 403 3166 eo
446 3101 778 3168 exereitus
806 3101 1074 3180 missus,
1102 3110 1299 3189 pacta
1329 3099 1680 3167 bominum
1725 3097 1973 3180 salute,
2017 3099 2250 3167 exules

99 3207 170 3273 sd
203 3210 586 3282 deditionem
635 3213 995 3304 compulit,
1027 3226 1098 3281 et
1128 3213 1443 3283 Castrum
1489 3217 1698 3305 cepit.
1744 3213 2050 3308 Profugis
2094 3218 2261 3289 civi-,

102 3335 214 3393 tate
249 3341 313 3396 et
352 3330 692 3398 suburbiis
744 3333 918 3398 intra
974 3336 1249 3399 tertium
1300 3331 1595 3421 lapidem
1642 3344 1745 3400 est
1787 3332 2247 3416 interdictum,

101 3451 156 3503 et
187 3439 388 3512 Marci
433 3444 759 3513 Praetoris
814 3433 1230 3515 exauctorati
1295 3446 1444 3516 loco
1496 3446 1798 3536 jacobus
1864 3449 2249 3538 Raugonius

99 3551 352 3627 latinae
394 3560 747 3651 Guelphae
797 3559 1103 3631 factionis
1155 3566 1456 3653 princeps
1500 3575 1600 3630 est
1643 3561 1959 3631 suffectus
1977 3613 1992 3632 .
2041 3563 2244 3631 Sessii

101 3669 153 3735 in
185 3675 448 3744 axilium
493 3680 627 3745 acti
669 3701 826 3745 cum
872 3681 1155 3770 pecunia
1198 3691 1493 3771 egerent,
1533 3678 1809 3769 Regiolo
1854 3692 2081 3771 capto,
2127 3705 2246 3771 cp·

99 3785 289 3872 pidum
330 3793 894 3863 Cremonensibus
936 3795 1259 3863 librarum
1304 3795 1730 3886 Regiensium
1777 3797 1991 3863 tribus
2035 3797 2246 3864 milli·

102 3891 216 3971 Μ’
234 3911 478 4000 pignori
523 3910 925 4001 obligarunt.
969 3911 1134 3982 Mox
1155 3905 1374 3982 .Roll'0
1420 3924 1813 3995 restaurato,
1855 3911 2064 3982 'etiam
2100 3916 2249 3982 .Ca-

101 4017 328 4107 nulum,
354 4026 538 4117 qnod
583 4027 950 4117 Lupiorum
994 4028 1348 4099 castellum
1393 4027 1554 4112 fuit,
1596 4041 1679 4097 nt
1720 4044 1974 4100 certam
2018 4030 2243 4099 sedem

104 4126 404 4224 hbe-ent,
445 4147 855 4228 munierunt,
883 4156 954 4213 et
982 4150 1319 4218 civitatem
1360 4158 1610 4218 nexare
1637 4169 1780 4217 non
1809 4151 2240 4233 destiterunt,
