2950 5017
683 352 822 421 ⁹¹0
1425 350 1661 399 aarum
1705 348 2119 397 ateramum

684 474 955 567 grassari
995 473 1300 554 sinimus,
1342 471 1507 562 quid
1552 470 1734 538 aliud
1776 483 2091 561 superest,
2117 493 2322 562 quam
2352 482 2434 538 ut
2463 472 2703 561 patrio
2746 469 2870 540 sole

682 590 946 668 amicis,
988 589 1283 677 cognatis
1301 636 1320 667 ,
1363 588 1844 677 penatibusque
1887 587 2131 655 relictis
2147 632 2169 669 ,
2209 582 2440 654 exules
2501 588 2873 676 peregrine·

678 708 886 774 mur?
930 704 1501 772 Innocentissimos
1551 704 1957 771 immanibus
2008 699 2161 771 feris
2203 703 2623 772 devorandos
2692 702 2872 769 relin-
2916 690 2917 761 i

678 822 1019 911 quamus?
1081 818 1235 887 Non
1304 830 1567 908 poterat
1631 817 1900 887 Praetor
1966 818 2128 885 huic
2193 828 2415 886 vastae
2482 823 2870 907 tempestati
2916 804 2917 807 Ἴ

676 940 967 1006 resistere
988 986 1008 1016 ,
1050 936 1233 1003 urbis
1299 932 1726 1003 Praefectum
1793 938 2193 1003 creavimus.
2247 935 2391 1003 Hoc
2434 956 2735 1025 quoque
2769 958 2869 1002 ne·
2916 938 2917 945 ’

675 1050 890 1142 glecto
944 1052 1364 1140 magistratu,
1407 1053 1687 1141 rapinis,
1733 1050 2083 1130 caedibus,
2113 1049 2455 1130 incendiis,
2487 1053 2743 1118 aerarii
2770 1050 2865 1117 de-

673 1171 876 1257 nique
918 1166 1290 1256 direptione
1332 1190 1465 1235 non
1514 1167 1873 1235 abstinent.
1921 1166 2184 1234 Fortius
2244 1166 2434 1235 nobis
2484 1171 2540 1233 si
2610 1167 2863 1235 videtur

672 1281 1040 1373 parandum
1085 1292 1184 1349 est
1225 1279 1568 1362 fraenum,
1599 1306 1735 1372 quo
1763 1281 2160 1350 indomitam
2191 1278 2561 1348 furentium
2616 1281 2861 1355 rabiem

671 1418 1196 1488 compescamus.
1248 1396 1498 1466 Notam
1545 1398 1737 1465 vobis
1783 1397 2000 1467 Obicii
2046 1398 2330 1465 Atestini
2400 1401 2743 1464 virtutem
2804 1408 2864 1463 et

671 1511 1095 1602 prudentiam
1140 1534 1278 1580 esse
1321 1515 1660 1593 existimo,
1693 1515 1811 1602 qui
1842 1511 2324 1579 tumultuantis
2368 1513 2689 1580 Mutinae
2736 1535 2862 1580 mo-

669 1628 931 1696 derator
984 1631 1263 1709 accitus,
1331 1640 1523 1694 tanta
1587 1632 1906 1718 sapientia
1973 1641 2044 1695 et
2111 1631 2442 1718 aequitate
2510 1629 2862 1697 seditiones

669 1747 1111 1834 compescuit,
1153 1755 1233 1810 ut
1288 1747 1649 1810 maximam
1719 1744 1902 1811 illius
1971 1744 2231 1812 civibus
2297 1744 2858 1835 tranquillitatem

669 1860 779 1929 vel
823 1863 1044 1950 potius
1086 1859 1373 1928 salutem
1416 1860 1744 1926 attulerit.
1793 1861 1970 1927 Huic
2011 1862 2163 1949 e‘rgo
2197 1861 2377 1927 urbis
2409 1875 2680 1929 nostrae
2708 1882 2854 1928 cum

666 1996 930 2042 summa
995 1986 1323 2063 potestate
1389 1998 1621 2041 curam
1679 1975 2233 2043 committendam
2277 1994 2412 2044 esse
2455 1998 2739 2056 censeo,
2787 1988 2856 2040 ut

666 2103 927 2179 praetor
969 2089 1168 2156 simul
1212 2102 1281 2156 et
1323 2089 1698 2180 praefectus
1743 2104 1989 2158 cuncta
2029 2115 2146 2180 pro
2178 2114 2299 2159 suo
2333 2092 2609 2160 arbitrio
2656 2092 2855 2182 possit

669 2206 1031 2295 disponere.
1088 2204 1315 2275 Solam
1359 2207 1533 2275 hanc
1577 2208 1823 2276 morbis
1863 2211 2098 2276 nostris
2131 2211 2394 2279 invenio
2426 2200 2860 2289 medicinam,

670 2345 807 2412 qua
851 2321 1182 2411 neglecta,
1225 2323 1417 2391 nobis
1459 2324 1646 2390 brevi
1693 2324 2065 2391 cadendum
2112 2336 2181 2390 et
2224 2324 2715 2415 rempublicam
2758 2349 2854 2392 ra·

672 2436 917 2503 dicitus
961 2459 1254 2506 eversam
1296 2441 1373 2504 iri
1420 2461 1555 2506 non
1588 2438 1850 2506 dubito.
1896 2439 2015 2505 His
2047 2439 2242 2506 dictis
2287 2442 2508 2507 variae
2552 2445 2625 2507 in
2672 2445 2850 2507 curia

668 2552 889 2619 dictae
937 2559 1300 2621 sententiae
1365 2553 1553 2622 fuere
1573 2604 1590 2621 .
1648 2555 1951 2623 Tandem
1999 2555 2404 2625 Caesarianis
2457 2561 2553 2624 ita
2604 2555 2856 2645 efflagi-

669 2668 968 2735 tantibus
1012 2668 1327 2735 Obicium
1372 2668 1550 2735 Actii
1609 2673 1869 2760 patrem
1934 2694 2197 2738 summa
2264 2694 2423 2738 cum
2488 2684 2851 2762 potestate,

667 2795 738 2850 et
782 2786 919 2851 sine
964 2788 1427 2874 provocatione
1467 2783 1888 2853 Praefectum
1933 2801 2231 2854 creatum
2275 2790 2498 2856 vocari
2545 2786 2808 2877 placuit
2825 2835 2844 2866 ‚

666 2900 860 2986 cujus
916 2904 1008 2968 rei
1074 2926 1230 2968 cum
1295 2900 1628 2969 Inferioris
1674 2906 1961 2971 nominis
2010 2905 2268 2971 civibus
2309 2909 2379 2971 in
2423 2905 2655 2993 primis
2698 2902 2848 2969 Ber·

664 3017 1018 3084 nardinum
1046 3018 1499 3107 Praepositum
1531 3018 1928 3103 Folleanum
1953 3071 1973 3101 ,
2017 3019 2393 3110 Sessiosque
2434 3024 2506 3087 in
2553 3019 2841 3088 hostium

665 3132 987 3201 invidiam
1033 3146 1327 3200 auctores
1372 3131 1574 3200 fuisse
1618 3146 1898 3201 constat.
1940 3134 2219 3202 Ineunte
2250 3138 2454 3223 igitur
2485 3158 2595 3201 an.
2626 3153 2844 3200 mccxc

665 3247 886 3315 idibus
930 3248 1232 3337 quintilis
1286 3248 1489 3339 legati
1544 3250 1627 3316 ad
1673 3273 1828 3316 eum
1875 3254 2054 3318 missi
2116 3265 2349 3341 rogant
2391 3263 2471 3317 ut
2512 3251 2842 3318 seditioso—

666 3387 817 3432 rum
885 3363 1299 3434 fraenaturus
1364 3367 1712 3435 libidinem
1780 3389 1896 3457 per
1966 3370 2324 3435 triennium
2393 3369 2668 3438 arbitrio
2729 3390 2843 3435 suo

663 3482 900 3548 urbem
970 3493 1262 3550 nostram
1318 3496 1532 3574 regat.
1589 3483 1840 3551 Gratiis
1882 3486 2050 3551 actis
2095 3484 2405 3566 Obicius,
2448 3485 2635 3575 quod
2678 3483 2840 3551 hanc

663 3599 748 3666 de
788 3623 857 3668 se
901 3601 1269 3692 respublica
1313 3603 1691 3694 opinionem
1736 3605 2196 3693 optimamque
2236 3624 2422 3693 spem
2469 3602 2838 3681 habuisset,

658 3718 730 3784 in
776 3740 1027 3785 annum
1072 3730 1339 3786 tantum
1384 3719 1866 3810 praefecturam
1911 3744 1982 3788 se
2028 3732 2452 3809 accepturum
2487 3721 2834 3809 promittit.

661 3831 727 3898 Is
769 3856 855 3898 ex
898 3834 1246 3924 Raynaldo
1289 3848 1489 3904 natus
1536 3849 1729 3904 antea
1775 3835 2155 3904 Gulielmus
2199 3836 2602 3917 vocabatur,
2644 3855 2836 3925 quem

659 3944 895 4013 Actius
959 3946 1026 4015 V
1099 3973 1253 4017 cum
1321 3951 1521 4041 prolis
1588 3975 1705 4041 spe
1771 3964 2061 4034 careret,
2128 3950 2473 4017 haeredem
2545 3947 2834 4017 facturus

659 4060 1050 4152 adoptatum
1098 4067 1185 4133 ab
1232 4069 1410 4136 avito
1454 4068 1720 4135 nomine
1769 4067 2083 4137 Obicium
2137 4067 2542 4136 nominavit.
2586 4064 2651 4132 A
2691 4061 2831 4154 plu·
