2950 5017
932 410 1132 493 mssa
1176 444 1475 501 Quaarus
2174 431 2304 495 233

81 565 520 658 Epiphaniae
565 563 890 634 solemnia
931 565 1350 633 celebrantur
1391 569 1695 656 sequenti
1728 588 1903 634 anno
1937 564 2304 653 Mediolani

75 686 151 750 in
198 681 476 749 Sancti·
498 681 837 749 Ambrosii
884 681 1139 772 templo
1190 694 1505 771 argentea-
1543 705 1784 750 corona
1832 695 2106 773 accepta
2155 682 2307 773 plu-

76 802 296 869 rimos
352 801 640 888 equestri
687 774 1010 888 dignitate
1061 802 1234 866 inter
1280 822 1448 889 quos
1519 802 1723 865 etiam
1793 823 1879 866 ex
1942 799 2304 868 Manfredis

79 940 217 984 non
255 938 538 1005 paucos,
569 926 833 983 nostrae
862 910 1043 983 urbis
1087 918 1413 1006 episcopo
1439 929 1508 982 et
1554 915 1790 1006 legatis
1821 919 2303 1006 praesentibus,

75 1035 481 1099 exornavit.
539 1030 671 1098 Sed
729 1055 889 1099 cum
944 1035 1150 1100 totius
1216 1031 1452 1099 Italiae
1521 1034 1923 1123 principatui
1987 1034 2300 1115 inhiaret,

79 1151 446 1215 universae
479 1146 743 1215 Galliae
772 1147 1148 1238 Cisalpinae
1186 1151 1546 1217 civitatum
1557 1186 1588 1230 ,·
1623 1172 1798 1239 quae
1842 1144 2304 1218 Medidlanum

83 1264 355 1355 legatos
398 1267 747 1347 miserant,
790 1258 1129 1334 conuentu
1176 1265 1435 1347 habito,
1478 1266 1560 1332 de
1605 1265 2010 1356 populorum
2056 1267 2306 1335 dissen-

85 1383 423 1462 sionibus,
451 1382 699 1471 quibus
741 1382 1009 1449 Italiam
1057 1385 1294 1449 misere
1336 1382 1613 1450 lacerari
1658 1383 1957 1465 dicebat,
2002 1407 2119 1474 per
2165 1408 2307 1452 ma-

91 1521 256 1589 gnos
305 1498 664 1567 verborum
709 1500 1040 1566 cir-'cuitus'
1072 1497 1344 1588 publice
1387 1511 1790 1589 conquestus
1854 1512 1955 1566 est
1982 1525 2003 1566 ε
2031 1551 2034 1555 .
2058 1512 2311 1568 nostra-

91 1637 246 1681 rum
293 1637 366 1680 se
411 1612 876 1681 calamitatum
924 1594 1352 1694 miseratum,
1399 1627 1481 1680 ut
1504 1617 1851 1682 intestinis
1892 1616 2142 1684 morbis
2172 1640 2311 1683 me·

93 1731 393 1812 deretur,
433 1733 530 1798 cis
574 1729 755 1820 alpes
802 1734 1094 1812 venisse3
1141 1755 1217 1797 ac
1264 1730 1454 1798 velut
1501 1755 1804 1823 aequum·
1841 1737 2145 1801 omnium
2193 1757 2311 1824 pa·
2375 1779 2379 1783 .

95 1860 358 1917 rentem
422 1872 504 1915 ea
568 1848 914 1938 diligentia
988 1848 1216 1916 turbas
1283 1852 1846 1940 compositurum,
1914 1862 1996 1917 ut
2062 1863 2306 1941 pacata

97 1969 360 2048 omnia,
417 1988 823 2055 summaque
890 1969 963 2033 in
1032 1966 1527 2055 tranquillitate
1585 1967 1774 2035 brevi
1840 1970 1975 2035 sint
2042 1966 2306 2036 futura.

98 2083 290 2151 Hanc
336 2083 432 2153 ob
477 2106 749 2150 causam
797 2084 881 2149 ad
928 2084 1225 2171 singulas
1270 2084 1468 2151 urbes
1513 2083 1847 2174 legatum,
1879 2083 2083 2174 vulgo
2113 2086 2312 2154 Vica-

99 2201 270 2267 rium
315 2211 675 2291 vocatum,
720 2202 839 2289 qui
882 2211 1108 2289 gentes
1154 2186 1231 2266 in*
1269 2223 1498 2267 secura
1562 2224 1743 2295 pace
1776 2213 1846 2267 et
1890 2199 2108 2270 officio
2154 2226 2311 2270 con·-

102 2319 342 2385 tineret
384 2340 453 2383 se
499 2318 850 2383 missurum
897 2312 1138 2383 edixit:
1189 2315 1398 2383 alium
1448 2341 1604 2385 vero
1652 2320 1999 2385 universae
2047 2319 2312 2409 Longo-

99 2431 367 2524 bardiae
409 2455 567 2499 cum
613 2432 898 2500 duorum
945 2431 1237 2497 millium
1286 2444 1696 2500 armatorum
1743 2435 2073 2522 praesidio
2117 2459 2303 2524 prae-

105 2544 432 2615 fecturum
456 2598 477 2629 ,
521 2548 769 2637 quibus
814 2546 1111 2636 singulas
1166 2551 1472 2618 civitates
1542 2550 1948 2638 stipendium
2015 2549 2310 2618 conferre

107 2663 392 2733 volebat.
441 2664 553 2732 Ad
590 2688 701 2732 ·ea
768 2664 1154 2755 Regienses,
1202 2670 1321 2756 qui
1371 2668 1643 2732 Henrici
1712 2667 2040 2733 adventus
2107 2662 2311 2734 causa

110 2793 304 2849 antea
347 2784 643 2872 cognita,
671 2781 919 2850 Sessios
964 2785 1034 2849 in
1082 2785 1867 2872 gratiam'susceperant,
1899 2806 2092 2850 suam
2123 2789 2316 2873 quie-
2404 2774 2409 2778 ⁴

113 2906 250 2964 tam
294 2922 430 2967 esse
472 2898 962 2989 rempublicam
1008 2898 1521 2988 responderunt3
1567 2912 2140 2989 monumentaque
2183 2924 2309 2989 pu·-

113 3013 289 3082 blica
331 3016 573 3106 quibus
619 3016 853 3083 dextra
897 3017 1059 3082 data
1103 3015 1306 3081 simul
1356 3039 1592 3104 pacem
1640 3016 1993 3105 Regienses
2046 3014 2331 3085 inivisse

113 3132 546 3220 probabatur,
591 3131 856 3200 Caesari
908 3131 1193 3222 legenda
1259 3131 1690 3213 obtulerunt,
1756 3132 2033 3222 jamque
2099 3133 2313 3200 Male-

112 3251 355 3335 presiis,
417 3252 537 3339 qui
598 3248 906 3339 Gypsum
953 3228 1313 3327 tenebant,
1359 3248 1687 3316 seditiosis
1745 3249 2134 3317 horninibus
2202 3274 2314 3316 su-

114 3365 473 3450 perioribus
518 3363 752 3432 diebus
818 3364 984 3431 urbe
1055 3364 1318 3451 ejectis,
1370 3366 1803 3454 imposterum
1876 3366 2310 3455 tranquillam
2351 3345 2361 3355 ”

113 3480 442 3548 civitatem
488 3483 627 3548 sine
671 3480 806 3548 alio
849 3492 1100 3548 rectore
1155 3476 1460 3561 futu‘ram
1520 3482 1941 3570 pollicentur.
1988 3484 2083 3549 At
2128 3486 2315 3551 Hen-

114 3595 275 3663 ricus
318 3586 708 3663 simulatam
754 3620 905 3663 eam
949 3618 1180 3685 pacem
1229 3619 1392 3675 esse,
1436 3607 1506 3662 et
1550 3594 1813 3664 futuros
1867 3597 2312 3679 tumultusse

115 3713 306 3778 vereri
349 3711 661 3779 dictitans
706 3710 1162 3780 Marcbionem
1194 3710 1553 3801 Spineturn
1585 3712 2069 3803 Malaspinam,
2116 3712 2341 3803 velutg

117 3821 341 3896 Sessios
386 3828 773 3917 adversariis
819 3828 1357 3907 conciliaturum,
1389 3827 1688 3917 legatum
1728 3833 1934 3910 misit,
1967 3833 2086 3920 qui
2120 3834 2309 3897 nonis

119 3935 417 4011 februarii
465 3944 715 4034 populo
747 3944 1015 4013 obviam
1051 3958 1253 4011 eunte
1285 3945 1570 4033 Regium
1618 3949 1942 4035 ingressus
1998 3947 2313 4038 postridie

123 4077 220 4125 sos
253 4060 650 4130 introduxit.
693 4060 948 4150 Legati
992 4076 1060 4131 et
1106 4067 1240 4151 ipsi
1287 4065 1552 4133 domum
1598 4070 1838 4132 reversi
1885 4067 2036 4152 ejus
2083 4066 2313 4143 literas

124 4178 499 4264 attulerunt,
546 4178 788 4268 quibus
823 4200 980 4270 pax
1010 4177 1309 4267 Augusti
1342 4183 1557 4267 Jussu
1599 4184 1775 4249 inter
1818 4185 1997 4248 cives
2045 4195 2113 4251 et
2158 4178 2313 4249 Ses-
