2950 5017
796 444 799 448 ’
915 465 1116 514 mmm
1155 465 1482 518 sarnatus
1888 449 1891 452 ’
2153 457 2286 541 485

54 587 205 657 bus
252 587 455 655 acciti
499 606 742 677 magno
784 586 1056 678 impetu·
1073 588 1330 656 deserta
1373 587 1525 660 loca
1567 601 2004 681 occuparunt.
2053 591 2115 661 A
2161 598 2287 662 mi-

54 703 285 773 litum
337 704 648 772 manibus
707 707 1066 795 temperari
1126 731 1261 776 non
1321 708 1579 797 potuit,
1632 710 1797 797 quin
1853 723 2088 779 octavo
2140 711 2286 795 die,

57 845 220 912 quo
267 820 563 912 Virginis
606 822 919 889 nativitas
963 820 1367 902 celebratur,
1412 824 1533 890 vix
1575 820 1839 891 feminis
1883 828 2149 895 intactis
2192 852 2291 895 re·

58 935 262 1005 lictis
309 939 533 1007 omnia
575 935 854 1027 profana
895 960 1211 1029 sacraque
1254 940 1629 1006 avarissime
1656 926 2116 1030 diriperentur.
2146 940 2283 1014 Sed

59 1075 242 1120 cum
292 1050 686 1122 Lotrechius
730 1052 1000 1121 Lescuti
1047 1051 1251 1122 frater
1293 1057 1539 1143 ‘magno
1605 1073 1765 1122 cum
1834 1059 2134 1125 exeecitu
2178 1058 2293 1125 ad-

65 1180 393 1238 ventasse
435 1168 791 1249 diceretur,
835 1167 1169 1239 Pontificii
1201 1170 1283 1237 ad
1314 1170 1406 1238 D.
1439 1170 1769 1239 Lazarum
1812 1167 2099 1263 ¹Regium
2146 1195 2292 1244 ve'r-

65 1307 200 1353 sus
254 1296 785 1353 retrocesserunt.
833 1284 945 1351 Ab
1000 1284 1147 1352 'alia
1212 1308 1369 1354 vero
1435 1298 1628 1377 parte
1695 1297 1851 1354 c'um
1922 1287 2156 1355 Finale
2220 1301 2290 1357 et

69 1399 159 1468 S.
183 1399 428 1469 Felicis
455 1398 725 1467 castella
743 1400 843 1467 ab
873 1398 1168 1491 Alponso
1199 1402 1502 1471 Atestino
1545 1414 1745 1494 capta
1788 1406 2286 1487 nunciarentur,

69 1515 319 1585 Guido
346 1516 704 1608 Raugonus
743 1530 824 1585 ut
859 1520 1048 1610 ‘paria
1077 1514 1324 1586 faceret
1354 1541 1514 1585 cum
1546 1521 1935 1610 octingentis
1965 1517 2289 1591 Helvetiis
2318 1572 2323 1577 -

69 1647 160 1703 et
200 1634 503 1704 ducentis
544 1637 884 1726 equitibus
927 1635 1242 1726 Frignani
1285 1635 1607 1727 ignobilia
1649 1636 1920 1706 castella
1966 1651 2276 1731 occupat.

72 1750 468 1822 Nonnullos
510 1763 847 1842 praeterea
890 1751 1153 1834 Gallos,
1196 1754 1317 1843 qui
1364 1751 1678 1843 praedam
1726 1777 1813 1820 ex
1858 1752 2292 1844 Regiensibus

76 1892 282 1960 agere
324 1893 456 1937 nou
500 1869 875 1952 cessabant,
911 1873 1142 1937 rustici
1188 1869 1626 1939 trucidarunt.
1658 1869 1967 1938 Tandem
1990 1875 2291 1940 exercitu

74 1985 400 2056 hostium·
431 1985 835 2055 Cremonam
883 1986 1207 2068 deducto,
1249 1986 1440 2076 Regii
1502 1986 1899 2070 timebatur,
1960 2011 2046 2055 ne
2109 1986 2297 2056 Galli

75 2106 162 2171 in
208 2103 441 2170 urbem
485 2105 832 2171 irruerent.
878 2102 1119 2195 Itaque
1177 2102 1445 2170 clausae
1509 2125 1683 2194 quae
1727 2101 2037 2171 Parmam
2092 2083 2298 2195 respi-

77 2223 282 2289 ciunt
324 2232 586 2311 portae,
618 2242 879 2310 aggeres
920 2219 1289 2289 secundum
1322 2219 1791 2288 Crustumium
1822 2221 2080 2302 extrui,
2109 2245 2297 2312 prae-

75 2337 264 2406 sidia
300 2339 552 2429 ubique
597 2337 885 2428 disponi,
930 2349 1000 2405 et
1042 2340 1222 2405 cives
1266 2348 1417 2428 post
1478 2336 1716 2406 boram
1786 2341 2003 2407 noctis
2062 2362 2297 2407 secun·

78 2454 248 2522 dam
291 2455 489 2524 domo
542 2458 725 2521 exire
786 2454 1127 2545 prohibiti.
1175 2453 1272 2520 At
1317 2452 1635 2521 Vitellius
1702 2449 1858 2521 cum
1929 2453 2033 2521 bis
2106 2454 2296 2522 mille

83 2569 446 2654 Helvetiis,
490 2582 560 2637 et
602 2559 905 2662 quinque
950 2568 1251 2638 millibus
1293 2569 1624 2640 Italorum
1646 2619 1668 2652 ,
1714 2569 2297 2660 cataphractisque

85 2700 366 2758 centum
408 2690 922 2779 quinquaginta,
952 2698 1024 2755 et
1057 2686 1205 2755 aliis
1235 2686 1581 2777 equitibus
1608 2688 1943 2767 trecentis,
1973 2684 2294 2774 adjuncto

91 2804 220 2874 sibi
254 2802 701 2886 Ramaciotto,
730 2803 998 2872 Mutina
1027 2806 1271 2884 movit,
1302 2800 1588 2895 fusoque
1617 2801 2075 2870 Atestinorum
2108 2826 2295 2869 exer·-

87 2923 263 3002 citu,
304 2943 510 3011 quem
555 2919 927 3011 Carpianus
970 2918 1299 3001 ducebat,
1342 2917 1740 2987 Bondenur'u
1784 2929 1855 2986 et
1898 2916 2134 2986 Finale
2180 2941 2301 3010 op·

89 3037 330 3130 pidum
375 3039 648 3128 recepit.
692 3039 847 3122 Quo
893 3046 1194 3126 tempore
1239 3046 1390 3125 post
1427 3033 1961 3126 frequentissima
1992 3032 2298 3125 fulgura,

87 3166 172 3222 et
212 3156 525 3237 tonitrua,
569 3156 745 3223 circa
789 3164 1097 3224 octavam
1144 3154 1361 3220 noctis
1405 3153 1641 3221 horam
1684 3157 1929 3242 magno
1981 3174 2140 3221 cum
2196 3164 2299 3221 to-

91 3273 234 3339 tius
293 3273 581 3340 civitatis
646 3283 932 3340 tremore
995 3268 1299 3338 Herculis
1365 3269 1656 3337 Atestini
1730 3267 1925 3337 aedes
1993 3268 2300 3337 Thomas

92 3387 519 3458 Cambiatori
583 3392 936 3479 contiguae
1002 3398 1073 3454 et
1136 3386 1309 3454 aliae
1374 3410 1804 3456 monacorum
1849 3383 1924 3453 S.
1969 3385 2302 3477 hesperi,

97 3529 282 3598 quae
309 3507 401 3576 D.
431 3508 610 3576 Petri
643 3506 898 3597 templo
942 3505 1371 3594 adjacebant,
1398 3506 1482 3573 de
1509 3504 1717 3575 coelo·
1744 3516 1964 3573 tactae
2009 3501 2304 3571 fuerant.

99 3621 361 3691 Eadem
401 3635 598 3694 nocte
641 3621 880 3691 Petrus
922 3622 961 3701 J
966 3621 1210 3691 acobus
1252 3620 1723 3691 Verminescus
1776 3643 1934 3687 cum
1981 3621 2306 3709 quingen-

102 3749 335 3808 torum
405 3742 918 3831 proscriptorum
987 3736 1583 3807 mediolanensium
1650 3735 1918 3804 cohorte
1985 3731 2307 3800 ducento-

103 3877 391 3946 rumque
431 3857 736 3946 equitum
783 3853 890 3923 ala
934 3853 1277 3945 proditum
1323 3855 1404 3920 iri
1435 3851 1576 3921 'sibi
1605 3849 2013 3917 Placentiam
2053 3845 2303 3917 frustra

101 3993 366 4064 sperans
411 3972 697 4065 Regium
740 3972 1038 4041 divertit.
1080 3971 1221 4040 Alii
1267 3980 1608 4061 praeterea
1660 3966 1859 4036 duces
1926 3989 2086 4034 cum
2154 3962 2310 4056 plu-

105 4090 288 4158 rimis
329 4091 532 4182 copiis
574 4093 646 4159 in
690 4089 832 4160 dies
889 4088 1329 4160 crudescentis
1394 4085 1562 4157 belli
1627 4085 2014 4154 necessitate
2072 4092 2305 4173 postu·

105 4204 287 4276 laute
330 4229 446 4298 per
469 4207 844 4302 ‘Regienses
886 4231 1019 4277 non
1063 4208 1204 4276 sine
1249 4228 1495 4297 magna
1540 4204 1794 4275 civium
1838 4201 2082 4291 injuria
2126 4209 2311 4268 trau·

103 4324 356 4402 aierunt
373 4375 395 4409 ‚
435 4345 608 4418 quos
648 4324 927 4419 longum
967 4334 1145 4396 esset
1187 4318 1451 4394 referre.
1525 4333 1529 4338 ’
