2950 5017
601 440 750 525 2428
1364 456 1606 502 aarum
1647 456 2071 502 anctnnsrmu

614 573 953 647 Pontificis
1017 573 1330 644 clientem
1373 551 1536 644 'esse
1599 576 1986 667 respondet3
2033 577 2281 667 cuique
2342 575 2645 645 liberum
2693 602 2829 647 esse

615 697 867 762 amicos
920 696 1131 773 tueri,
1175 716 1301 761 nec
1342 693 1667 770 Ioannem
1711 693 2087 783 Baptistam
2130 692 2455 776 Bebium‚
2515 699 2641 785 qui
2701 696 2823 763 sibi
2922 727 2923 744 ¹

613 824 844 880 contra
886 809 1228 877 Achillem
1270 763 1665 877 Taurellum
1716 809 2116 878 Guastallae
2181 810 2491 900 regulum
2566 812 2822 880 auxilio

615 923 884 1009 fuisset,
928 930 1093 995 citra
1152 949 1464 1026 magnam
1529 929 1772 1016 ingrati
1839 929 2050 994 animi
2109 939 2348 995 notam
2374 928 2482 994 rab
2530 926 2820 1018 hospitio

573 1115 582 1124 ,
616 1068 802 1135 posse
847 1045 1112 1135 repelli:
1159 1047 1216 1113 si
1259 1045 1423 1136 quid
1466 1057 1700 1114 contra
1740 1041 2111 1111 Ecclesiam
2159 1045 2589 1140 machinatus
2642 1060 2823 1129 esset,

612 1159 686 1227 id
744 1184 866 1228 nec
923 1184 1046 1229 suo
1106 1160 1412 1243 consilio,
1456 1185 1583 1229 nec
1626 1184 1753 1251 ope
1800 1159 2058 1227 factum
2105 1159 2328 1227 fuisse.
2376 1162 2562 1228 Tum
2610 1162 2825 1252 legato

618 1299 695 1345 eo
754 1276 864 1344 die
931 1297 1164 1345 secum’
1216 1289 1509 1359 retento,
1554 1276 1639 1343 de
1691 1276 2122 1346 conciliandis
2167 1276 2515 1345 Gozadino
2567 1277 2824 1366 Bebiis‚

614 1395 906 1489 ipsisque
949 1396 1021 1460 in
1066 1396 1357 1484 patriam
1400 1394 1794 1461 reducendis
1841 1405 2132 1461 tractare
2177 1373 2417 1483 coepit.
2448 1394 2614 1462 Duo
2648 1394 2834 1461 Bebii

616 1509 853 1578 fratres
895 1509 1055 1578 cum
1102 1510 1249 1578 aliis
1293 1506 1586 1601 quatuor
1630 1513 1823 1579 sociis
1876 1512 1947 1578 in
2001 1535 2083 1577 ea
2135 1534 2282 1577 arce
2326 1511 2703 1600 degebant,
2740 1538 2835 1580 re-

615 1626 789 1718 liqui
836 1650 1117 1697 numero
1165 1630 1437 1717 triginta
1491 1629 1843 1718 proscripti
1894 1650 2011 1717 per
2063 1629 2353 1717 privatas
2378 1627 2595 1695 'aedes
2639 1628 2836 1697 divisi

616 1749 882 1837 proprio
915 1737 1063 1814 aere
1094 1743 1472 1813 alebantur.
1503 1745 1545 1821 J
1547 1767 1796 1813 oannes
1835 1746 2068 1835 itaque
2096 1744 2837 1838 Baptistacumdlegato

617 1861 934 1953 loquendi
1002 1864 1412 1931 occasionem
1481 1872 1757 1942 nactus,
1811 1858 2150 1951 praefatus
2201 1873 2337 1942 est,
2385 1884 2626 1950 pacem
2682 1886 2725 1928 a
2765 1885 2837 1929 se

541 2015 544 2018 ·
617 1978 1052 2047 vehementer
1126 1980 1371 2058 amari,
1435 1975 1858 2045 Gozadinu'm
1923 1975 2294 2059 observari,
2351 1990 2422 2044 et
2481 1977 2836 2068 publicam

618 2079 1177 2185 tranquillitatem
1224 2094 1398 2175 coli3
1444 2117 1610 2162 mox
1650 2091 1706 2162 si
1751 2093 2001 2176 alium,
2028 2097 2277 2185 inquit,
2321 2092 2524 2162 finem
2569 2108 2835 2164 nostrae

616 2213 1042 2281 dissensiones
1085 2236 1223 2280 non
1269 2214 1652 2292 inveniunt,
1699 2236 1854 2302 ego,
1895 2226 1976 2279 ut
2020 2215 2278 2280 civium
2334 2209 2646 2303 sanguini
2696 2237 2839 2305 par-

618 2341 844 2412 catur,
888 2326 1206 2420 singulari
1251 2331 1618 2396 certamine
1663 2353 1823 2396 cum
1855 2329 2214 2399 Vincentio
2245 2328 2517 2416 Scajola
2559 2354 2833 2399 omnem

620 2446 926 2513 dirimere
992 2447 1507 2514 controversiam
1575 2467 1727 2516 sum
1795 2449 2110 2535 paratus3
2156 2443 2256 2512 ita
2309 2443 2426 2512 fiet
2484 2458 2566 2512 ut
2633 2449 2836 2514 unius

622 2574 745 2630 aut
788 2561 1074 2630 duorum
1120 2559 1718 2642 morte‚'civilibus
1760 2560 2104 2630 discordiis
2155 2560 2472 2643 sublatis,
2520 2562 2838 2651 publicae

623 2678 911 2752 utilitati
962 2671 1370 2746 consulatum
1439 2677 1731 2767 Legatus
1796 2677 2086 2767 Regium
2134 2701 2432 2746 reversus
2483 2677 2837 2749 Gozadino

621 2795 882 2876 suadet,
930 2808 1010 2861 ut
1052 2794 1297 2863 Bebios
1338 2815 1496 2861 cum
1541 2818 1666 2862 sua
1710 2791 2375 2864 factionetimendos
2430 2795 2558 2863 sibi
2601 2797 2840 2887 aliqua

621 2912 1004 2981 conditione
1047 2911 1377 2980 conciliet.
1410 2909 1714 3000 Raphael
1755 2905 1984 3002 itaque
2023 2908 2353 2981 facundus
2397 2914 2839 2983 concionator

621 3029 708 3095 ad
754 3029 988 3096 exules
1030 3031 1268 3096 missus
1313 3038 1723 3117 exoptatam
1752 3051 1990 3118 pacem
2034 3028 2294 3109 retulit,
2338 3052 2513 3119 quae
2558 3030 2839 3097 tandem

621 3144 911 3212 calendis
954 3148 1118 3212 maii
1176 3147 1248 3211 in
1310 3144 1473 3211 aede
1527 3141 1761 3210 Sancti
1808 3142 2098 3234 Spiritus
2152 3137 2352 3211 extra*
2395 3156 2668 3235 portam
2714 3146 2838 3215 Ca·

621 3259 799 3326 stelli
844 3261 950 3329 die
993 3285 1132 3352 quo
1175 3261 1507 3327 Ascensus
1549 3260 1782 3327 Divini
1827 3283 2088 3327 sacrum
2134 3259 2429 3342 solemne
2473 3259 2651 3344 fuit,
2697 3264 2834 3353 ipso

623 3383 964 3465 praesente
995 3375 1367 3457 Gozadino,
1407 3374 1564 3443 binc
1614 3377 1869 3454 Joanne
1905 3377 2110 3446 'Petro
2155 3376 2643 3460 Nivolariensi,
2689 3378 2835 3446 inde

622 3489 877 3568 Joanne
919 3489 1205 3576 Bojardo
1238 3492 1671 3580 *sponsoribus
1718 3496 2045 3582 acceptis,
2091 3505 2190 3560 est
2235 3490 2658 3561 confirmata.
2707 3493 2834 3562 Ve-

625 3603 793 3675 teres
838 3630 1069 3677 omnes
1112 3606 1399 3676 offensae
1451 3613 1794 3691 remissae,
1850 3611 2194 3700 proscripti
2263 3611 2562 3677 restituti
2630 3622 2708 3679 et
2769 3612 2835 3677 in

626 3730 1022 3808 amicorum,
1066 3750 1344 3795 numero
1394 3752 1438 3795 a>
1478 3725 1828 3796 Gozadino
1877 3727 2091 3794 habiti
2123 3725 2334 3795 fuere.
2368 3727 2561 3795 Pacis
2597 3727 2837 3795 instru-

621 3856 928 3914 mentum
974 3845 1207 3913 Petrus
1251 3845 1632 3926 Vitrianus,
1676 3844 1974 3915 Thomas
2028 3845 2392 3927 Cambius,
2438 3856 2511 3913 et
2554 3846 2834 3923 Ioannes

624 3959 926 4051 Baptista
968 3959 1404 4047 Bojardorum
1451 3962 1665 4030 scriba
1708 3945 2262 4053 conscripserunt.
2562 4039 2567 4044 ,

760 4075 1021 4144 Interea
1062 4077 1369 4155 Julianus
1414 4090 1858 4172 cognomento
1888 4076 2286 4170 Magnificus
2314 4078 2561 4170 Leonis
2604 4073 2828 4156 frater,

559 4227 570 4237 x
626 4192 993 4266 Philiberta
1035 4194 1263 4269 Caroli
1308 4197 1521 4269 Ducis
1563 4196 2007 4291 Allobrogum
2064 4220 2284 4271 sorore
2349 4198 2424 4267 in
2491 4197 2827 4266 matrimo-
