2950 5017
673 403 804 470 322
1427 422 1666 466 nanum
1714 420 2134 464 auciensium

669 542 1205 612 successionibus
1239 567 1369 626 non
1403 542 1740 636 inelegans
1776 554 2101 608 tractatus
2145 551 2359 610 extat.
2403 539 2551 608 Sed
2593 555 2679 608 et
2732 566 2907 632 prae-

670 672 772 729 ter
837 661 1145 729 omnium
1213 659 1717 750 disciplinarum
1793 660 2182 747 interpretes
2250 657 2479 748 amplo
2550 660 2901 749 stipendio

668 775 1034 845 conductos
1056 774 1440 844 Galleacius
1472 778 1800 866 insignem
1833 777 2043 842 etiam
2067 773 2566 843 Bibliothecam
2589 779 2905 844 omnium

666 894 1171 985 disciplinarum
1214 893 1560 965 codicibus
1605 891 1911 980 refertam
1959 895 2030 960 in
2076 915 2250 972 arce,
2294 893 2642 961 suadente
2696 895 2902 964 Fran·

667 1014 843 1079 cisco
887 1012 1232 1093 Petrarca,
1265 1010 1679 1080 condiderat.
1727 1010 2068 1078 Lateritiis
2110 1009 2353 1076 deinde
2396 1014 2613 1078 muris
2666 1013 2902 1102 viginti

669 1126 966 1198 millium
1023 1152 1346 1219 passuum
1394 1129 1659 1195 ambitu
1706 1126 1790 1193 ad
1837 1130 2002 1194 recti
2050 1127 2492 1218 quadranguli
2553 1154 2897 1211 normam,

670 1223 974 1336 ingentia
1019 1246 1367 1326 viridaria,
1413 1258 1494 1312 ut
1539 1248 1917 1336 principum
1988 1247 2243 1313 animos
2305 1247 2801 1315 venationibus
2840 1261 2899 1314 et

670 1364 977 1452 aucupiis
1022 1361 1391 1432 oblectaret
1438 1384 1705 1428 summa
1752 1359 2251 1450 magnificentia
2294 1365 2632 1431 cinxerat.
2694 1364 2900 1430 Dece-

668 1479 829 1547 dens
891 1481 1223 1557 Joannem
1279 1479 1719 1547 Galleacium-
1776 1477 2032 1559 filium,
2076 1482 2185 1545 cui
2229 1480 2594 1548 Isabellam
2674 1480 2897 1550 Caroli

670 1595 939 1664 Galliae
983 1599 1149 1687 regis
1192 1620 1506 1677 sororem,
1551 1594 1785 1665 solutis
1829 1598 2206 1686 quingentis
2252 1596 2555 1664 millibus
2601 1596 2900 1667 floreno-

670 1736 824 1781 rum
892 1717 1142 1782 virtute
1201 1712 1446 1804 oppido
1516 1718 1588 1780 in
1656 1713 1879 1782 dotem
1938 1725 2243 1803 accepto,
2290 1716 2540 1803 nuptui
2587 1714 2897 1796 dederat,

670 1828 1024 1897 haeredem
1070 1828 1254 1898 fecit.
1303 1830 1384 1896 Ei
1436 1843 1659 1919 postea
1705 1832 1879 1896 cives
1923 1828 2381 1899 Vercellenses
2453 1841 2522 1897 et
2591 1830 2896 1898 militum

672 1945 980 2014 cohortes
1036 1970 1106 2014 se
1173 1945 1402 2014 fideles
1447 1944 1589 2013 fore
1637 1946 1816 2036 apud
1862 1946 2449 2014 Bartholomaeum
2497 1946 2894 2035 Regiensem

669 2063 1106 2150 jurejurando
1138 2066 1660 2155 spoponderunt.
1708 2066 1993 2142 Joannes
2025 2064 2408 2133 Galleacius
2442 2078 2729 2155 paterno
2775 2069 2898 2133 im-

673 2184 862 2271 perio
928 2184 1184 2273 potitus
1231 2195 1309 2249 ut
1352 2181 1723 2249 Picininam
1772 2183 2116 2250 Barnabae
2161 2189 2384 2273 patrui
2429 2183 2646 2250 filiam
2698 2186 2894 2253 Actio

672 2298 1311 2392 filio-conjungeret,
1357 2324 1515 2367 cum
1562 2300 1726 2368 alios
1773 2302 2056 2381 nobiles,
2106 2316 2256 2369 tum
2298 2302 2708 2392 Philippum
2741 2302 2896 2370 Cas-

671 2415 895 2484 solum
941 2417 1373 2507 Regiensem,
1418 2441 1621 2506 quem
1674 2418 1889 2485 Ticini
1936 2418 2160 2508 legum
2215 2423 2641 2510 interpretem
2694 2417 2892 2486 fuisse

672 2534 1003 2615 diximus,
1050 2535 1134 2602 ad
1196 2535 1589 2603 Pontificem
1660 2540 1876 2616 misit,
1939 2541 2079 2626 qui,
2126 2541 2680 2618 matrimonium,
2750 2538 2891 2630 lege

672 2676 848 2744 quae
879 2653 1193 2721 obstabat
1224 2653 1484 2734 soluta,
1517 2655 1998 2744 comprobaret.
2047 2655 2160 2721 Ob
2204 2677 2312 2722 eas
2358 2659 2625 2745 nuptias
2661 2656 2893 2727 Guido

673 2770 1006 2861 Corrigius
1051 2784 1203 2863 post
1249 2796 1504 2844 annum
1553 2785 1870 2841 octavum
1917 2787 1986 2839 et
2033 2798 2291 2841 menses
2341 2789 2466 2840 tres
2509 2775 2643 2840 dies
2690 2779 2894 2865 qnin-

672 2888 928 2969 decim,
972 2913 1178 2980 quam
1228 2892 1295 2957 in
1341 2890 1717 2958 Modoetiae
1763 2891 2142 2957 carceribus
2184 2889 2480 2957 inclusus
2524 2904 2691 2971 erat,
2739 2905 2889 2961 tan·

671 3003 828 3071 dem
877 3008 1076 3074 tertio
1124 3029 1331 3075 nonas
1379 3007 1632 3095 aprilis,
1669 3008 2066 3095 rogantibus
2097 3009 2347 3088 amicis,
2379 3007 2702 3074 demissus
2731 3007 2886 3077 fuit.

667 3120 879 3188 Isotta
927 3145 1201 3212 quoque
1248 3121 1597 3189 Barnabae
1643 3121 1784 3188 filia
1830 3123 2157 3190 naturalis
2203 3122 2517 3191 Carolino
2554 3117 2881 3194 'Folleano

668 3236 998 3308 Gnidonis
1032 3237 1318 3305 Savinae
1365 3236 1504 3307 filio
1549 3240 1969 3329 desponsata,
2016 3242 2105 3306 ab
2149 3242 2407 3323 eodem,
2452 3241 2638 3331 quod
2686 3246 2880 3310 nimis

669 3366 932 3420 tenerae
979 3354 1201 3446 adhuc
1249 3358 1488 3422 aetatis
1535 3370 1729 3436 esset,
1767 3372 1995 3446 postea
2026 3359 2363 3443 disjuncta
2410 3357 2569 3425 fuit.
2619 3359 2711 3426 At
2754 3360 2884 3427 Re-

668 3472 827 3559 gina
861 3468 1195 3560 Scaligera
1223 3471 1573 3542 Barnabae
1607 3497 1815 3555 uxor,
1849 3474 2152 3564 pluribus
2185 3476 2444 3565 oppidis
2475 3479 2545 3542 in
2582 3476 2879 3565 Regiensi

669 3599 738 3653 et
787 3586 1072 3654 aliarum
1120 3589 1394 3655 urbium
1445 3594 1783 3659 territoriis
1831 3616 1870 3657 a
1918 3596 2163 3660 marito
2210 3595 2485 3682 emptis,
2530 3590 2691 3661 fatis·
2722 3617 2880 3663 con-

668 3708 886 3774 cessit.
934 3707 1317 3776 Ambitiosa
1362 3708 1602 3776 mulier
1634 3734 1808 3801 quae
1837 3709 2077 3778 liberos
2106 3724 2342 3800 suopte
2372 3715 2639 3800 ingenio
2672 3711 2873 3781 elatos

663 3836 891 3893 contra
926 3825 1251 3901 Joannem
1283 3825 1711 3894 Galleacium
1760 3828 2139 3919 patruelem
2186 3830 2594 3918 quotidianis
2638 3853 2872 3899 sermo-

666 3942 868 4009 nibus
914 3943 1265 4011 stimulare
1297 3970 1433 4013 non
1464 3945 1858 4027 desistebat,
1903 3959 2008 4026 ut,
2053 3971 2133 4016 eo
2181 3948 2373 4016 hoste
2420 3950 2643 4037 potius
2673 3972 2869 4039 quam

666 4063 1040 4149 propinquo
1095 4061 1404 4144 sublato,
1449 4065 1677 4152 opima
1724 4062 2167 4140 haereditate.
2189 4065 2602 4154 potirentur;
2647 4064 2865 4131 eadem

660 4176 866 4244 verba
941 4181 1011 4246 in
1084 4182 1312 4247 mariti
1382 4203 1575 4250 aures
1642 4180 2136 4262 instillaverat3
2206 4181 2458 4273 quibus
2530 4205 2867 4272 persuasus
