2950 5017
908 451 1104 497 uam«
1149 452 1487 501 snoumnus
2200 437 2285 503 85

24 582 195 660 poet
288 572 531 661 patris
578 569 848 638 obitum
893 570 1359 659 quadriennio,
1404 575 1763 638 immatura
1831 584 2040 641 morte
2106 596 2289 662 prae-

20 700 297 777 reptus
339 688 667 755 decessit.
699 687 1185 755 Amalasuntha
1228 702 1440 755 mater
1483 691 1556 755 in
1600 690 1949 777 imperium
1981 687 2289 772 suffecta,

20 803 530 872 Theodamm
578 816 934 892 cognatum
979 803 1331 893 conjugem
1362 801 1647 884 factum,
1676 806 1878 870 etiam
1908 807 2088 894 regni
2131 828 2289 875 eon·

22 932 326 990 sortem
374 916 592 999 feeit3
630 918 745 985 sed
787 921 842 984 is
884 942 953 985 se
999 920 1317 985 avaritiae
1336 968 1356 999 ,
1385 932 1452 985 et
1482 917 1781 987 sordidae
1825 923 2226 1008 rapacitatis·
2251 944 2293 987 a

24 1037 377 1126 coniuge
428 1038 618 1126 argui
661 1057 845 1124 aegre
876 1032 1088 1102 ferens
1105 1085 1125 1116 ,
1154 1037 1500 1102 incautam
1546 1034 1892 1101 mulierem
1936 1038 2008 1103 in
2051 1036 2294 1105 balneo

28 1156 352 1243 ingrato
384 1154 616 1219 animo
646 1150 1102 1239 strangulavit.
1149 1152 1329 1216 Haeo
1375 1161 1564 1217 tanta
1608 1152 1947 1238 aequitate
1990 1150 2292 1220 subditos

30 1269 339 1335 rexisse
395 1264 647 1346 fertur,
700 1277 779 1331 ut
829 1267 1078 1332 nemini
1137 1288 1177 1331 a
1230 1262 1472 1332 Gothis
1529 1262 1915 1329 hominibus
1985 1264 2296 1348 injuriam

36 1380 325 1450 inferri
368 1403 605 1470 passa3
650 1378 1049 1468 nullumque
1093 1379 1298 1444 etiam
1342 1377 1796 1446 Romanorum
1831 1376 1939 1445 vel
1983 1381 2299 1468 eorporis,

42 1498 179 1566 vel
236 1499 585 1587 pecuniae
628 1519 843 1588 poena
889 1517 1189 1583 unquam
1237 1490 1552 1558 afflixerit
1580 1494 1677 1558 (Ι).
1724 1493 1762 1569 J
1767 1516 1873 1559 am
1921 1492 2304 1562 Constanti·

42 1611 325 1703 nopoli
382 1611 473 1678 ad
520 1613 868 1700 imperium
917 1611 955 1685 J
960 1611 1331 1676 ustinianus
1396 1619 1815 1696 pervenerat,
1862 1612 1980 1696 qui
2030 1609 2305 1677 Amala-

44 1725 434 1805 mathae,
471 1748 672 1814 quam
717 1727 789 1790 in
835 1722 1054 1789 tutela
1106 1722 1470 1802 habuerat,
1525 1744 1753 1788 casum
1809 1744 1999 1810 aegre
2050 1721 2304 1806 ferens,

51 1842 505 1911 Baliarium
548 1840 777 1907 multis
822 1840 1016 1906 bellis
1060 1839 1369 1905 inolitum
1399 1838 1637 1905 dueem
1676 1855 1850 1906 eum‘
1876 1842 2173 1908 exercitu
2217 1842 2303 1909 ad

52 1957 527 2028 liberandam
566 1980 609 2024 a
649 1956 946 2023 barbaris
976 1955 1239 2022 Italiam
1274 1957 1480 2022 misit.
1526 1955 1589 2022 Is
1631 1968 1826 2044 oapta
1872 1960 2088 2046 primo
2131 1956 2305 2028 Siei-

58 2076 201 2155 lia,
256 2085 504 2163 postea
547 2074 748 2139 etiam
778 2070 1161 2160 Neapolim,
1206 2083 1276 2138 et
1321 2071 1605 2138 Romam
1654 2069 1833 2138 felici
1880 2073 2306 2162 expeditione

64 2192 484 2280 occupavit.
531 2187 738 2255 Gothi
783 2188 870 2255 ob
917 2190 1076 2255 novi
1126 2191 1290 2275 regis
1337 2189 1644 2255 inertiam
1689 2188 1756 2252 id
1803 2192 2097 2257 evenisse
2130 2192 2301 2257 arbi-

70 2310 299 2387 trati,
356 2304 709 2372 Theodato
759 2301 1142 2385 interfecto,
1187 2304 1481 2392 Vitigem
1548 2302 1930 2386 sufficiunt3
1973 2304 2086 2373 sed
2145 2329 2305 2377 eum

72 2422 345 2490 itidem
408 2419 661 2511 praelio
711 2432 1095 2509 superatum
1118 2470 1137 2500 ,
1180 2432 1248 2486 et
1292 2435 1602 2509 captum,
1649 2423 1881 2490 vivum
1927 2423 2307 2491 Constanti·

76 2536 411 2628 nopolim
441 2536 790 2602 Belisarius
821 2538 1045 2625 opima
1076 2538 1350 2606 victoria
1397 2539 1653 2626 potitus
1699 2538 2030 2626 perduxit.
2079 2539 2159 2605 In
2201 2540 2306 2607 bis

80 2654 411 2722 motibus
440 2676 562 2719 nee
592 2652 942 2741 Regienses
987 2655 1426 2741 impotentem
1466 2651 1906 2721 finitimorum
1958 2654 2308 2723 audaciam
2371 2713 2394 2736 ,

82 2771 463 2860 repre-suri
507 2772 935 2858 quieverunt,
988 2771 1107 2857 qui
1166 2769 1366 2857 paulo
1417 2781 1571 2835 ante
1616 2770 2113 2837 Mutinensibus
2156 2794 2312 2839 eon-

86 2887 377 2973 jnueti,
416 2884 795 2952 Mantuanis
859 2885 1023 2952 Padi
1077 2885 1452 2953 dominium
1523 2885 1843 2952 invidioso
1914 2884 2112 2954 titulo
2180 2886 2307 2953 sibi

90 2998 651 3082 vindicantibus,
697 3024 893 3091 grave
943 3000 1205 3067 bellum
1257 2999 1659 3067 intulerant.
1718 3001 1819 3067 Ao
1871 3013 1951 3068 ut
2009 3000 2305 3069 bostium

92 3118 456 3205 impetum
499 3111 750 3183 facilius
794 3119 1227 3198 sustinerent,
1288 3116 1371 3183 ad
1432 3139 1700 3185 omnem
1751 3118 1891 3182 vim
1959 3115 2306 3186 arcendam

96 3231 281 3298 duas
324 3233 399 3297 in
442 3232 583 3320 ripa
625 3231 896 3299 Eridani
941 3236 1368 3314 munitiones,
1397 3233 1822 3323 Riparegium
1851 3235 2041 3321 quasi
2083 3209 2302 3320 ripam

102 3346 308 3437 Regii
331 3396 355 3428 ,
398 3359 626 3436 postea
668 3347 1000 3416 Reverum
1055 3362 1366 3417 vocatum
1385 3400 1404 3430 ,
1450 3361 1521 3415 et
1564 3347 1936 3417 Mirasolem
2008 3347 2310 3415 aedifica-

106 3475 309 3542 runt3
355 3485 483 3530 nee
526 3463 743 3532 multo
799 3477 945 3554 post
999 3468 1196 3554 signis
1242 3465 1500 3534 collatis
1544 3489 1587 3533 a
1629 3466 2011 3531 Mantuanis
2053 3477 2123 3532 et
2167 3464 2309 3531 Bri-

116 3580 377 3659 xianis,
421 3581 543 3668 qui
588 3577 844 3648 foedere
890 3582 1234 3666 conjuncti
1277 3582 1703 3672 pugnabant,
1748 3591 1999 3649 nostros
2057 3578 2309 3669 praelio

118 3689 297 3761 fusos
340 3691 549 3761 fuis„
592 3694 997 3785 Aliprandus
1039 3700 1289 3765 seribit.
1350 3698 1646 3764 Domum
1715 3696 2179 3763 Parmensibus
2241 3706 2311 3761 et

124 3806 647 3878 Pertariensibus
674 3814 903 3879 amieis
935 3835 1003 3879 se
1036 3813 1612 3903 interponentibus
1640 3812 1899 3882 Padum
1928 3811 2312 3879 Mantuanis

126 3926 519 4010 permissum
544 3975 567 4006 ,
611 3923 994 4016 laetamque
1056 3952 1288 4017 pacem
1339 3942 1635 3996 secutam
1703 3926 1900 3996 fuisse
1967 3936 2311 3996 memorat.

209 4153 286 4222 (¹)
318 4153 519 4208 saida.
