2950 5017
667 409 800 493 248
1403 425 1639 472 mum
1682 425 2099 472 anonumum

662 543 1251 615 bandusino-tium
1295 556 1579 614 conatus
1644 555 1794 613 tum
1862 556 2330 617 restaurarunt.
2378 545 2636 615 Valida
2681 549 2869 616 mili-

666 674 817 728 tum
862 684 1074 731 manu
1130 661 1228 728 ibi
1292 659 1563 743 relicta,
1608 660 1961 730 Canussios
2005 663 2311 753 proxima
2350 663 2634 731 castella
2674 665 2871 732 inha-

664 777 956 845 bitantes
996 776 1449 868 profligarunt,
1494 788 1565 844 et
1606 776 1935 864 Bajonum
1980 777 2268 846 Simonis
2298 778 2611 847 Canussii
2641 779 2861 848 filium

661 892 997 961 lethaliter
1041 893 1476 961 vulneratum
1520 907 1871 985 ceperunt,
1914 906 1985 962 et
2025 895 2218 984 Regii
2266 898 2336 962 in
2380 895 2662 966 vincula
2707 921 2863 965 con·

661 1008 980 1097 jecerunt.
1011 1009 1178 1079 Mox
1206 1009 1634 1090 Padernum,
1677 1011 1987 1078 omnibus
2029 1013 2148 1101 qui
2192 1013 2373 1078 intus
2415 1024 2615 1078 erant
2661 1017 2858 1080 caesis

665 1135 788 1192 aut
830 1125 1064 1214 captis,
1094 1124 1552 1193 incenderunt.
1587 1124 1997 1194 Rolandinus
2025 1125 2385 1194 Canussius
2412 1127 2510 1192 ibi
2540 1129 2855 1196 inventus

660 1243 855 1311 vivus
922 1244 998 1308 in
1065 1240 1359 1309 hostium
1417 1253 1818 1332 potestatem
1885 1245 2093 1311 venit.
2160 1242 2322 1310 Inde
2385 1243 2475 1310 ad
2540 1242 2859 1334 Gypsum

658 1357 1029 1426 Crustumii
1096 1355 1377 1448 profecti
1431 1382 1546 1449 per
1589 1359 1967 1448 quindecim
2032 1360 2170 1426 dies
2233 1383 2313 1427 ea
2376 1359 2634 1449 praelia
2700 1365 2851 1451 igne

656 1471 962 1564 ferroque
1016 1473 1473 1542 devastarunt.
1542 1473 1686 1542 Nec
1754 1473 1972 1543 multo
2042 1486 2192 1565 post
2257 1479 2461 1542 etiam
2529 1474 2853 1543 Castrum

656 1589 1092 1670 Arianorum,
1136 1589 1323 1679 quod
1370 1591 1698 1680 superiore
1743 1613 1916 1657 anno
1959 1590 1999 1667 J
2001 1591 2247 1659 acobus
2288 1590 2610 1659 Rodelius
2664 1615 2855 1659 oecu-

658 1718 972 1795 paverat‚
1015 1715 1087 1771 et
1126 1703 1500 1772 Castellum
1545 1705 1849 1772 Dardum
1893 1704 2297 1786 Sessiorum,
2347 1718 2415 1772 et
2474 1705 2853 1774 Guardaso-

658 1843 824 1888 num
869 1823 1047 1888 intra
1092 1843 1336 1911 paucos
1377 1820 1515 1887 dies
1555 1822 1629 1887 in
1675 1842 1868 1886 suam
1912 1820 2232 1888 ditionem
2277 1820 2696 1909 redegerunt.

791 1937 912 2003 His
955 1939 1148 2026 gestis
1192 1961 1351 2004 cum
1396 1934 1733 2003 difficilius
1800 1935 2058 2003 bellum
2126 1940 2494 2019 timeretur,
2538 1937 2843 2004 induciae

656 2075 773 2143 per
815 2053 1166 2120 biennium
1211 2076 1366 2120 cum
1400 2052 1761 2132 Canussiis,
1791 2056 1910 2143 qui
1937 2052 2266 2140 Bajonum
2296 2065 2364 2120 et
2391 2051 2850 2121 Rolandinum.

656 2166 913 2235 obsides
958 2166 1288 2234 dederunt
1308 2217 1330 2249 ,
1389 2167 1599 2237 donec
1663 2166 2019 2235 sarzanam
2088 2169 2345 2236 civibus
2408 2171 2847 2247 restituerint,

656 2296 727 2350 et
773 2286 927 2351 anni
992 2287 1285 2374 spatium
1336 2306 1496 2350 cum
1543 2282 1790 2352 Saxolo
1834 2283 2178 2353 Saxolensi
2197 2335 2217 2365 ,
2261 2282 2476 2351 factae
2545 2282 2841 2352 fuerunt.

656 2399 847 2467 Mille
898 2402 1076 2466 enim
1138 2401 1396 2490 equites
1465 2423 1509 2465 a
1570 2399 1995 2480 Florentinis,
2041 2398 2473 2481 senensibus,
2517 2414 2588 2466 et
2634 2400 2847 2468 Bono·

630 2504 993 2583 'niensibus
1036 2516 1349 2583 adversus
1393 2514 1846 2583 Vieecomites
1907 2518 2263 2603 pugnaturi
2305 2515 2590 2604 Regium
2654 2538 2844 2583 vene-

654 2641 837 2698 runt.
882 2628 1015 2698 Sed
1056 2631 1374 2722 Philippo
1420 2629 1777 2711 Valoissio,
1819 2633 1937 2721 qui
1985 2653 2102 2720 pro
2146 2629 2466 2699 Pontifice
2512 2631 2691 2721 alpes
2735 2655 2847 2698 su-

652 2759 1031 2838 peraverat,
1073 2751 1143 2815 in
1189 2746 1496 2817 Galliam
1539 2768 1796 2815 reverso
1810 2796 1830 2827 ,
1871 2745 1974 2812 illi
2016 2769 2285 2837 quoque
2341 2751 2411 2813 in
2458 2747 2841 2813 Heu-uriam

652 2885 725 2930 se
764 2875 1178 2954 receperunt,
1207 2863 1329 2933 ubi
1363 2862 1784 2931 Castruccius
1827 2861 2322 2929 Interminellus
2354 2863 2574 2930 Lucae
2609 2874 2841 2953 tyran-

650 3002 802 3061 nus,
846 2979 1245 3050 Florentinis
1312 2978 1742 3047 vehementer
1805 2980 2156 3067 exagitatis
2175 3028 2195 3058 ,
2238 2981 2442 3046 etiam
2486 2978 2839 3069 Spinetum

648 3092 1091 3183 malaspinam
1117 3092 1585 3183 Guelpharum
1630 3095 1922 3182 partium
1965 3093 2340 3165 studiosum
2372 3116 2617 3182 magna
2649 3095 2838 3163 ditio-

649 3232 737 3276 ne
779 3212 1172 3298 privaverat.
1216 3207 1371 3287 Ille,
1414 3207 1834 3295 Regiensium
1899 3232 2027 3298 ope
2086 3207 2470 3299 implorata,
2514 3233 2837 3301 magnum

650 3324 953 3414 peditum
981 3346 1359 3402 numerum,
1407 3345 1485 3387 ac
1532 3320 1739 3389 ferme
1782 3327 2125 3414 sexaginta
2169 3328 2473 3416 equitum
2522 3325 2705 3393 alam
2748 3327 2829 3395 ad

650 3462 764 3520 ea,
807 3461 981 3529 quae
1024 3439 1150 3506 sibi
1195 3463 1235 3505 a
1279 3437 1665 3507 Castruccio
1709 3443 2242 3530 occupabantur,
2290 3443 2667 3532 recipienda
2724 3444 2830 3511 ab·

649 3554 868 3622 duxit.
916 3554 1029 3622 Ab
1084 3553 1220 3622 alia
1283 3566 1470 3645 parte
1515 3555 1820 3623 Hetrusci
1866 3557 2224 3625 Gibertum
2282 3557 2660 3647 Corrigium
2728 3559 2831 3626 ad·-

646 3695 867 3740 versus
909 3670 1371 3739 Castruccium
1416 3675 1795 3762 quingentis
1840 3675 2183 3764 equitibus
2230 3673 2672 3764 praeficiunt3
2720 3675 2826 3743 sed

646 3798 993 3855 accusatus
1058 3787 1239 3878 quod
1308 3791 1516 3857 socios
1584 3789 2003 3881 prodidisset,
2049 3790 2136 3856 ab
2195 3791 2378 3857 iratis
2431 3788 2827 3859 Senensibus

645 3903 942 3975 fenestra
972 3906 1224 3991 ejectus
1269 3909 1507 3974 misere
1553 3909 1904 3996 expiravit.
1935 3907 2072 3973 Alii
2101 3930 2255 3974 eum
2288 3908 2377 3976 ob
2406 3910 2828 3998 repetendam

643 4026 927 4112 patriam
969 4026 1042 4092 in
1087 4025 1398 4091 Hetruria
1442 4023 1775 4092 delectum
1821 4023 2180 4092 habentem
2222 4029 2572 4116 repentina
2617 4040 2825 4097 morte

642 4153 1018 4232 correptum
1062 4142 1346 4232 septimo
1390 4139 1698 4209 calendas
1758 4144 2022 4232 augusti
2074 4141 2385 4211 decesisse
2444 4139 2722 4231 ferunt,
2762 4156 2823 4211 et
