2950 5017
897 440 1102 488 ωειλ
1139 433 1433 495 omarus
1665 455 1669 460 ·
2119 427 2196 492 31
2212 448 2243 492 1

63 562 302 631 artibus
348 558 673 632 hostibus
715 557 1089 639 conciliato,
1119 572 1308 627 tanta
1335 557 1671 628 Pontifieis
1698 558 2064 650 indignatio
2091 560 2250 646 fuit,

67 690 136 744 ut
181 676 400 765 ruptis
455 672 842 742 foederibus
882 672 1204 744 Catulum
1255 674 1578 743 Boemum
1624 674 1935 742 adversus
1976 676 2253 745 Vioeoo-

67 796 291 860 mitum
337 792 735 879 potentiam
768 793 836 856 in
866 789 1136 858 Italiam
1181 793 1541 858 vocaverit.
1586 785 1932 883 Sed'etis
1976 775 2254 882 pecunia
2310 796 2317 804 ’

71 920 401 997 corruptus
449 905 777 974 Mantuae
833 904 995 974 fines
1042 913 1331 994 egressus
1375 883 1535 973 non⁸
1557 921 1700 990 est3
1746 907 1866 973 ubi
1907 911 1977 974 in
2021 907 2256 999 clypeo

69 1025 320 1092 rubenti
365 1021 646 1090 leonem
691 1021 923 1090 album
972 1044 1127 1090 cum
1176 1045 1373 1091 aureo
1418 1021 1610 1091 millo
1656 1046 1965 1091 coronam
2021 1028 2091 1091 in
2149 1048 2278 1092 oa·

75 1145 207 1232 pite
244 1150 590 1231 gerentem
655 1163 775 1230 pro
839 1140 1209 1229 insignibus
1252 1138 1547 1210 familiae
1588 1139 1918 1232 Gonzagis
1960 1141 2255 1212 donavit.

77 1258 221 1341 Quo·
256 1267 570 1345 temporo
613 1256 964 1324 Francisoo
1006 1267 1270 1324 mortuo
1335 1258 1424 1322 ad
1491 1251 1920 1326 Ludovioum
1988 1254 2260 1324 fratrem

81 1372 381 1442 Mantuae
426 1371 796 1459 imperium
863 1383 959 1438 est
1025 1370 1360 1438 delatum.
1430 1370 1747 1439 Ceterum
1795 1372 1986 1462 Regii
2045 1350 2261 1439 suatu-

88 1485 392 1553 rientibus
429 1486 506 1552 in
554 1485 717 1552 Divi
761 1484 1058 1575 Prosperi
1128 1486 1447 1555 coenobio
1518 1475 1707 1577 aquis
1729 1537 1748 1567 ,
1817 1486 1965 1573 ejus
2028 1510 2264 1577 eorpus

89 1603 405 1672 Laurentii
464 1601 725 1678 Pinotti
780 1606 1069 1692 episcopi
1135 1604 1353 1689 jussu,
1397 1606 1598 1670 'intra
1663 1604 1899 1671 urbem
1965 1606 2035 1672 in
2101 1604 2264 1671 Divi
2318 1628 2323 1634 ·

94 1716 384 1786 Matthiae
429 1716 719 1806 templo,
751 1718 935 1807 quod
969 1719 1130 1803 juris
1152 1712 1671 1787 coenobitarum·
1694 1731 1862 1799 erat,
1892 1719 2262 1808 depositum

95 1833 309 1919 jacuit3
369 1833 620 1901 deinde
680 1848 826 1923 post
894 1858 1103 1903 annos
1148 1836 1386 1902 'decem
1461 1848 1533 1901 et
1599 1850 1750 1905 octo
1794 1838 1864 1904 in
1917 1837 2267 1925 pristinum

97 1947 283 2016 locum
338 1950 478 2036 jam
557 1954 974 2031 exsiccatum
1024 1950 1312 2020 relatum
1386 1950 1588 2019 fuisse
1653 1953 1917 2018 dicitur.
1985 1951 2132 2017 Sub
2196 1950 2266 2017 id

102 2078 331 2156 tempus
358 2066 597 2135 Guido
629 2070 964 2135 Ferrarius
998 2069 1362 2158 Philippini
1406 2068 1582 2135 filius
1628 2092 1667 2134 a
1710 2067 2057 2146 Balneolo‚
2087 2068 2270 2158 quod

99 2202 247 2248 nune
284 2181 664 2272 Bagnolum
712 2198 981 2264 vocant,
1026 2187 1130 2251 vir
1196 2187 1266 2250 in
1337 2196 1478 2251 arte
1524 2183 1786 2250 medica
1833 2184 2118 2248 eximius
2160 2182 2274 2249 de-

107 2300 284 2366 cessit.
322 2301 384 2368 Is
424 2301 618 2368 Petri
662 2302 1039 2391 Lusignani.
1069 2302 1485 2369 Hierusalem
1531 2315 1601 2368 et
1644 2300 1850 2389 Cypri
1886 2300 2103 2389 ‚Regis
2146 2302 2269 2367 Ar-

112 2410 365 2481 chiatrus
407 2440 590 2484 anno
635 2439 955 2483 noocnxn
1022 2411 1331 2485 Nicosiae
1399 2420 1468 2484 in
1540 2415 1789 2505 templo
1846 2416 1935 2483 D.
1982 2413 2269 2504 Sophiae

114 2529 337 2600 condito
377 2547 779 2601 testamento
821 2533 1185 2601 Venerium
1227 2534 1472 2601 filium
1543 2533 1909 2612 haeredem,
1948 2532 2265 2620 reliquit;

116 2642 210 2708 sed
261 2669 340 2713 ex
399 2650 598 2717 bonis
663 2671 768 2715 mn
836 2672 1064 2717 aureos
1109 2650 1384 2733 ducatos
1453 2648 1717 2715 extrahi
1781 2648 1976 2731 jussit
2021 2646 2269 2734 quibus

119 2759 338 2843 praedia
400 2767 468 2831 in
544 2787 703 2853 agro
765 2762 1157 2832 Bononiensi
1204 2776 1578 2830 emerentur
1618 2760 1972 2828 commodo
2019 2761 2268 2828 Alisiae

123 2874 360 2942 naturali
411 2876 628 2959 filiae,
672 2902 875 2968 quam
938 2902 1023 2945 ex
1067 2877 1552 2945 Franeesohina
1617 2898 1802 2943 serva
1869 2888 2265 2965 susceperat.

123 2981 267 3053 Cum
313 2983 472 3061 ‘vero
541 2992 661 3060 illa
730 2992 1116 3074 decesisset,
1165 2995 1252 3059 e'x
1314 3016 1577 3088 eorum‘
1614 2992 1981 3060 redditibus
2046 2994 2268 3081 inopes

126 3095 352 3184 invenes
392 3108 777 3200 Regienses,
820 3115 940 3200 qui
986 3110 1319 3177 Bononiae
1386 3108 1628 3176 studiis
1692 3131 1959 3198 operam
2006 3109 2268 3189 darent,

127 3227 425 3302 sustentari
467 3225 707 3294 voluit.
754 3226 1019 3316 Emptis
1060 3241 1295 3316 postea
1339 3226 1620 3316 praediis
1673 3247 1831 3291 oum
1901 3229 2045 3316 ipsa
2114 3237 2267 3292 ante

128 3350 334 3404 annum
376 3345 609 3409 aetatis
654 3343 1083 3412 undecimum
1129 3341 1445 3441 defuncta
1490 3354 1684 3425 esset,
1728 3344 1828 3411 ibi
1871 3346 2265 3420 institutum

129 3460 210 3512 at
229 3450 607 3547 Collegium,
637 3460 820 3551 quod
863 3484 1044 3528 nunc
1083 3461 1523 3550 Regien‘sium-
1550 3474 2005 3551 nuncupatur.
2052 3461 2266 3550 Repa-

133 3565 259 3631 Μία
313 3571 571 3642 interim
640 3576 892 3643 viribus
935 3575 1269 3644 Barnabas
1338 3576 1424 3643 ad
1489 3575 1811 3650 Sanctum
1859 3574 2267 3665 Raphaelem

133 3674 278 3745 v*llo
315 3692 564 3758 munito
594 3690 879 3780 Regium
914 3691 1290 3760 obsessurus
1315 3692 1418 3757 ·ad
1463 3695 1773 3781 primum·
1801 3691 2090 3780 lapidem
2136 3688 2268 3754 sub

133 3798 433 3867 moenibus
475 3820 685 3874 eastra
748 3811 997 3897 posuit.
1063 3810 1166 3874 Ibi
1225 3806 1429 3878 'miles
1496 3808 1580 3874 ad
1645 3806 2013 3896 diripendas
2046 3811 2051 3818 '
2079 3802 2271 3872 villas

136 3907 321 3979 ‘5⁰⁰⁸
362 3941 592 4011 magna
636 3924 881 3990 damna
950 3926 1207 3991 civibus
1273 3922 1530 3994 intulit.
1599 3923 1934 3991 Feltrinus
2004 3922 2121 3988 ubi
2186 3919 2272 3986 ad

137 4022 509 4103 mittendum
557 4050 745 4109 tanto
787 4042 1063 4133 principi
1106 4063 1177 4108 se
1222 4040 1478 4109 viribus
1540 4040 1865 4130 imparem
1927 4061 2063 4105 esse
2130 4037 2269 4103 ani·
2336 4015 2345 4027 ’

142 4138 447 4216 madvertit
463 4203 483 4234 ‚
526 4153 888 4227 foederatos
932 4156 1373 4236 Bononienses
1396 4207 1416 4238 ‚
1457 4168 1528 4222 et
1573 4155 1909 4226 Atestinae
1952 4158 2019 4221 in
2065 4151 2274 4222 subsi-
