2950 5017
599 425 736 518 476
1347 441 1588 491 amnt
1629 441 2053 491 aromatum

601 566 878 639 Zobolis
944 537 1324 658 agen'tibus,
1378 568 1634 657 ibgenti
1698 568 2001 637 omnium
2067 562 2313 657 gaudio
2375 562 2605 656 pridie
2668 562 2821 635 idus

596 682 799 772 julias
848 682 1211 752 laetissima
1266 704 1408 773 pax
1469 684 1647 751 inter
1710 684 2061 773 utriusque
2126 678 2441 753 factionis
2511 680 2817 750 homines

596 813 700 870 est
738 802 932 870 inita.
978 801 1159 871 Hora
1201 797 1412 869 ferme
1436 799 1595 882 diei,
1637 801 1761 892 qui
1799 799 1974 888 jovis
2017 795 2182 882 fuit,
2225 800 2556 891 vigesima
2604 800 2813 890 prima

595 919 1024 1002 imminebat,
1066 941 1226 996 cnm
1270 917 1618 1010 publicata
1658 920 1913 987 civium
1955 918 2335 1000 concordia,
2365 916 2671 1005 majora,
2693 920 2805 984 mi-

596 1057 904 1127 noreque
950 1058 1155 1104 aenea
1197 1045 1532 1105 tormenta
1574 1034 1892 1126 displosa,
1920 1058 2429 1125 campanarum,
2459 1033 2809 1102 tubarum-

593 1174 732 1242 que
771 1153 1030 1222 sonitus
1070 1174 1231 1219 cum
1271 1151 1517 1222 crebris
1562 1149 2165 1219 acclamationibus
2228 1164 2302 1218 et
2366 1149 2659 1241 ignibus
2706 1172 2809 1240 per

596 1266 833 1336 urbem
879 1263 1223 1359 publicam
1268 1264 1602 1334 laetitiam
1648 1276 2138 1356 expresserunt.
2182 1264 2512 1334 Revocati
2546 1263 2672 1332 alii
2700 1265 2813 1355 qui

593 1382 870 1475 relegati
933 1382 1202 1453 fuerant
1220 1434 1240 1466 ,
1307 1382 1562 1454 Paulus
1626 1395 1696 1452 et
1760 1384 2210 1453 Bernardinus
2272 1383 2464 1452 Bebii
2485 1434 2511 1465 ,
2578 1382 2813 1464 Cocco,

596 1500 937 1588 Gajonus,
967 1499 1216 1569 Paulus
1244 1498 1638 1585 Cossellius,
1671 1501 2009 1571 Antonius
2051 1500 2477 1582 Pataracius,
2525 1499 2817 1577 Ioannes

594 1617 886 1698 Iacobus
927 1616 1414 1698 Cremonensis,
1444 1628 1515 1684 et
1541 1610 1842 1686 Andreas
1887 1616 2290 1698 calcaneus,
2319 1618 2442 1707 qui
2476 1615 2813 1684 Gozadini

596 1735 750 1802 neci
811 1731 1286 1815 interfuerant,
1354 1733 1523 1801 urbe
1584 1745 1879 1804 extorres
1947 1742 2477 1823 permanserant.
2558 1730 2818 1801 Betolla

597 1863 865 1932 autem,
908 1850 1091 1942 quod
1137 1854 1421 1919 nimiam
1464 1850 1757 1921 Cocconi
1801 1851 2184 1942 superbiam
2228 1847 2688 1919 confidentius
2729 1872 2821 1916 re-

594 1966 1048 2059 prehendisset
1092 1968 1182 2036 ab
1223 1967 1521 2037 Antonio
1564 1965 1857 2037 Sablone
1872 2018 1894 2051 ,
1929 1980 2002 2034 et
2030 1968 2281 2038 Lazaro
2313 1966 2595 2035 Zenone
2620 1966 2821 2033 Riva-

596 2082 728 2155 roli
769 2108 906 2153 non
950 2082 1172 2152 multo
1202 2094 1359 2151 ante
1388 2085 1833 2153 obtruncatus
1861 2082 2105 2153 fuerat.
2150 2084 2260 2151 Ita
2303 2084 2507 2151 variis
2558 2080 2821 2150 tumul-

598 2200 784 2269 tibus
826 2202 1124 2291 rixisque
1165 2198 1285 2267 diu
1329 2197 1579 2268 afflicta
1622 2203 1859 2270 civitas
1875 2251 1896 2284 ,
1968 2202 2089 2269 vix
2156 2199 2433 2269 tandem
2502 2201 2656 2269 visa
2722 2210 2819 2268 est

596 2319 944 2408 respirare.

732 2432 818 2502 In
858 2432 1204 2502 montibus
1248 2456 1406 2504 vero
1450 2433 1736 2522 majores
1800 2435 2041 2504 turbae
2110 2435 2443 2502 excitatae
2462 2482 2484 2515 ,
2532 2441 2827 2523 agrestes

596 2547 908 2620 homines
950 2551 1023 2616 in
1069 2550 1322 2637 majora
1377 2550 1713 2641 pericula,
1760 2563 2280 2642 extremumque
2325 2551 2618 2618 exitium
2664 2571 2827 2618 eon·

597 2664 840 2754 were.
882 2664 1391 2736 Guiooiardinus
1435 2670 1561 2758 qui
1608 2670 1894 2766 ‚nimiam
1952 2667 2295 2735 licentiam
2340 2666 2629 2736 Morotti
2682 2688 2829 2733 am-

598 2782 784 2875 plius.
842 2781 1015 2851 ferre
1072 2808 1209 2853 non
1270 2795 1537 2875 poterat
1580 2784 1666 2853 ad
1710 2808 1867 2864 eum
1915 2783 2437 2878 opprimendum·
2485 2781 2825 2874 quasdam

598 2898 900 2968 militum
942 2902 1167 2991 copias
1210 2903 1463 2983 mittit3
1508 2901 1759 2991 quibus
1804 2900 2190 2992 profligatis,
2223 2900 2385 2969 alias
2426 2897 2629 2990 longe
2677 2921 2826 2966 ma-

599 3015 772 3104 jores
811 3019 908 3085 ire
950 3016 1189 3105 jubetz
1230 3017 1344 3085 sed
1387 3017 1511 3087 his*
1538 3040 1808 3109 quoque
1869 3021 2150 3108 turpiter
2195 3015 2484 3108 fugatis,
2529 3026 2827 3107 quanta·

600 3156 872 3224 cunque
936 3145 1162 3223 potest
1226 3158 1318 3201 ex
1379 3132 1685 3203 finitimis
1729 3133 2011 3203 urbibus
2028 3188 2049 3217 ,
2097 3145 2168 3201 et
2210 3133 2470 3225 oppidis
2514 3132 2825 3200 militum

602 3273 816 3318 manu
857 3262 1226 3330 contracta,
1267 3274 1392 3318 nec
1436 3253 1668 3342 paucis
1712 3274 1821 3327 ex.
1843 3250 2042 3342 plebe
2071 3262 2142 3318 et
2170 3248 2513 3340 Guelphis
2536 3249 2827 3339 Regien-

602 3366 788 3435 sibus
855 3390 1100 3434 nomen
1168 3364 1679 3464 profitentibus,
1744 3359 2063 3436 omnibus
2127 3370 2339 3458 copiis
2404 3363 2824 3457 praefectum

602 3483 981 3563 Antonium
1027 3483 1311 3554 Mariam
1373 3484 1849 3554 Fontanellum
1920 3509 2081 3553 cum
2146 3487 2381 3553 aeneis.
2434 3486 2826 3567 tormentis,

602 3598 888 3691 aliisque
933 3598 1339 3670 militaribus
1392 3601 1717 3670 machinis
1784 3602 1872 3670 ad
1939 3577 2489 3684 exterminandos
2527 3599 2833 3670 latrones

527 3801 538 3826 χ
604 3718 1004 3788 contendere
1045 3721 1403 3809 praecepit.
1449 3718 1782 3789 Morottus
1825 3744 1987 3788 cum
2018 3731 2210 3788 tanta
2240 3721 2541 3789 virorum
2585 3717 2829 3785 multi-

607 3835 843 3903 tudine
895 3848 1126 3925 aperto
1182 3834 1440 3928 praelio
1481 3836 1800 3914 dimicare
1843 3860 1979 3905 nun
2025 3858 2225 3906 ausus
2242 3885 2263 3916 ,
2303 3832 2544 3902 relicta
2589 3832 2827 3915 domo,

606 3973 770 4020 cum
834 3954 1063 4042 paucis
1129 3953 1203 4019 in
1269 3954 1551 4022 summis
1620 3952 1886 4042 alpibus
1957 3963 2080 4018 aut
2132 3950 2349 4019 densis
2399 3949 2824 4030 nemoribus,

608 4080 812 4159 prout
873 4070 1315 4159 opportunius
1380 4067 1735 4137 videbatur
1753 4121 1775 4153 ,
1840 4068 2038 4159 longe
2104 4066 2401 4135 delituit.
2467 4066 2822 4135 Interdum

609 4208 764 4255 vero
809 4197 1191 4254 extremum
1243 4184 1541 4256 hostium
1607 4208 1846 4277 agmen
1899 4182 2245 4269 infestare,
2300 4182 2627 4275 dispersos
2680 4206 2821 4252 cae-
