2950 5017
667 405 792 476 166
1400 418 1638 465 mun
1680 417 2099 465 ucrmmm

658 547 937 627 stitutis,
971 545 1329 634 praeeunte
1358 539 1691 620 Praetore,
1717 538 1993 629 flagellis
2035 559 2108 605 se
2152 539 2279 626 ipsi
2319 557 2603 627 quoque
2624 540 2835 605 ‘caeci-
2862 538 2866 546 ’

659 662 836 742 dere,
877 658 998 727 sed
1045 657 1281 725 urbem
1318 657 1666 723 circumire
1710 656 2004 724 contenti
2046 651 2132 718 ad
2178 653 2429 719 vicinas
2471 658 2831 720 commeare

657 778 1052 849 noluerunt.
1093 774 1198 840 Ea
1227 772 1538 862 religione
1564 784 1790 839 motus
1833 767 2146 838 Pontifex
2188 769 2570 858 Regienses,
2602 768 2829 858 quihus

656 895 750 965 ob
789 892 1104 983 praedam
1152 912 1238 954 ex
1282 899 1508 954 nostro
1551 910 1707 977 agro
1752 910 1793 952 a
1835 882 2180 954 Bonifacio
2224 885 2596 952 canussino
2650 884 2827 950 abac·

656 1023 798 1078 tam
841 1031 959 1097 per
1000 1005 1539 1094 quinquennium
1583 1005 1778 1069 sacris
1830 1001 2259 1069 interdixerat
2276 1052 2295 1080 ,
2341 998 2670 1067 eeclesiae-
2702 1011 2826 1067 tan-

654 1126 812 1193 dem
853 1120 1263 1191 conciliavit.
1308 1119 1671 1207 Gregorius
1737 1142 1892 1187 cero
1949 1119 2279 1186 Bonitius
2338 1123 2447 1185 cir
2499 1117 2823 1207 probitate

658 1242 946 1327 insignis
1012 1237 1186 1304 Divi
1253 1235 1573 1323 Pro-‚speri
1626 1234 1857 1302 Abbas
1892 1248 2025 1301 -est
2092 1237 2491 1301 declaratus.
2561 1231 2711 1299 Sub
2769 1232 2824 1297 id

656 1353 923 1445 tem‘pus
961 1350 1139 1418 ultra
1167 1349 1423 1446 Regioli
1454 1348 1825 1430 Taleatam,
1857 1351 2078 1430 turris,
2106 1371 2315 1438 quam
2359 1360 2602 1417 testam
2646 1371 2819 1416 voea-
2868 1370 2872 1374 ⁴

655 1457 934 1551 verunt,
965 1479 1269 1538 extructa
1284 1518 1304 1550 ,
1333 1480 1403 1534 et
1431 1472 1501 1535 in
1535 1468 1699 1534 urbe
1738 1469 2168 1557 moenianum
2214 1465 2566 1556 publicum
2588 1466 2822 1556 palatii

655 1587 1055 1656 fabricatum
1074 1635 1094 1666 ,
1138 1585 1458 1674 aedesque
1494 1584 1646 1685 uhi*
1665 1583 1762 1651 sal
1806 1584 2203 1651 venderetur
2255 1582 2649 1650 aedificatae-
2695 1580 2824 1650 fue-

653 1715 834 1772 runt.
881 1702 1029 1769 Nec
1080 1699 1298 1768 multo
1352 1711 1502 1788 post
1554 1700 1682 1766 suh
1718 1698 2008 1767 -Nicolao
2037 1698 2373 1767 ‘Bacilerio
2419 1698 2822 1766 Cremonensi

654 1820 839 1907 Regii
869 1818 1176 1884 Praetore
1205 1815 1364 1884 ordo
1394 1815 1865 1904 religiosorum,
1894 1818 2014 1905 qui
2044 1814 2331 1882 Sanctae
2363 1813 2615 1881 Mariae
2645 1813 2818 1880 Gau-

656 1935 888 2026 dentes
913 1933 1332 2011 dicebantur,
1361 1942 1632 1998 auctore
1661 1930 1988 1999 Bernardo
2021 1954 2063 1998 a
2092 1929 2373 2011 Saxolo,
2419 1941 2499 1996 et
2532 1930 2819 1996 Rainerio

655 2047 986 2124 Adelardo
1014 2046 1407 2125 Mutinensi,
1452 2047 1523 2113 in
1569 2046 1806 2113 urbem
1846 2047 2266 2116 introductus
2312 2043 2475 2113 fuit.-
2521 2046 2610 2112 Hi
2652 2055 2820 2111 erant

652 2165 913 2253 equites
959 2161 1160 2230 titulo
1214 2161 1499 2229 Sanctae
1542 2162 1793 2230 Mariae
1838 2163 2042 2252 paulo
2102 2175 2257 2230 ante
2322 2187 2365 2228 a
2431 2161 2814 2250 Lotheringo

654 2280 979 2349 Liandolo
1021 2279 1411 2347 Bononiensi
1457 2281 1744 2346 instituti
1762 2331 1781 2361 ,
1826 2285 1946 2370 qui
1998 2279 2282 2348 solemni
2338 2278 2625 2347 aliorum
2687 2276 2820 2345 reli-

654 2403 985 2488 giosornm
1029 2410 1189 2465 voto
1232 2398 1554 2476 obstricti,
1599 2398 1910 2487 pupillos,
1945 2397 2310 2488 viduasque
2338 2395 2723 2476 defendere,
2752 2405 2818 2461 et

653 2516 960 2580 inimicos
1024 2512 1369 2579 conciliare
1437 2512 1941 2602 profitebantur.
1988 2513 2204 2602 Super
2249 2512 2474 2580 albam
2542 2514 2817 2594 tunicam

653 2630 1036 2695 cinericium
1090 2625 1380 2720 palium,
1420 2628 1607 2717 quod
1652 2629 2044 2718 panniculus
2088 2633 2452 2718 sanguinea
2495 2651 2692 2695 cruce
2726 2625 2816 2691 di-

653 2744 946 2822 videbat,
975 2743 1236 2809 duabus
1264 2767 1461 2831 supra
1509 2745 1914 2811 micantibus
1957 2744 2167 2812 stellis
2213 2768 2329 2834 pro
2372 2744 2617 2810 habitu
2654 2764 2814 2832 gere·

652 2859 848 2927 hant.
912 2857 1044 2924 Sed
1096 2870 1166 2925 et
1208 2857 1317 2939 hi,
1362 2870 1442 2924 ut
1486 2859 1678 2948 plura
1723 2877 2032 2949 quae¹ex
2075 2859 2367 2927 honestis
2430 2862 2632 2925 initiis
2687 2867 2811 2925 orta
2906 2915 2911 2924 .

649 2975 1014 3054 labuntur,
1075 2986 1303 3063 postea
1370 2980 1665 3072 corrupti
1734 2978 1908 3042 intra
1977 2999 2224 3065 paucos
2292 2998 2497 3043 annos
2563 2975 2809 3041 extincti

2926 791 2930 828 2

650 3091 836 3160 fuere
861 3095 963 3172 (¹),
1008 3095 1129 3157 etsi
1174 3093 1398 3181 aliqua
1443 3116 1675 3159 eorum
1722 3092 1916 3162 hodie
1975 3096 2250 3182 vestigia
2304 3093 2554 3159 alicubi
2610 3103 2805 3158 extare
2924 3115 2925 3118 ¹

649 3208 983 3274 dicuntur.
1013 3204 1362 3293 'Sequente
1392 3229 1567 3272 anno
1588 3207 1980 3274 Actiolinus
2011 3209 2551 3275 Lambertaccius
2578 3208 2807 3274 Praetor

650 3320 1041 3388 Anselmum
1093 3344 1134 3384 a
1178 3299 1417 3387 Rivola
1486 3321 1989 3408 Bergomensem
2059 3347 2495 3392 successorem
2564 3299 2804 3397 habuit,

654 3440 774 3526 qui
850 3436 1276 3534 Regiensium
1350 3439 1718 3502 exercitum
1797 3438 1880 3503 ad
1956 3441 2473 3530 recuperandam
2542 3440 2807 3506 Felinam

647 3551 876 3630 duxit,
901 3553 1259 3617 intraverat
1300 3546 1373 3618 'id
1413 3551 1774 3618 castellum
1804 3576 1962 3620 cum
1992 3557 2250 3621 rusticis
2281 3557 2613 3623 montanis
2638 3555 2810 3634 Joan·

648 3690 762 3733 nes
839 3667 1174 3734 Pontanus
1254 3666 1607 3736 Banciolae
1674 3670 2024 3751 oriundus,
2087 3694 2329 3760 quem,
2395 3684 2649 3761 capto·
2630 3670 2807 3745 ·‚looo

645 3782 912 3852 Praetor
958 3786 1172 3871 capite
1215 3761 1597 3853 mulctavit.

720 4135 808 4207 (r)
844 4138 930 4192 Jo.
963 4139 1160 4193 villan.
1194 4141 1282 4193 lib.
1322 4154 1397 4207 xv,
1432 4159 1538 4213 cap.
1575 4144 1650 4221 r3.
