2950 5017
937 404 1132 449 Lmen
1176 394 1416 450 ramus
2167 390 2251 479 67

58 537 269 592 metu
318 546 404 593 eo
447 545 667 613 usque
727 522 1054 589 latuerant
1074 574 1093 602 ,
1136 523 1254 588 ubi
1300 523 1677 591 christianos
1742 543 2007 613 regnare
2074 528 2257 595 audi-

54 652 365 720 vetunt,
408 636 780 707 incredibili
829 661 1054 705 omnes
1104 638 1359 703 laetitia
1406 631 1684 728 perfusi,
1725 641 1930 708 libere
1996 644 2066 709 in
2134 667 2258 733 pu-

50 754 348 823 blicam
413 756 703 845 prodire,
745 752 1067 821 idolorum
1113 753 1360 841 templa
1405 753 1696 836 diruere,
1738 758 2064 847 supplices
2132 763 2257 827 im-

52 870 355 942 mou-tali
384 871 533 940 Deo
580 871 817 960 gratias
861 892 1071 959 agere,
1100 869 1279 958 quod
1309 869 1480 936 Filii.
1507 873 1607 937 sui
1651 873 2093 942 venerandum
2137 900 2254 944 no·

52 1011 237 1057 men
284 988 380 1054 ab
421 989 605 1055 omni
647 987 883 1054 iniuria
916 997 1137 1052 tutum
1171 983 1446 1053 fecisset.
1493 985 1678 1077 Regii
1710 990 1962 1079 insigne
1991 991 2255 1061 Baccho

56 1115 389 1171 erectum
432 1099 671 1169 fanum
721 1124 763 1167 a
811 1098 1077 1167 feminis
1136 1099 1319 1169 fluxo
1379 1104 1554 1167 crine
1600 1102 1902 1192 thyrsum
1948 1105 2028 1172 ad
2074 1110 2252 1196 orgia

60 1216 483 1286 celebranda
547 1216 1002 1306 quatientibus
1066 1239 1305 1304 vesano
1372 1214 1593 1285 furore
1659 1215 2247 1308 frequentabatur:

57 1333 265 1424 quod
312 1356 352 1400 a
396 1331 694 1412 civibus,
738 1331 821 1397 ad
863 1342 1119 1399 rectum
1165 1331 1296 1397 Dei
1339 1332 1598 1399 cultum
1642 1332 1865 1422 palam
1909 1338 2253 1417 revocatis,

56 1448 336 1541 populo
378 1450 682 1517 certatim
712 1448 795 1514 ad
825 1447 1187 1517 tollendam
1230 1451 1754 1538 superstitionem
1801 1461 2254 1532 concurrente,

62 1585 217 1632 uno
260 1565 525 1654 impetu
569 1560 840 1631 effracto
881 1563 1184 1651 Dionysii
1245 1562 1621 1645 simulacro,
1687 1564 1828 1633 solo
1895 1577 2250 1656 aequatum

62 1674 236 1745 fuit.
268 1678 351 1745 ld
382 1691 645 1768 postea,
671 1689 752 1744 ut
779 1691 946 1745 esset
977 1681 1271 1744 maxima
1315 1681 1603 1747 civitatis
1638 1679 1863 1761 aedes,
1894 1682 2013 1747 ubi
2041 1683 2254 1748 Divae

63 1791 444 1860 Genitricis
485 1797 552 1860 in
594 1792 856 1863 coelum
903 1806 1243 1882 susceptae
1281 1795 1592 1861 memoria
1623 1795 1975 1874 coleretur,
2004 1796 2249 1883 ingenti

64 1911 384 1978 omnium
428 1910 646 1978 studio
702 1922 802 1977 est
867 1914 1278 1977 restitutum.
1328 1909 1496 1977 Aliis
1539 1934 1805 2000 quoque
1850 1911 2244 1979 daemonum

68 2024 357 2092 aedibus
399 2025 666 2106 dirutis,
709 2026 869 2095 Divi
913 2025 1309 2115 Apollinaris
1369 2029 1666 2108 nomine,
1709 2031 1825 2117 qui
1870 2029 2120 2117 primus
2167 2028 2249 2094 ad

69 2139 529 2210 Christianam
594 2145 907 2231 pietatem
977 2143 1320 2231 Regienses
1387 2155 1831 2225 converterat,
1885 2143 2208 2234 templum
2229 2196 2248 2225 ,

68 2256 251 2346 quod
294 2279 479 2323 nunc
523 2256 683 2323 Divi
729 2258 1082 2345 Augustini
1130 2258 1409 2338 dicitur,
1454 2259 1791 2325 conditum
1837 2255 1991 2326 fuit.
2036 2257 2250 2325 Maxi-

72 2372 261 2438 mino
305 2393 499 2451 vero,
543 2372 662 2459 qui
725 2373 794 2436 in
841 2370 1112 2437 Oriente
1178 2373 1578 2461 imperabat,
1646 2375 1932 2462 primum
2001 2372 2251 2462 praelio

70 2481 244 2564 fuso,
286 2508 452 2554 mox
496 2483 849 2551 insanabili
895 2486 1126 2553 morbo
1175 2502 1588 2575 consumpto,
1618 2500 1685 2554 et
1716 2484 1971 2554 Licinio
2011 2490 2246 2555 sororis

70 2601 253 2678 viro,
294 2602 419 2689 qui
464 2602 537 2666 in
597 2602 736 2687 pios
791 2600 1161 2679 saeviebat,
1204 2601 1515 2690 expulso,
1560 2601 2030 2668 Constantinus
2075 2600 2252 2668 solus

73 2715 426 2803 imperium
476 2715 718 2781 tenuit.
766 2714 828 2780 Is
870 2737 1025 2781 cum
1070 2715 1382 2783 decennio
1441 2720 1873 2805 regnavisset,
1915 2715 2089 2784 votis
2133 2739 2249 2805 pro

72 2828 221 2913 ejus
248 2827 461 2894 salute
498 2828 766 2918 publice
808 2832 1148 2918 susceptis,
1179 2854 1348 2919 quae
1378 2829 1783 2897 Decennalia
1814 2831 2245 2909 vocabantur,

74 2943 589 3012 Constantinum
656 2948 1205 3034 primogenitum,
1249 2945 1590 3012 Caesarem
1648 2956 1974 3025 creatum,
2016 2944 2248 3012 Italiae

74 3062 445 3149 principem
476 3057 652 3127 fecit.
684 3061 864 3126 Haec
893 3060 1370 3128 Decennalium
1402 3060 1802 3129 consuetudo
1834 3061 1921 3126 ab
1944 3060 2246 3149 Augusto

73 3176 391 3264 originem
426 3173 651 3255 trahit,
681 3176 799 3264 qui
834 3188 1177 3263 tamquam
1223 3178 1573 3264 imperium
1622 3174 2019 3264 reipublicae
2063 3178 2244 3241 resti·

74 3303 369 3368 tuturus,
413 3303 744 3377 gestorum
791 3292 1215 3357 rationarium
1267 3290 1548 3357 Senatui
1618 3303 1686 3355 et
1753 3291 2245 3380 magistratibus

75 3404 373 3484 tradidit3
405 3403 516 3471 sed
550 3407 764 3484 curia,
792 3404 896 3472 vel
930 3417 1151 3483 metu,
1182 3405 1289 3470 vel
1319 3429 1403 3470 ex
1433 3407 1791 3495 composito
1824 3404 2246 3485 reclamante,

75 3522 513 3610 principatum
561 3542 770 3609 usque
813 3520 900 3586 ad
943 3519 1335 3586 decennium
1381 3533 1648 3586 tantum
1702 3543 1772 3584 se
1830 3532 2244 3586 retenturum

76 3632 516 3702 denuntiavit.
564 3632 665 3701 Eo
718 3645 1005 3723 tempore
1051 3633 1299 3723 elapso,
1343 3656 1499 3700 cum
1545 3653 1765 3700 rursus
1808 3632 2063 3717 ejurare
2116 3636 2247 3699 im-

76 3753 323 3837 perium
356 3749 586 3831 vellet,
616 3749 899 3817 Senatus
928 3753 995 3817 in
1027 3750 1193 3818 alios
1222 3762 1422 3840 atque
1452 3752 1691 3816 iterum
1724 3752 1791 3816 in
1826 3749 1990 3815 alios
2018 3748 2242 3815 decem

76 3887 298 3948 annos,
342 3867 593 3958 quibus
636 3880 921 3936 mortem
965 3868 1166 3948 obiit,
1210 3869 1565 3955 imperium
1626 3867 2031 3954 prorogavit.
2076 3864 2241 3931 Inde

74 3995 289 4068 postea
332 3982 755 4052 observatum
801 3995 923 4065 est,
967 3995 1048 4049 ut
1092 3983 1234 4069 ejus
1276 4004 1692 4062 successores,
1737 3982 2041 4072 quamvis
2088 4003 2236 4070 per-

78 4101 253 4183 petui
294 4099 583 4189 Augusti
628 4111 872 4180 essent,
917 4110 1139 4166 tamen
1183 4098 1436 4168 decimo
1481 4120 1748 4192 quoqpe
1814 4119 1988 4166 auno
2051 4093 2240 4163 velut
