2950 5017
868 419 951 485 36
1139 498 1146 505 ·
1282 434 1287 440 ·
1607 436 1842 482 aarum
1885 435 2301 482 anorssnsmm

810 583 818 591 ·
866 557 1118 626 auxilio
1164 553 1423 625 fu‘turos
1472 558 1904 646 promittunt.
1948 554 2167 623 Tanta
2210 557 2755 645 spezexcitatus

818 757 833 768 ..
863 700 948 743 ne
992 698 1201 765 quarn
1260 674 1429 740 bene
1482 673 1799 761 gerendae
1848 675 1940 740 rei
1984 676 2391 742 occasionem
2461 687 2799 761 praeterr.

865 789 1247 881 quindecim
1296 789 1534 856 diebus
1578 788 1863 879 Alpibus
1895 792 2175 856 emensis
2204 792 2272 855 in
2302 790 2799 877 circumpadar

861 929 982 996 pos
1024 905 1160 973 late
1206 925 1297 973 se·
1319 906 1589 971 dimisit.
1636 903 1920 971 Publius
1950 928 2105 973 vero
2135 904 2483 972 Cornelius
2519 904 2771 994 Scipio

862 1036 943 1091 ut
984 1022 1161 1091 hosti
1192 1026 1517 1090 maturius
1563 1034 1967 1103 occurreret,
2012 1019 2211 1089 fratre
2249 1025 2325 1089 in
2372 1023 2799 1112 Hispaniam

859 1140 1132 1206 sortitus
1161 1136 1404 1218 fuerat,
1429 1161 1587 1204 cum
1614 1140 1909 1203 exercitu
1930 1137 2236 1204 adversus
2260 1136 2721 1204 Asdrubalem
2750 1160 2799 1226 p

856 1255 1039 1322 Pisas
1058 1265 1322 1344 quanta
1366 1267 1585 1342 potest
1630 1253 1969 1320 celeritate
2012 1256 2371 1343 navigavit.
2418 1254 2592 1320 Inde
2627 1253 2799 1344 Alpi

856 1375 1097 1462 peratis
1109 1422 1129 1452 ‚
1176 1396 1215 1437 a
1259 1369 1515 1438 Manlio
1561 1381 1630 1435 et
1676 1369 1883 1437 Atilio
1945 1369 2363 1436 Praetoribus
2419 1369 2723 1436 militem
2785 1396 2799 1435 ε

855 1488 1163 1555 stendum
1195 1486 1369 1554 Boiis
1401 1498 1708 1575 paratum
1755 1488 2033 1575 accepit.
2081 1485 2245 1553 Mox
2283 1501 2563 1555 cruento
2592 1487 2799 1576 prael:

854 1607 1050 1672 misso
1081 1603 1464 1671 vulneratus
1507 1615 1985 1693 superatusque
2029 1602 2374 1672 confestim
2409 1628 2528 1693 per
2560 1617 2799 1694 ponter

852 1720 1111 1787 Padum
1153 1720 1503 1807 junxerat,
1549 1722 1924 1788 transmisso
1955 1719 2205 1801 milite,
2235 1719 2649 1788 Placentiam
2686 1718 2799 1788 cor‘.

850 1835 1032 1907 Eum
1065 1837 1269 1905 biduo
1302 1848 1449 1925 post
1480 1815 1776 1902 Annibal
1806 1839 2144 1903 insecutus
2189 1835 2271 1902 ad
2316 1849 2588 1903 sextum
2635 1837 2729 1903 ab
2776 1862 2799 1902 ε

849 1953 1141 2043 lapidem
1173 1966 1384 2020 castra
1414 1956 1658 2020 munit.
1705 1952 2024 2043 Sequenti
2070 1966 2263 2022 noete
2294 1954 2378 2019 ad
2406 1955 2512 2021 his
2544 1954 2733 2020 mille
2766 1979 2799 2043 1:

851 2082 919 2134 et
963 2067 1097 2134 fere
1141 2069 1461 2136 ducentos
1514 2071 1766 2158 equites
1796 2068 2057 2150 Gallos,
2088 2072 2202 2158 qui
2235 2067 2554 2157 vigilibus
2584 2053 2799 2138 Roma

852 2184 937 2250 ad
981 2197 1197 2274 portas
1241 2184 1689 2265 obtruncatis,
1736 2186 1820 2251 ad
1864 2209 1935 2252 se
1981 2189 2395 2265 transierant,
2427 2181 2496 2253 in
2529 2209 2678 2252 suas
2709 2211 2799 2276 qu

816 2323 821 2328 ·
848 2302 1158 2368 civitates·
1183 2299 1266 2366 ad
1297 2312 1587 2368 caeteros
1633 2299 2106 2382 sollicitandos,
2138 2315 2217 2368 ut
2249 2325 2287 2367 a
2317 2302 2631 2369 Romanis
2658 2300 2799 2368 defi«

847 2418 1089 2504 punica
1134 2415 1502 2483 calliditate
1547 2416 1822 2486 dimisit.
1869 2417 2181 2497 Boiorum
2228 2441 2500 2506 quoque
2546 2417 2774 2505 legati,

776 2589 782 2596 .
847 2532 1035 2610 viris,
1077 2554 1244 2620 quos
1314 2531 1622 2598 Mutinae
1675 2532 1961 2600 obsessos
2016 2555 2225 2620 *supra
2276 2533 2599 2613 diximus,
2660 2546 2799 2621 capt

846 2644 1170 2711 Annibali
1235 2647 1529 2728 traditis,
1574 2647 1684 2713 illi
1710 2636 1800 2713 'se
1844 2668 1999 2712 cum
2068 2656 2211 2713 tota
2277 2657 2468 2734 gente
2519 2646 2799 2731 conjunx

843 2758 1067 2851 Scipio
1114 2772 1217 2831 tot
1259 2766 1622 2854 repentinis
1670 2762 1864 2846 malis
1907 2749 2417 2841 circumventus,
2448 2785 2596 2827 cum
2629 2765 2798 2829 totiu

834 2874 976 2963 ,liae
1006 2875 1449 2946 defectionem
1499 2881 1794 2958 timeret,
1826 2881 2023 2944 motis
2055 2880 2278 2943 eastris
2309 2877 2392 2941 ad
2426 2876 2721 2943 Trebiam
2756 2902 2799 2943 a

849 3015 936 3057 ex
979 2967 1580 3080 Siciliaffcollegam
1648 2996 1714 3058 in
1787 2993 2329 3059 eminentioribus
2398 2990 2660 3057 tumulis
2720 3016 2799 3058 mi

853 3113 1263 3197 expectavit,
1322 3132 1526 3196 quem
1572 3123 1838 3174 secutus
1883 3109 2175 3174 Annibal
2240 3134 2374 3176 non
2435 3108 2677 3198 longius
2718 3134 2799 3198 qu

848 3200 1495 3312 millibuspassuum
1539 3223 1626 3287 ab
1671 3248 1749 3290 eo
1794 3197 2110 3290 consedit.
2142 3225 2415 3290 Interim
2445 3224 2799 3292 Clastidium

740 3416 744 3420 .
847 3362 1090 3427 magna
1138 3329 1245 3404 ’νὶε
1304 3334 1632 3402 frumenti
1690 3340 1962 3403 inventa
2013 3350 2149 3419 est,
2201 3339 2534 3407 Praefecto
2579 3340 2799 3429 quadri²

850 3455 1063 3519 aureis
1105 3464 1448 3542 cor-rupto,
1495 3456 1881 3542 occupavit.
1951 3453 2146 3521 Titus
2190 3477 2344 3524 vero
2397 3454 2789 3545 Sempronius

849 3567 1103 3636 Consul
1129 3592 1213 3636 ex
1236 3567 1488 3647 Sicilia,
1514 3568 1630 3634 ubi
1659 3593 1797 3636 rem
1831 3569 2136 3637 adversus
2156 3571 2676 3661 Carthaginenses
2695 3596 2799 3662 pro

848 3696 1161 3774 gesserat,
1206 3692 1362 3753 cum
1406 3688 1611 3775 copi-is
1654 3688 2031 3756 Ariminum
2078 3686 2444 3778 profectus,
2485 3689 2623 3754 inde
2663 3702 2797 3756 ¹mat

848 3802 933 3866 ad
978 3797 1293 3867 Trebiam
1338 3781 1614 3881 itinere,
1645 3802 1933 3893 collegae
1976 3805 2424 3894 conjungitur.
2468 3801 2663 3883 Primo
2701 3805 2799 3872 adi

843 3915 1030 3982 mille
1074 3929 1143 3982 et
1186 3920 1579 4007 quingentos
1622 3919 1970 3999 Numidas,
2015 3924 2135 4010 qui
2179 3933 2606 4010 suspectorum
2643 3919 2799 3989 Galh

788 4089 793 4094 .
847 4054 1081 4124 agrum
1137 4031 1573 4121 diripiebant,
1627 4036 1708 4128 in
1757 4047 1970 4102 castra
2030 4033 2320 4126 fugavit.
2373 4034 2470 4101 Ea
2516 4038 2672 4101 inani
2717 4036 2799 4102 vic

845 4145 1091 4230 elatuS,
1138 4151 1259 4216 etsi
1304 4150 1726 4219 dissentiente
1769 4150 2060 4241 collega,
2104 4175 2264 4240 cum,
2303 4151 2597 4241 omnihus*
2628 4150 2799 4241 legion:
