2950 5017
930 435 1151 482 ‚um
1180 433 1490 482 ceruus
1515 439 1545 474 ·.
1889 417 1896 422 ’
2181 415 2311 500 545
2433 423 2438 430 ’

80 547 399 624 millium
442 553 750 646 peditum
792 566 865 624 et
904 556 1217 648 equitum
1258 580 1463 649 supra
1507 554 2111 624 milleexercitum'
2171 556 2312 625 col·

80 671 339 763 legerat
356 696 408 738 :-
450 670 567 741 sed
632 684 860 763 postea
925 673 1016 743 ob
1082 684 1303 744 ortam
1369 684 1838 764 tempestatem
1903 672 2190 741 navibus
2239 685 2311 742 et

79 790 471 878 majoribus
538 794 882 862 tormentis
940 794 1200 861 amissis
1260 815 1420 861 cum
1492 792 1708 860 milite
1772 794 1844 859 in
1912 792 2313 882 Hispaniam

82 910 494 978 retrocessit.
544 906 789 977 Gallus
831 929 1103 1001 quoque
1167 932 1289 1000 per
1331 931 1443 979 eos
1485 909 1624 977 dies
1692 909 2312 1000 abrumpendamm

81 1022 526 1093 induciarum
592 1027 1004 1098 occasionem
1071 1028 1370 1110 invenit,
1424 1025 1608 1118 quod
1661 1024 1908 1095 Caesar
1960 1025 2313 1118 Fregosius

82 1138 498 1223 Genuensis,
518 1153 589 1210 et
606 1141 942 1211 Antonius
970 1141 1288 1213 Riconius
1317 1143 1680 1232 Hispanus,
1706 1149 1877 1232 quos
1908 1141 1992 1209 ad
2027 1163 2312 1210 evocan-

82 1255 243 1324 dam
276 1256 643 1342 Turcicam
686 1258 966 1328 classem
1009 1258 1260 1351 legatos
1304 1258 1656 1342 mittebat,
1689 1258 1856 1327 dum
1903 1281 2018 1348 per
2048 1256 2310 1325 Padum

85 1372 424 1446 venetias
490 1372 878 1445 deferuntur
944 1377 1266 1446 trucidati
1333 1374 1625 1445 fueraut.
1670 1374 1777 1444 Ea
1819 1399 1996 1445 nova
2064 1375 2314 1464 injuria

83 1494 473 1562 concitatus
501 1492 889 1564 Franciscus
932 1492 1086 1562 Rex
1132 1495 1426 1584 primum
1456 1493 1928 1585 Lucemburgo
1972 1497 2045 1563 in
2090 1493 2314 1584 Belgis
2396 1495 2401 1502 '

86 1619 285 1696 cepto
334 1607 770 1699 Papirianum
829 1612 904 1677 in
948 1609 1273 1699 Hispania
1332 1608 1637 1691 obsedit,
1705 1620 1910 1701 atque
1947 1612 2038 1680 in
2107 1607 2317 1678 Pede·-

90 1724 445 1793 montibus
486 1749 665 1796 novo
710 1725 875 1794 belli
917 1726 1231 1795 incendio
1275 1729 1592 1796 suscitato
1634 1725 1912 1823 classem
1951 1726 2309 1795 'l'urcicam

90 1861 201 1929 per
243 1840 574 1910 Polin‘um
634 1842 723 1910 ad
791 1866 973 1912 oram
1033 1841 1418 1933 ligusticum
1467 1843 1795 1911 traduxit.
1843 1844 1963 1910 His
2017 1843 2317 1913 motibus

94 1956 338 2027 auditis
386 1959 739 2039 Hercules,
769 1973 849 2027 ut
881 1959 966 2028 ad
1011 1984 1283 2029 omnem
1321 1964 1734 2029 occasionem
1780 1972 2092 2051 paratum
2139 1958 2318 2028 mili-

93 2084 231 2142 tem
271 2074 591 2158 baberet,
635 2076 928 2167 singulos
973 2101 1063 2145 ex
1105 2100 1377 2168 quaque
1421 2081 1758 2146 rusticana
1803 2075 2104 2159 familia,
2135 2099 2314 2168 quae

94 2189 310 2280 plures
353 2193 646 2283 puberes
685 2193 1060 2276 habuisset,
1105 2194 1365 2284 pedites
1396 2195 1677 2264 describi
1711 2193 1963 2264 voluit:
1997 2193 2315 2264 omnibus

97 2305 389 2389 tribuni,
459 2332 500 2376 a
565 2311 815 2400 quibus
880 2310 1334 2392 erudirentur,
1377 2309 1732 2401 praefecti,
1776 2323 1847 2378 et
1890 2331 2313 2404 quamquam

99 2420 449 2496 cohortem.
485 2406 614 2496 sub
660 2448 796 2495 uno
840 2448 1011 2516 pago
1059 2450 1467 2518 unoquoque
1511 2449 1734 2495 mense
1771 2427 2076 2507 lustrari,
2107 2424 2314 2492 simul

104 2560 252 2610 vero
294 2566 553 2625 omnes,
597 2543 772 2612 binis
814 2546 1033 2615 aureis
1076 2547 1321 2635 cuique
1367 2547 1772 2622 numeratis,
1802 2544 1912 2609 bis
1945 2542 2324 2632 quotannis„

104 2663 419 2727 recenseri
486 2670 819 2728 statutum
892 2657 1061 2730 fuit.
1129 2662 1411 2732 Cunctis
1477 2647 1902 2728 ferendorum
1972 2679 2314 2725 armorum

109 2788 359 2861 praeter
392 2799 618 2867 quam
678 2779 753 2844 in
812 2776 1251 2846 conventibus
1295 2775 1589 2867 publicis
1635 2772 1927 2843 facultas
1968 2794 2315 2854 concessa,

108 2891 489 2984 vexillaque
537 2917 579 2962 a
620 2891 937 2962 villarum
983 2895 1420 2961 universitate
1452 2894 1821 2983 comparari
1858 2892 2062 2978 jussa.
2092 2890 2317 2960 Tanta

108 3028 181 3074 eo
242 3033 419 3081 anno
487 3010 895 3081 locustarum
943 3034 1032 3078 ex
1073 3009 1436 3078 Germania
1481 3014 1552 3080 in
1598 3008 1870 3076 Italiam
1939 3005 2328 3084 multitudo.

110 3128 349 3208 venit„
388 3139 485 3196 ut.
532 3127 745 3196 solem
813 3127 1334 3196 obscuraverint.
1383 3127 1462 3193 In
1509 3124 1946 3216 Regiensibus
1991 3124 2112 3191 ubi
2157 3145 2316 3192 con·-

112 3240 417 3313 sederunt
460 3245 830 3313 virentibus
899 3246 1213 3314 omnibus
1265 3244 1599 3314 devoratis
1666 3241 1887 3312 solum
1941 3240 2199 3324 herbis,
2243 3249 2316 3310 ct

112 3358 391 3438 arbores
411 3360 590 3432 foliis
635 3362 1824 3431 denudarunt..

232 3479 495 3550 Interea
525 3463 775 3549 Paulus
807 3479 1146 3561 Pontifex,
1176 3477 1483 3552 Concilio
1512 3477 1913 3547 Tridentum
1942 3476 2263 3546 indicto(¹
2244 3475 2315 3557 ¹),

116 3590 451 3669 Caesarem
497 3623 585 3667 ex
630 3601 940 3691 Hispanis
985 3602 1057 3666 in
1103 3597 1538 3668 Germaniam
1585 3597 1973 3678 redeuntem
2019 3595 2316 3675 Busseti,

121 3715 295 3800 quod
338 3727 443 3790 est
503 3716 591 3786 ad
654 3720 874 3809 ripam
917 3715 1075 3785 Tari
1116 3717 1291 3786 inter
1335 3714 1753 3784 Placentiam
1796 3723 1868 3780 et
1909 3710 2316 3779 Cremonam

118 3848 245 3899 nou
313 3833 608 3926 ignobile
672 3835 1030 3927 oppidum,
1094 3834 1429 3904 convenit.
1485 3830 1591 3898 Ibi
1643 3853 1717 3898 se
1767 3826 2180 3898 Placentiam
2248 3834 2320 3896 et

118 3938 416 4018 Parmam
462 3949 661 4021 Petro
693 3950 968 4042 Aloysio
1012 3948 1153 4020 filio
1199 3948 1590 4019 concessisse
1635 3946 1969 4036 exposuit,
2013 3953 2082 4010 et
2127 3939 2312 4033 qnod

191 4196 267 4266 (ι)
298 4217 538 4256 nnxmn.

1983 4307 2048 4359 35
