2950 5017
713 446 741 491 1
751 442 839 492 00
1445 439 1682 486 numm
1722 438 2138 487 nummum

702 573 986 642 strante,
1027 571 1096 627 et
1137 558 1384 628 ancilla
1433 572 1702 654 captam
1746 560 1925 650 apud
1966 560 2190 627 lacum
2234 558 2580 628 Benacum
2630 557 2878 630 Gardae

703 683 774 747 in
816 701 1134 747 carcerem
1177 677 1484 763 conjecit,
1527 677 1935 768 Albertoque
1979 676 2141 759 filio,
2186 681 2297 745 cui
2341 677 2873 768 Longobardiam
2922 659 2923 666 ἵ

704 806 1125 873 concesserat,
1169 792 1399 860 Italiae
1441 816 1591 883 rege
1634 793 1990 875 declarato,
2034 818 2103 862 se
2148 797 2621 884 imperatorem
2676 795 2875 885 appel-

699 911 894 979 lavit.
942 910 1292 1002 Indignum
1338 910 1465 977 hoc
1508 907 1763 977 factum
1808 910 2133 1001 Agapitus
2178 911 2245 977 11
2296 909 2622 980 Pontifex
2680 935 2872 999 aeger·

700 1029 866 1094 rime
898 1025 1091 1106 tulit,
1121 1038 1325 1117 atque
1355 1025 1532 1105 ideo,
1561 1025 1743 1094 Italis
1775 1028 2150 1117 proceribus
2181 1027 2654 1109 suadentibus,
2684 1027 2872 1095 Otho-

699 1167 857 1210 nem
879 1142 1273 1210 Germaniae
1293 1145 1659 1234 principem
1692 1141 1774 1209 ad
1806 1142 2184 1232 pellendum
2211 1154 2575 1233 tyrannum
2603 1146 2867 1212 vocavit.

700 1257 766 1324 Is
810 1281 922 1346 per
963 1259 1211 1326 Forum
1247 1259 1286 1335 J
1291 1258 1410 1324 ulii
1453 1281 1612 1324 cum
1656 1260 2142 1347 quinquaginta
2185 1257 2483 1325 millibus
2527 1258 2866 1326 hominum

698 1376 1020 1463 ingressus
1087 1372 1333 1462 praelio
1399 1373 1863 1463 Berengarium
1929 1376 2265 1463 superavit
2283 1423 2304 1453 ,
2370 1386 2439 1440 et
2504 1372 2865 1453 Alundam,

698 1513 904 1579 quam
949 1487 1235 1556 effractis
1263 1490 1633 1557 carceribus
1665 1491 1897 1557 Actius
1925 1513 2081 1557 cum
2113 1489 2425 1557 Adelardi
2453 1479 2861 1580 Regiensium
2922 1539 2923 1546 κ

699 1606 988 1693 episcopi
1053 1627 1380 1673 consensu
1431 1603 1839 1673 canussium
1892 1605 2299 1687 deduxerat,
2340 1616 2572 1695 postea
2618 1628 2869 1673 uxorem

701 1726 981 1811 accepit.
1009 1721 1309 1789 Demum
1341 1721 1613 1811 Agapiti
1643 1721 1945 1810 precibus
1975 1721 2466 1811 Longobardia,
2501 1745 2607 1803 ac,
2636 1732 2862 1811 praeter
2922 1795 2923 1810 χ

700 1837 1033 1905 Veronam
1075 1849 1144 1939 et
1172 1838 1439 1930 Aquilej
1448 1863 1587 1921 am,
1615 1838 1897 1906 Venetia
1922 1838 2311 1928 Berengario
2358 1861 2670 1907 concessa
2714 1859 2863 1905 anno

701 1976 1095 2022 nccccxnvu
1163 1979 1322 2022 cum
1387 1956 1668 2044 conjuge
1734 1955 2153 2045 triumphans
2195 1959 2263 2022 in
2309 1955 2739 2023 Germaniam
2786 1977 2861 2019 re·
2922 1967 2923 1972 ’

705 2074 954 2137 meavit
982 2072 1079 2137 (¹).
1125 2070 1309 2138 Inter
1353 2070 1473 2138 hos
1522 2082 1741 2139 motus
1769 2071 2133 2139 Adelardus
2178 2074 2453 2139 antistes
2483 2072 2647 2138 DD.
2679 2070 2857 2157 Chry·
2922 2139 2923 2154 χ

700 2189 872 2252 santi
915 2198 987 2252 et
1026 2187 1268 2253 Dariae
1312 2197 1689 2276 martyrum
1733 2186 2085 2278 reliquias,
2126 2187 2219 2255 ne'
2253 2210 2295 2255 a
2337 2187 2648 2255 barbaris
2689 2186 2857 2278 impie

703 2302 1256 2393 dispergerentur,
1295 2302 1536 2383 Ticino
1579 2304 1860 2395 Regium
1904 2304 2189 2386 delatas,
2230 2307 2300 2371 in
2345 2305 2600 2394 majore
2645 2299 2856 2391 templo
2922 2359 2923 2366 ,

704 2418 1020 2486 condidit.
1053 2418 1335 2487 Genitus
1367 2407 1508 2487 erat
1534 2418 1946 2510 chrysantus
1973 2445 2060 2488 ex
2087 2419 2405 2489 Pollcmio
2435 2419 2856 2488 Alexandrino

704 2536 846 2602 viro
896 2532 1178 2614 illustri,
1229 2537 1349 2624 qui
1392 2537 1648 2603 circiter
1695 2560 1804 2604 an.
1848 2557 2157 2603 ocnxxxv
2202 2535 2486 2605 Romam
2532 2532 2854 2626 profectus,

705 2659 777 2715 et
818 2671 858 2714 a
900 2648 1309 2718 Numeriano
1356 2648 1638 2718 Caesare
1678 2653 1852 2717 inter
1893 2662 2222 2720 senatores
2264 2650 2516 2731 lectus,
2559 2648 2763 2717 filium
2798 2648 2852 2710 in

601 2762 609 2770 ’
706 2763 1181 2854 philosophiae,
1211 2768 1590 2855 artiumque
1620 2765 1997 2833 liberalium
2039 2766 2274 2833 studiis
2317 2764 2565 2833 erudiri
2609 2762 2851 2831 curavit.

696 2877 842 2946 -Sed
886 2889 1044 2947 cum
1087 2904 1243 2948 eum
1288 2903 1330 2948 a
1373 2881 1799 2971 Carpophoro
1859 2882 1945 2949 ad
2008 2882 2434 2949 christianam
2493 2880 2694 2948 fidem
2753 2890 2856 2942 tra-
2922 2889 2923 2970 ξ

705 2996 984 3064 ductum
1030 3008 1230 3087 atque
1273 3002 1481 3065 etiam
1525 2999 1945 3088 baptizatum
1992 2998 2374 3079 audivisset,
2417 3001 2715 3089 quinque
2754 2995 2853 3060 vir-

708 3115 939 3202 ginum
983 3110 1198 3180 forma
1242 3117 1724 3201 praestantium
1766 3113 2087 3181 illecebris
2128 3113 2613 3183 adolescentem
2657 3111 2735 3178 ad
2769 3129 2850 3172 su·

701 3232 1159 3318 ·perstitionem
1207 3249 1513 3299 revocare
1559 3231 1874 3296 tentavit.
1919 3231 2127 3313 Quae.
2152 3255 2309 3299 cum
2360 3232 2590 3318 ‹1in
2639 3233 2850 3298 virtute

707 3347 780 3410 in
849 3340 1253 3432 profundum
1318 3365 1630 3411 somnum
1697 3342 2119 3427 incidissent,
2186 3346 2521 3420 veneficiis
2588 3360 2849 3436 soporem

707 3457 948 3548 puellis
989 3456 1317 3543 inpetum
1371 3469 1568 3547 pater
1618 3460 1926 3541 credidit,
1969 3483 2049 3528 ac
2092 3486 2312 3531 rursus
2351 3463 2634 3531 Dariam
2671 3458 2851 3527 lectit-

707 3567 947 3640 simam
976 3574 1303 3663 virginem
1330 3572 1582 3642 Vestae
1608 3574 2007 3643 destinatam
2051 3579 2256 3657 misit,
2286 3601 2460 3668 quae
2501 3579 2851 3668 nuptiarum

708 3692 921 3777 specie
962 3688 1280 3774 juvenem
1309 3689 1749 3772 subverteret3
1781 3691 1897 3760 sed
1941 3716 2022 3759 ea
2062 3693 2147 3761 ad
2175 3691 2522 3762 Christum
2552 3707 2849 3764 conversa,

709 3816 779 3870 et
822 3826 1004 3873 sacro
1047 3804 1308 3875 lavacro
1337 3806 1514 3874 clam
1544 3808 1935 3888 emundata,
1965 3809 2128 3876 dum
2162 3812 2656 3879 matrimonium
2686 3809 2852 3874 simu·
2922 3871 2923 3880 ,

703 3919 882 4002 lant,
923 3919 1240 4027 plurimos
1302 3923 1392 3989 ab
1439 3923 1818 3994 idololatria
1865 3925 1955 3996 ad
1997 3925 2307 3993 divinum
2359 3926 2622 3996 cultum
2663 3916 2849 3991 adole-

768 4167 865 4240 ¹(1)
897 4168 1085 4226 mone.
1116 4169 1206 4227 uh.
1239 4186 1270 4224 2
1304 4170 1369 4224 ad
1402 4169 1496 4223 fin.
1529 4178 1582 4226 et
1613 4171 1706 4225 m».
1741 4173 1770 4225 3
1806 4159 1863 4224 fn
1899 4173 2066 4241 princ.
2097 4172 2204 4225 dec.
2237 4190 2270 4224 2
2303 4172 2514 4255 «tnnc.
2546 4173 2605 4231 in
2636 4157 2846 4238 App-11-
