2950 5017
896 452 1098 500 usna
1139 453 1429 510 omarus
2131 438 2259 527 357

54 574 418 664 cingentis
474 571 961 664 cataphractis,
989 588 1060 642 et
1087 575 1389 644 ducentis
1437 574 1771 666 peditibus
1813 598 1971 645 cum
2020 578 2261 668 viginti

54 690 314 759 tillium
371 714 756 762 aureorum
820 691 1150 783 stipendio
1214 705 1564 785 praeesset.
1628 694 1777 785 Ipse
1841 719 1977 764 non
2042 695 2264 764 multo
2368 773 2374 778 ,

54 821 149 875 ost
180 806 693 876 Mediolanum
739 810 990 876 accitus
1033 810 1339 879 universo
1375 810 1736 878 Insubrum
1769 812 2048 901 imperio
2077 833 2265 902 prae-

54 935 221 992 setus
290 934 437 992 est.
493 924 605 991 Ibi
647 924 789 1012 jam
831 928 1258 1015 sexagenario
1324 927 1543 1012 major
1608 950 1744 996 non
1810 928 1954 995 sine
2020 928 2264 996 veneni

53 1042 398 1131 rspicione
445 1039 702 1109 lethali
745 1038 932 1111 febre
997 1054 1337 1134 correptus
1389 1067 1565 1114 anno
1607 1065 1944 1112 ncocoxu
2009 1055 2082 1112 et
2146 1046 2258 1113 sui

54 1162 274 1249 nperii
320 1162 909 1251 quinquagesimo
953 1160 1240 1230 secundo
1305 1172 1499 1231 sexto
1565 1160 1876 1231 calendas
1928 1162 2267 1249 januarias

54 1287 164 1344 ost
222 1275 608 1344 meridiem
678 1279 823 1346 vita
890 1280 1194 1346 excessit.
1246 1277 1555 1347 Cadaver
1617 1277 1910 1347 calendis
1972 1278 2265 1366 januarii

54 1392 401 1461 Perrariam
456 1393 770 1461 delatum
837 1397 906 1462 in
974 1395 1196 1464 Divae
1238 1396 1491 1463 Mariae
1537 1395 1735 1478 aede,
1778 1417 1987 1488 quam
2034 1398 2267 1488 vivens

54 1507 421 1578 sondiderat
438 1560 463 1593 ,
539 1521 698 1578 ante
763 1534 948 1579 aram
1013 1511 1341 1599 majorem
1385 1511 1729 1604 sepultum
1773 1510 1930 1583 fuit.
1977 1512 2266 1583 Moriens

54 1623 186 1694 {uos
235 1624 429 1696 filios
511 1651 604 1695 ex
668 1626 1017 1695 Ricciarda
1059 1626 1503 1699 Salassiorum
1547 1630 1875 1722 Principis
1917 1626 2060 1698 filia
2101 1630 2270 1698 Her-

54 1740 245 1809 mlem
276 1757 354 1811 et
385 1741 912 1834 Sigismundum
944 1744 1167 1813 adhuc
1195 1746 1603 1836 impuberes,
1633 1746 2033 1817 Leouellum
2076 1770 2264 1839 prae-

54 1871 227 1944 terea,
271 1873 350 1930 et
395 1862 722 1932 Borsium
765 1887 854 1931 ex
891 1860 1106 1930 Stella
1135 1863 1495 1946 Assasinia,
1523 1887 1644 1933 seu
1673 1865 2087 1949 Ptolomaea,
2116 1890 2272 1958 pro-

54 1989 290 2047 creatos
332 1981 612 2071 spurios
655 1978 969 2070 reliquit;
1000 2004 1087 2047 ao
1115 1978 1516 2050 Leonellum
1559 2004 1756 2071 quem
1799 1984 2076 2071 mirifice
2119 1987 2273 2053 dili-

54 2093 260 2182 gebat,
300 2120 392 2163 ac
437 2101 687 2166 vivens
731 2102 1149 2186 negotiorum
1192 2103 1449 2167 socium
1495 2080 1956 2189 assumpserat
2002 2105 2268 2191 imperii

54 2216 148 2278 sui
186 2235 656 2285 successorem
680 2216 893 2304 fecit,
941 2221 1055 2284 cui
1099 2221 1247 2285 sine
1291 2216 1519 2286 liberis
1563 2218 1885 2286 masculis
1929 2220 2271 2307 deficienti

62 2325 406 2400 Herculem
452 2345 536 2401 et
577 2330 1106 2422 «sigismundum,
1134 2333 1381 2402 Borsio
1419 2339 1822 2424 praeterito,
1867 2335 2273 2422 substitutit,

62 2451 601 2532 quemadmodum
643 2471 735 2517 ex
779 2451 931 2539 ejus
977 2463 1374 2519 testamento
1434 2464 1754 2542 apparet,
1802 2455 1987 2541 quod
2026 2457 2101 2519 in
2131 2475 2271 2543 pu-

66 2561 218 2634 blico
261 2566 832 2660 chartophylacio
875 2582 1274 2638 asservatur.
1324 2568 1681 2638 Leonellus
1734 2581 1904 2637 natu
1959 2569 2272 2660 grandior

71 2681 423 2771 impuberes
470 2684 735 2758 tutelae
781 2708 939 2753 suae
985 2709 1028 2752 a
1071 2699 1260 2777 patre
1302 2688 1710 2767 commissos,
1743 2698 2002 2777 arrepta
2044 2698 2271 2775 tyran·

72 2797 225 2880 uide,
265 2825 400 2872 non
449 2801 678 2872 solum
747 2804 1023 2893 imperio
1090 2802 1433 2893 spoliavit,
1482 2802 1596 2870 sed
1640 2802 2004 2893 Neapolim
2062 2805 2271 2871 etiam

77 2915 230 3002 apud
285 2918 727 3010 Alpbonsum
799 2942 1054 3010 regem,
1098 2919 1295 3007 cujus
1357 2917 1569 2986 filiam
1636 2919 1920 2986 Mariam
1988 2931 2273 2988 uxorem

74 3030 271 3118 duxit,
312 3039 444 3107 sub
498 3043 713 3130 specie
755 3037 1111 3106 discendae
1155 3036 1466 3105 militaris
1497 3035 1886 3128 disciplinae
1921 3036 2270 3129 relegavit.

81 3146 273 3222 Borsio
315 3179 508 3240 vero,
539 3160 663 3249 qui
707 3181 750 3224 a
793 3156 1083 3227 consiliis
1112 3155 1407 3248 Philippi
1440 3153 1876 3224 vicecomitis
1907 3166 2075 3238 erat,
2104 3156 2270 3224 Her-

82 3262 333 3355 beriam,
361 3272 693 3345 Sanctum
726 3275 1100 3344 Martinum
1130 3287 1200 3342 et
1228 3272 1894 3365 Campumgajanum
1926 3273 2270 3366 elargitus,

85 3379 427 3459 Castellum
472 3416 733 3462 novum
777 3394 848 3459 in
894 3393 1300 3462 Dertonensi
1343 3413 1502 3482 agro
1558 3391 1879 3461 obtinuit.
1923 3390 2285 3472 Ricciarda,

90 3513 273 3572 mater
315 3507 686 3595 ejectorum
727 3507 1097 3577 liberorum
1139 3510 1455 3577 iniuriam
1500 3505 1747 3578 frustra
1794 3508 2145 3599 deplorans
2188 3532 2270 3578 eo

92 3616 287 3690 auimo
315 3624 615 3695 Ferraria
642 3624 957 3707 discessit,
986 3637 1069 3693 ut
1097 3648 1236 3696 nou
1280 3627 1407 3694 nisi
1449 3627 1772 3696 restitutis
1814 3629 1885 3693 in
1932 3628 2270 3716 integrum

91 3743 316 3808 “ntum
358 3740 514 3813 filiis
561 3755 1022 3813 reverteretur.
1069 3740 1425 3813 Leonellus
1467 3753 1749 3834 paterna
1790 3740 2042 3811 ditione
2101 3741 2277 3831 poti·

96 3855 191 3916 Μ
223 3860 557 3944 pactiones
597 3863 771 3929 inter
813 3858 1168 3951 Regienses
1209 3870 1280 3926 et
1322 3857 1691 3929 Nicolaum
1749 3870 2010 3950 patrem
2069 3859 2272 3925 initas

98 3978 409 4045 renovavit
436 3979 539 4064 (tl,
585 3991 654 4048 et
697 3976 1058 4047 Scandiani
1102 3977 1424 4069 urbisque
1491 3988 1758 4047 nostrae
1824 3974 2118 4047 confinia
2172 3974 2278 4043 di-

164 4199 240 4275 (¹)
266 4203 330 4261 1²
359 4209 494 4270 libro
523 4211 882 4285 provisionum
915 4212 1006 4268 fol.
1038 4229 1142 4265 vu.
