2950 5017
899 434 1095 478 mnan
1138 435 1380 479 ramus
2138 427 2228 505 29'

54 580 215 648 quae
270 557 583 646 equitum
640 557 993 643 octoginta,
1050 567 1118 621 et
1180 554 1481 644 peditum
1546 555 1954 645 septingenta
2008 553 2224 621 millia

52 670 226 740 fuere
268 672 352 739 (¹)
380 717 400 740 .
442 669 655 752 Galli,
698 682 927 738 coacto
971 672 1139 737 circa
1183 669 1580 738 Rhodanum
1626 672 1875 759 ingenti
1922 673 2221 737 exercitu

50 801 113 854 et
159 787 422 877 alpibus
466 788 818 874 superatis,
862 782 951 851 ad
1002 785 1260 851 Padum
1312 785 1487 851 Boiis
1531 797 1596 850 et
1639 785 2023 852 Insubribus
2067 809 2224 853 con-

48 904 439 993 junguntur,
483 904 955 991 copiarumque
999 913 1218 990 parte,
1249 898 1562 990 praesidii
1616 923 1811 966 causa
1852 901 2035 968 domi
2077 900 2227 967 reli·

52 1032 189 1099 cta,
230 1018 567 1108 reliquum
597 1019 962 1083 exercitum
995 1018 1253 1082 circiter
1289 1018 1773 1106 quinquaginta
1804 1016 2010 1082 millia
2042 1016 2221 1105 pedi-

56 1147 232 1213 tum,
262 1135 571 1221 equitum
602 1154 680 1197 ac
704 1130 1014 1219 bigarum
1044 1127 1250 1198 ferme
1280 1129 1383 1197 bis
1414 1129 1699 1196 millium
1733 1128 1923 1210 ferro,
1951 1132 2231 1219 igneque

59 1250 275 1314 omnia
302 1258 638 1313 vastantes
684 1268 908 1312 versus
953 1246 1327 1312 Hetruriam
1373 1245 1652 1311 ducunt.
1712 1244 1886 1311 Cum
1930 1244 2013 1309 ad
2067 1244 2232 1311 Clu-

60 1365 228 1428 sium
254 1364 720 1451 pervenissent,
752 1359 1090 1440 Romania,
1121 1364 1239 1450 qui
1300 1360 1397 1426 ibi
1445 1363 1514 1425 in
1541 1360 1860 1450 praesidio
1890 1370 2077 1425 erant
2109 1361 2233 1425 ob-

64 1482 231 1543 viam
261 1474 449 1555 facti,
498 1475 840 1565 equitibus
870 1474 951 1542 ad
983 1473 1303 1544 fallendos
1332 1475 1554 1541 hostes
1584 1478 1654 1541 in
1697 1477 1834 1540 ima
1864 1473 2038 1542 valle
2066 1476 2237 1540 inter

66 1591 285 1659 densas
316 1591 580 1659 arbores
624 1588 990 1670 collocatis,
1036 1602 1104 1656 et
1148 1589 1463 1657 simulata
1508 1588 1667 1678 fuga
1701 1589 1948 1680 pedites
1969 1587 2240 1655 Fesulas

66 1730 277 1774 versus
319 1706 619 1773 celeriter
663 1705 1034 1773 retrahunt.
1082 1706 1366 1774 Romani
1413 1728 1636 1773 veram
1685 1705 1855 1772 hanc
1887 1704 2240 1773 Gallorum

69 1822 563 1912 trepidationem
611 1821 935 1902 arbitrati,
964 1845 1071 1889 eos
1106 1819 1314 1888 effuso
1345 1824 1606 1910 agmine
1633 1833 2020 1909 sequuntur.
2055 1821 2236 1888 Cum

70 1941 133 2003 in
162 1937 421 2005 insidias
451 1940 806 2018 venisseut,
835 1961 954 2006 sex
982 1935 1282 2004 millibus
1311 1940 1592 2017 amissis,
1622 1939 1861 2004 caeteri
1890 1939 1958 2003 in
2005 1933 2239 2025 fugam

74 2056 375 2137 conversi,
420 2051 765 2119 tumulum
810 2055 1083 2132 simmei:
1124 2064 1389 2119 natura·
1417 2054 1764 2118 munitum
1808 2073 2241 2141 occupavere.

72 2166 237 2235 Galli
282 2180 652 2236 transactae
696 2170 911 2237 noctis
954 2166 1220 2256 vigiliis,
1263 2179 1331 2233 et
1375 2166 1506 2233 diei
1537 2166 1764 2235 labore
1792 2164 2058 2246 defessi,
2086 2189 2254 2232 cum

75 2282 393 2352 difficilem
439 2284 699 2352 adversi
768 2283 955 2352 collis
1010 2307 1305 2374 pugnam
1362 2294 1608 2350 temere
1665 2282 2050 2350 tentandam
2108 2304 2247 2349 esse

72 2423 193 2467 non
230 2410 597 2479 censerent,
659 2401 731 2465 in
791 2411 1126 2487 posterum
1194 2398 1370 2464 diem
1426 2397 1752 2487 praelium
1809 2393 2246 2477 distulerunt3

74 2517 316 2581 interim
360 2514 599 2583 relicta
644 2513 728 2580 ad
772 2513 1066 2583 hostium
1111 2514 1520 2582 obsidionem
1566 2516 1868 2604 equitum
1916 2513 2249 2594 custodia,

81 2631 154 2696 ad
190 2631 477 2698 curanda
518 2653 794 2719 corpora
837 2642 1210 2697 vertuntur.
1276 2629 1487 2698 Erant
1554 2655 1631 2699 eo
1698 2654 1870 2698 anno
1915 2628 2249 2698 Consules

82 2747 153 2814 L.
192 2745 497 2815 AEmilius
539 2747 819 2828 Paulus,
860 2759 930 2814 et
955 2747 1236 2816 Attilius
1265 2747 1584 2837 Regulus,
1604 2771 1741 2837 quo
1771 2750 1842 2814 in
1872 2745 2248 2813 Sardiniam

82 2885 223 2930 cum
264 2864 466 2932 classe
511 2861 833 2954 profecto,
893 2862 1229 2945 AEmilius,
1280 2868 1389 2930 cui
1440 2862 1705 2930 Gallica
1763 2864 2095 2953 expeditio
2137 2862 2260 2929 ob-

82 2979 287 3046 eunda
325 2994 487 3060 erat,
514 2979 696 3070 quod
723 3003 838 3068 per
865 2979 1215 3047 Umbriam
1249 2982 1634 3047 transituros
1665 2978 1895 3047 Gallos
1931 2971 2249 3066 crederet,

86 3095 446 3162 Ariminum
498 3118 657 3162 cum
706 3097 1002 3161 exercitu
1053 3091 1300 3175 i'verat3
1354 3094 1468 3162 sed
1526 3098 1787 3184 cognito
1839 3094 2135 3165 hostium
2183 3100 2253 3166 in

90 3212 448 3279 Hetmriam
498 3215 760 3293 itinere,
819 3210 1167 3281 confestim
1233 3224 1687 3302 opportunum
1739 3213 2008 3282 obsessis
2064 3218 2255 3284 sociis

92 3327 400 3395 auxilium
444 3327 703 3396 laturus
745 3331 965 3409 venit3
1009 3331 1128 3420 qui
1171 3331 1243 3395 in
1290 3328 1564 3397 adverso
1608 3328 1780 3399 colle
1812 3352 1853 3396 a
1881 3329 2102 3398 Gallis
2131 3354 2255 3400 cu-

93 3442 323 3523 etoditi,
364 3442 647 3523 consuli,
690 3443 887 3529 cujus
931 3442 1294 3511 adventum
1337 3468 1423 3510 ex
1467 3446 1807 3513 nocturnis
1835 3445 2102 3534 ignibus
2146 3450 2252 3514 in-

94 3555 490 3638 tellexerant,
535 3581 653 3648 per
701 3560 975 3626 nuntios
1030 3561 1124 3627 rei
1190 3571 1412 3649 gestae
1461 3557 1926 3628 infelicitatem
1982 3566 2259 3631 nuncia-

96 3685 338 3739 verunt.
369 3673 626 3742 Contra
653 3674 1048 3742 Aneroestes
1070 3674 1383 3744 Boiorum
1414 3675 1582 3757 dux,
1611 3675 1731 3746 ubi
1752 3674 1973 3745 hostes
2002 3680 2254 3746 venisse

99 3791 407 3876 cognovit,
451 3799 819 3857 convocata
862 3791 1198 3875 concione,
1239 3792 1576 3879 ingentem
1606 3815 1676 3859 se
1700 3793 2000 3861 omnium
2028 3816 2255 3861 rerum

102 3905 387 3990 medam
434 3907 726 3996 coegisse
771 3919 1137 3990 memorat3
1181 3905 1404 3976 fatuos
1446 3931 1562 3977 eos
1608 3932 1743 3979 esse
1773 3912 1827 3979 si
1860 3933 1960 3980 res
1988 3910 2129 3997 jam
2159 3921 2263 3981 tot

168 4157 241 4230 (Ι)
266 4161 401 4217 Ptin.
432 4164 527 4218 lib.
556 4165 651 4234 63,
682 4182 789 4237 cap.
821 4186 902 4220 ac.
