2950 5017
930 436 1127 481 maan
1160 431 1421 483 'patmus
1838 449 1846 459 ·
1890 451 1898 460 ·
2197 422 2278 487 35

26 555 523 624 redderentur.
546 555 692 623 Hac
723 579 792 622 re
822 560 1115 645 cognita,
1136 557 1523 624 L.Manlius
1548 559 1837 639 Praetor,
1858 562 1975 649 qui
2008 569 2170 626 tunc
2201 563 2271 627 in
2308 603 2316 611 ·

26 675 389 762 proximis
431 672 599 741 locis
629 673 1037 751 versabatur,
1081 673 1355 741 obsessis
1402 674 1733 740 auxilium
1775 674 2061 756 laturus,
2106 699 2263 742 cum
2329 698 2334 704 ’

34 789 409 880 expeditis
452 789 839 857 cohortibus
885 789 1178 856 advolat'.
1223 790 1325 858 Eo
1368 790 1519 858 loco
1552 794 1696 856 viae
1729 795 2099 881 proximam
2138 792 2270 881 syl-

30 928 213 972 vam
266 904 485 972 fuisse
531 904 668 991 jam
712 904 1034 984 diximus,
1080 906 1198 971 ubi
1240 906 1492 972 insidiis
1535 909 1707 973 inter
1745 907 1976 975 densas
2006 908 2269 986 arbores

27 1022 320 1110 positis,
366 1022 750 1088 venientem
796 1019 1177 1088 Praetorem
1245 1020 1391 1089 Boii
1458 1024 1802 1111 repentino
1846 1025 2106 1113 impetu
2154 1046 2266 1113 ag-

34 1139 293 1226 gressi,
334 1159 653 1226 magnam
695 1135 1153 1204 Romanorum
1198 1150 1452 1225 partem
1498 1116 1813 1206 caedunt.
1859 1138 2150 1207 Manlius
2180 1163 2268 1206 ex

42 1255 253 1322 invio
294 1275 569 1320 nemore
616 1252 883 1319 tandem
927 1255 1001 1319 in
1045 1266 1300 1343 apertos
1343 1276 1614 1344 campos
1653 1256 1885 1321 exiens
1929 1253 2269 1323 Canetum

44 1367 407 1467 confugit.
452 1367 620 1435 Erat
663 1372 853 1436 vious
898 1367 1011 1434 hic
1052 1372 1226 1435 inter
1270 1369 1559 1459 Regium
1613 1382 1683 1437 et
1715 1369 2089 1452 Brixillum
2141 1396 2274 1440 non

46 1485 263 1577 longe
307 1509 352 1552 a
392 1485 575 1555 Pado
617 1488 871 1575 positus
900 1486 1003 1567 (ί),
1045 1487 1167 1553 ubi
1211 1500 1522 1558 comeatu
1588 1511 1702 1577 per
1763 1486 2015 1555 flumen
2071 1498 2278 1555 trans-

48 1602 883 1698 misso,'0enomanorum
929 1602 1190 1686 auxilio
1256 1626 1326 1671 se
1391 1604 1702 1673 adversus
1747 1616 2150 1672 crescentem
2197 1607 2269 1672 in

54 1721 211 1788 dies
258 1720 561 1789 bostitun
604 1721 1109 1788 multitudinem
1163 1718 1426 1790 fortiter
1477 1720 1811 1789 defendit.
1856 1712 2120 1790 Nuntio
2166 1746 2276 1789 ac-

60 1847 319 1926 ceptae
362 1836 557 1903 cladis
598 1836 885 1905 Romam
932 1836 1219 1927 perlato,
1264 1836 1436 1904 alius
1482 1838 1750 1906 Praetor
1781 1837 1989 1924 Cajus
2019 1837 2271 1914 Atilius

58 1974 230 2019 curn
280 1975 418 2019 una
466 1952 754 2042 legione,
797 1965 867 2020 et
911 1957 1210 2044 quinque
1260 1953 1561 2021 millibus
1625 1957 1955 2021 sociorum
2024 1954 2109 2020 ad
2176 1937 2270 2019 fess

64 2068 353 2136 rendum
400 2069 613 2138 Lucio
655 2070 911 2163 Manlio
943 2070 1290 2156 'auxilium
1337 2074 1574 2138 missus
1621 2085 1749 2154 est.
1797 2069 1986 2138 Galli
2031 2070 2277 2140 Roma-

64 2209 309 2255 norum
344 2187 642 2254 adventu
673 2189 966 2277 cognito,
997 2200 1190 2254 metu
1218 2189 1667 2272 discedentes,
1697 2187 1908 2256 Atilio
1941 2188 2276 2255 Canetum

66 2305 363 2371 venienti
406 2302 699 2371 liberum
758 2306 887 2370 iter
945 2303 1389 2393 reliquerunt.
1450 2306 1699 2400 Lucius
1744 2328 1899 2371 vero
1942 2303 2272 2383 Manlius,

66 2422 188 2511 qui
234 2424 451 2488 vitam
497 2443 784 2488 servasse
830 2444 946 2510 pro
993 2444 1234 2512 magno
1279 2416 1594 2497 benefitio
1647 2420 1922 2505 habuit,
1976 2424 2272 2487 excitata

70 2541 281 2604 etiam
340 2537 671 2606 seditione
715 2536 1025 2618 militati,
1083 2538 1310 2605 aedem
1366 2538 1774 2606 Concordiae
1845 2541 2031 2607 vovit
2098 2561 2270 2627 quae
2337 2608 2345 2616 ,

73 2666 305 2742 postea
349 2656 423 2718 in
470 2654 641 2720 Arce
686 2677 725 2719 a
756 2653 1173 2734 Duumviris,
1201 2653 1367 2721 dum
1400 2653 1897 2743 L.·Scrib9nius
1926 2641 2098 2720 Libo
2130 2652 2276 2717 Tri·
2378 2667 2382 2671 ’

73 2767 300 2837 bunus
344 2767 609 2848 Plebis,
656 2780 725 2834 et
768 2768 1106 2835 Triumvir
1151 2767 1460 2836 mensalis
1513 2783 1714 2850 esset,
1758 2768 2062 2835 dedicata
2108 2766 2272 2842 fuit.

79 2885 195 2952 Ob
234 2889 307 2953 id
350 2886 550 2954 hodie
592 2910 863 2976 quoque
908 2888 979 2953 in
1023 2887 1427 2975 quibusdam
1476 2889 1795 2975 argenteis
1838 2888 2273 2951 nummisma-

78 3002 271 3070 tibus
340 3007 409 3070 in
477 3001 681 3071 altera
749 3018 933 3093 parte
984 3027 1226 3072 nomen
1274 3002 1549 3096 Aemilii
1591 3001 1786 3068 Pauli
1831 3001 2104 3089 Lepidi,
2156 3004 2274 3090 qui

78 3132 231 3186 tum
278 3117 625 3200 Pontifex,
665 3133 735 3187 et
778 3120 1027 3188 Consul
1071 3123 1142 3187 in
1187 3121 1516 3188 Cannensi
1562 3142 1788 3212 pugna
1835 3119 2271 3196 occubuerat,

82 3247 149 3300 et
190 3234 816 3318 aedis-Concordiae
862 3238 931 3302 in
981 3212 1207 3302 altera·
1220 3235 1413 3302 Lucii
1445 3232 1770 3303 Scribonii
1800 3233 2074 3302 Libonis
2117 3256 2272 3300 cum

82 3353 180 3416 sui
225 3350 523 3439 putealis
566 3354 852 3440 imagine
893 3354 1219 3440 seriptum
1264 3374 1507 3419 nomen
1551 3349 1815 3439 legitur.

208 3467 401 3535 Dum
446 3469 616 3538 baec
667 3466 850 3558 apud
894 3468 1087 3537 Boios
1140 3481 1492 3558 geruntur,
1544 3468 1805 3546 Poenus
1850 3466 2144 3533 Annibal
2188 3489 2275 3530 ex

94 3582 409 3674 Hispania
440 3588 513 3653 in
542 3583 845 3652 Galliam
891 3584 1202 3652 adversus
1230 3585 1565 3653 Romanos
1609 3596 2026 3675 pugnaturus
2069 3587 2274 3650 venit.

94 3695 484 3769 Rhodanum
514 3704 635 3769 'vix
664 3700 1009 3788 trajecerat
1051 3725 1208 3769 cum
1256 3724 1297 3768 a
1339 3701 1582 3790 regulis
1628 3683 2077 3790 transpadanis
2121 3722 2274 3765 con-

98 3828 358 3898 ventus,
402 3832 485 3885 ut
530 3819 600 3885 in
657 3818 925 3886 ltaliam
981 3829 1306 3898 transeat,
1358 3820 1615 3907 magnis
1670 3815 2275 3906 ‚pollicitationibus

102 3928 443 4002 invitatur.
489 3932 625 4024 Ipsi
693 3956 764 4001 se
827 3936 1068 4014 socios,
1112 3945 1532 4024 caeterosque
1584 3932 1962 4000 Galliarum
2027 3929 2282 3998 accolas

173 4162 253 4235 (ι)
282 4166 468 4224 stone
500 4168 618 4223 ιω.
650 4169 812 4228 illust.
843 4139 936 4257 gis.
975 4188 1020 4237 ι,
1052 4170 1267 4239 Region.
1304 4188 1351 4239 7.
