2950 5017
647 394 781 477 439,
1391 406 1633 453 unum(
1690 403 2116 454 mmmmm!

645 535 944 626 equitem
989 530 1194 624 Regii,
1224 529 1530 600 divertit.
1574 529 1904 601 Postridie
1930 530 2246 598 Parmam
2290 525 2657 619 profectus,
2699 551 2859 598 mox

537 699 546 708 -
644 650 1056 719 Placentiam
1124 645 1210 715 ad
1273 646 1595 715 Trebiam
1657 646 1912 715 flumen
1962 647 2336 736 Hispanicis
2393 646 2643 736 copiis,
2696 668 2859 735 quas

645 766 1070 834 Raimundus
1097 764 1469 834 Cardonius
1514 764 1837 845 ducebat,
1877 786 1951 832 se
1997 762 2379 849 conjunxit.
2423 761 2725 830 Helvetii
2767 763 2861 829 in-

645 888 840 952 terim
886 887 954 951 vi
1003 883 1288 950 turbinis
1352 894 1424 948 et
1495 882 1829 972 grandinis
1862 967 1865 976 ¹
1885 880 2212 971 praelium
2258 902 2598 949 conserere
2648 877 2861 968 prohi-

644 1002 811 1083 biti,
856 1001 1030 1069 duce
1073 1000 1393 1091 Prospero
1438 998 1784 1070 Columna
1850 1022 1969 1090 per
2036 999 2484 1089 proditionem
2555 1022 2600 1064 a
2658 995 2859 1064 Gallis

644 1131 872 1209 capto,
918 1118 1257 1188 Vercellas
1326 1103 1859 1187 retrocesserunt.
1916 1117 2140 1212 Quare
2188 1116 2430 1184 Gallus
2495 1119 2567 1183 in
2642 1116 2854 1206 primis

637 1235 976 1317 Novaria,
1022 1247 1091 1303 et
1134 1235 1402 1303 Ticino
1435 1236 1822 1325 occupatis,
1866 1233 2107 1302 deinde
2175 1232 2423 1323 praelio
2490 1235 2748 1313 victor,
2794 1234 2857 1298 iu

643 1374 782 1442 quo
823 1363 982 1420 octo
1031 1349 1246 1418 millia
1281 1349 1887 1422 Mediolanensium
1930 1361 2000 1416 et
2040 1348 2401 1419 duodecim
2442 1347 2675 1414 millia
2719 1345 2862 1413 Hel·

571 1523 578 1544 „
649 1471 983 1538 vetiorum
1044 1491 1231 1535 caesa
1300 1465 1492 1536 fuere
1514 1519 1535 1550 ,
1584 1466 2048 1537 Mediolanum
2099 1489 2258 1533 cum
2323 1488 2475 1533 arce
2543 1465 2863 1534 obtinuit.

643 1586 792 1662 Hac
850 1584 1041 1653 clade
1093 1596 1403 1676 accepta,
1448 1583 1873 1654 Raimundus
1922 1582 2296 1652 Cardonius
2345 1606 2508 1649 cum
2542 1583 2865 1671 Hispanis

644 1705 718 1771 in
772 1726 1006 1794 agrum
1059 1703 1485 1795 Regiensem,
1529 1705 1649 1794 qui
1708 1701 1940 1769 Turris
2000 1699 2320 1792 Episcopi
2371 1712 2701 1782 vocatur,
2758 1723 2865 1767 no-

642 1822 796 1887 stris
840 1819 1107 1887 abunde
1151 1830 1605 1889 commeatum
1649 1816 2261 1907 suppeditantibus,
2305 1839 2375 1883 se
2418 1817 2711 1905 recepit.
2748 1814 2865 1883 Po-

642 1934 907 2016 stridie,
963 1938 1084 2025 qui
1137 1934 1278 2003 dies
1332 1935 1703 2004 dominicus
1759 1931 1930 2016 fuit,
1983 1932 2369 2001 Herberiam
2423 1944 2861 2022 transgressus

644 2049 730 2116 ad
776 2049 1048 2118 Gabelli
1093 2051 1387 2120 fluminis
1430 2054 1647 2141 ripam
1694 2063 1909 2118 castra
1954 2053 2213 2139 posuit,
2248 2049 2368 2117 ubi
2412 2072 2530 2139 per
2572 2072 2708 2116 sex
2736 2048 2863 2115 dies

648 2168 988 2257 proximas
1032 2164 1227 2233 villas
1270 2166 1571 2255 diripuit.
1614 2153 1915 2234 Demum
1952 2166 2293 2234 Mutinam,
2336 2162 2714 2255 profectus,
2758 2187 2865 2255 po-

640 2295 784 2351 stea
812 2284 885 2349 in
916 2282 1387 2372 Campaniam,
1418 2296 1499 2349 ut
1526 2282 1798 2352 Ursinos
1828 2281 2315 2352 columnarum
2361 2280 2624 2351 auxilio
2670 2305 2863 2349 vexa-

642 2412 773 2481 ret,
818 2421 889 2465 se
933 2397 1245 2470 contulit
1296 2397 1438 2468 Illis
1485 2399 1895 2505 abeuntibus
1926 2401 2329 2472 Laurentius
2370 2398 2674 2467 Medices
2718 2422 2863 2466 cum

641 2514 999 2601 Pontificio
1061 2528 1131 2582 et
1182 2515 1576 2606 Florentino
1630 2521 1931 2587 exercitu
1976 2518 2266 2610 Regium
2312 2519 2645 2608 pervenit.
2695 2516 2861 2583 Cum

643 2625 819 2702 intra
865 2637 1130 2703 moenia
1158 2658 1389 2703 omnes
1434 2635 1782 2704 commode
1825 2637 2030 2726 recipi
2075 2659 2208 2703 non
2254 2647 2554 2726 possent,
2586 2632 2864 2724 plurimi

641 2774 763 2842 per
796 2752 990 2821 villas
1018 2753 1213 2821 divisi
1243 2765 1313 2821 et
1342 2753 1728 2844 quindecim
1759 2753 2019 2850 dierum
2049 2755 2266 2844 spatio
2296 2755 2546 2821 civium
2576 2755 2865 2841 pecunia

641 2873 1039 2951 sustentati,
1104 2894 1344 2961 magna
1400 2894 1558 2938 cum
1604 2870 1876 2938 licentia
1934 2869 2323 2942 incredibile
2380 2852 2861 2936 detrimentum

648 2985 803 3053 urbi
850 2985 1248 3056 attulerunt.
1295 2986 1632 3070 violenti,
1678 2999 1749 3056 et
1793 2985 2121 3057 vinolenti
2151 3011 2271 3077 pro
2300 2983 2593 3055 fortibus
2639 2984 2861 3053 lauda-

646 3101 900 3172 bantur
909 3131 936 3208 ξ
981 3106 1038 3171 si
1081 3107 1200 3194 qui
1248 3105 1613 3174 modestius
1657 3127 1725 3172 se
1769 3104 2117 3195 gerebant,
2160 3102 2353 3171 velut
2398 3102 2624 3170 timidi
2659 3116 2733 3169 et
2762 3104 2857 3169 de-

641 3240 906 3308 generes
952 3220 1421 3288 irridebantur.
1466 3220 1732 3289 Crebris
1780 3221 2052 3289 tandem
2096 3221 2522 3310 Regiensium
2567 3219 2854 3309 querelis

644 3351 958 3403 exoratus
1002 3337 1445 3419 Laurentius,
1486 3338 1644 3407 solis
1689 3337 2229 3407 Florentinorum
2276 3340 2480 3426 copiis
2537 3359 2663 3427 per
2709 3336 2855 3403 alios

642 3450 874 3522 decem
919 3452 1060 3520 dies
1111 3459 1418 3536 retentis,
1459 3443 1895 3530 Pontificium
1941 3458 2314 3523 exercitum
2360 3452 2494 3522 alic
2530 3454 2852 3526 trastulit.

645 3568 798 3659 Ipse
842 3590 957 3659 per
1004 3569 1134 3656 alio
1231 3570 1371 3639 dies
1432 3595 1588 3639 cum
1648 3574 2078 3664 praetorianis
2123 3582 2580 3640 commoratus
2638 3569 2855 3661 pacem

639 3688 880 3754 initam
914 3691 1087 3758 inter
1117 3594 1514 3758 lgentifieem
1545 3703 1615 3757 et
1643 3690 1953 3772 Gallum,
1983 3692 2094 3758 cui
2123 3689 2361 3757 Parma
2404 3700 2477 3754 et
2524 3686 2854 3756 Placentia

639 3805 1085 3872 restituendae
1147 3818 1374 3888 erant,
1419 3790 1577 3873 cum
1644 3807 2097 3888 tubicinibus,
2134 3807 2593 3895 timpanisque
2655 3817 2729 3874 et
2789 3800 2854 3869 ad

639 3921 976 4008 ingen-tem
1009 3923 1489 3991 ostendendam
1519 3922 1850 3991 laetitiam
1881 3924 2149 4014 ignibus
2180 3923 2500 4002 accensis,
2532 3932 2687 4011 post
2715 3919 2851 3989 solis

640 4059 950 4106 occasum
997 4040 1068 4105 in
1113 4037 1259 4108 foro
1304 4038 1703 4130 publicavit.
1751 4039 2074 4114 Postridie
2119 4062 2278 4107 cum
2318 4038 2848 4128 splendidissimo

640 4157 998 4240 comitatu,
1045 4155 1113 4226 in
1160 4180 1298 4247 quo
1345 4157 1622 4249 plurimi
1666 4153 2019 4249 Regienses'
2061 4154 2360 4240 fuerunt,
2380 4155 2840 4228 Mediolanum
