2950 5017
659 428 798 513 40²
1404 367 1653 487 undum
1705 437 2131 486 azetansmu

798 565 949 635 Hoc
993 585 1170 635 anno
1210 564 1502 654 ingentis
1545 563 1731 631 rixae
1783 558 1998 631 civilis
2053 561 2326 634 initium
2342 609 2365 640 ‚
2420 557 2892 651 religiosorum

661 707 863 752 cansa
905 683 1098 773 Regii
1143 693 1491 762 exortum,
1536 678 1845 769 pluribus
1911 680 2101 746 annis
2168 676 2606 746 calamitosas
2658 676 2892 745 dissen-

665 805 878 870 tiones
920 804 990 867 in
1037 799 1206 867 urbe
1250 796 1449 866 aluit.
1482 797 1769 865 Reversa
1801 798 2016 876 enim,
2048 808 2129 862 ut
2159 813 2360 885 supra
2403 797 2890 885 exposuimus,

664 921 738 986 in
783 905 1144 1008 antiquum
1197 915 1596 985 coenobium
1641 912 1779 981 divi
1821 912 2127 1003 Prosperi
2181 908 2479 992 familia,
2526 910 2776 1002 plures
2814 936 2888 979 ex

661 1035 1030 1126 virginibus
1071 1033 1213 1100 divi
1258 1030 1619 1121 Raphaelis
1676 1030 1760 1097 ad
1817 1033 2131 1122 antiquos
2175 1053 2335 1096 auae
2377 1028 2746 1119 religionis
2792 1053 2888 1119 pa-

665 1165 801 1221 tres
869 1154 1108 1221 reverti
1173 1149 1575 1240 cupiebant3
1620 1159 1853 1216 contra
1904 1148 2040 1215 divi
2086 1147 2425 1216 Dominici
2490 1146 2882 1215 coenobitae

665 1260 757 1337 ab
800 1267 933 1337 illis
977 1267 1187 1337 semel
1229 1265 1577 1335 derelictas
1622 1263 1827 1334 fuisse
1856 1265 2186 1346 dictitare,
2218 1264 2365 1333 aliis
2400 1265 2545 1352 jam
2594 1264 2884 1332 addictas

650 1381 899 1478 'inique
959 1388 1209 1476 repeti,
1272 1407 1402 1452 nec
1462 1386 1593 1452 nisi
1652 1382 1919 1452 violatis
1981 1386 2180 1451 sacris
2239 1385 2310 1451 in
2370 1395 2740 1451 vetustum
2796 1383 2886 1469 jus

665 1502 958 1594 amplius
988 1525 1176 1593 posse
1204 1501 1494 1569 restitui.
1527 1498 1907 1567 Nonnullas
1953 1512 2293 1588 praeterea
2338 1511 2419 1566 ut
2466 1522 2718 1566 secum
2764 1523 2888 1567 sen·

668 1622 874 1687 tirent
940 1618 1281 1687 seduxisse
1332 1616 1675 1684 dicuntur.
1728 1615 1866 1683 Alii
1919 1614 2280 1705 Chrysanti
2326 1614 2591 1703 Scajoli
2650 1614 2886 1695 filiam,

665 1760 877 1829 quam
931 1737 1170 1827 opibus
1221 1733 1575 1803 abundans
1632 1746 1824 1824 pater
1875 1732 2030 1823 plus
2074 1736 2379 1824 quinque
2421 1732 2743 1800 millium
2787 1757 2888 1800 au·

665 1875 932 1923 reorum
971 1852 1247 1921 donario
1282 1850 1443 1920 dato
1489 1853 1557 1918 in
1604 1872 1836 1934 earum
1883 1852 2216 1939 virginum
2260 1849 2557 1918 claustro
2610 1849 2885 1917 incluse·

667 1981 801 2051 rat,
830 1992 919 2037 ex
949 1972 1231 2060 antiquo
1257 1968 1414 2037 odio
1444 1990 1604 2034 cum
1648 1969 1805 2058 ipsis
1850 1970 2136 2058 primam
2180 1968 2596 2057 conspirasse
2649 1966 2879 2035 ferunt.

668 2085 784 2153 Oh
830 2085 1124 2178 amplam
1157 2087 1335 2154 enim
1366 2084 1596 2154 dotem
1642 2086 1927 2175 superba
1973 2084 2134 2152 alias
2181 2084 2375 2153 velut
2420 2088 2566 2152 suis
2616 2083 2880 2152 faculta-

668 2203 854 2271 tibus
898 2206 1201 2271 viventes
1238 2195 1578 2293 ⁸negligere
1599 2253 1618 2283 ‚
1669 2225 1823 2270 suas
1877 2199 2239 2271 fastuosius
2294 2201 2697 2295 praedicare
2738 2201 2881 2270 divi-

668 2324 927 2402 tias‚‘et
953 2343 1153 2412 supra
1199 2344 1426 2390 omnes
1471 2345 1541 2388 se
1585 2320 1906 2390 extollere
1950 2322 2041 2389 ab
2085 2324 2278 2391 initio
2324 2347 2463 2392 non
2511 2322 2876 2403 desistent,

667 2438 880 2507 donec
923 2462 966 2507 a
1010 2440 1312 2530 patribus
1364 2440 1758 2531 reprehensa
1800 2440 1921 2507 diu
1965 2440 2311 2508 muliebris
2360 2443 2627 2531 ingenii
2699 2442 2879 2509 licen·

669 2557 839 2623 tiam
885 2579 1190 2623 exercere
1233 2580 1368 2625 non
1414 2559 1661 2647 potuit.
1707 2555 1891 2623 Tum
1936 2579 2090 2625 vero
2137 2556 2246 2623 vel
2294 2556 2383 2624 ab
2426 2556 2617 2641 aliis,
2653 2558 2766 2626 vel
2807 2582 2877 2626 ex

667 2672 850 2753 odio,
879 2672 1062 2763 quod
1109 2696 1226 2762 per
1272 2672 1524 2742 multos
1553 2674 1694 2741 dies
1724 2686 2144 2755 conmiserat,
2178 2675 2479 2741 excitata
2524 2698 2601 2742 se
2647 2677 2721 2741 in
2769 2676 2878 2764 pri·

666 2792 914 2857 stiuam
958 2792 1351 2858 servitutem
1397 2814 1532 2859 non
1577 2814 1982 2859 reversuram
2029 2788 2348 2870 fremere,
2395 2792 2600 2857 nimis
2645 2790 2871 2858 durum
2928 2779 2929 2784 ἵ

667 2910 966 2999 priorum
1014 2930 1152 2974 esse
1195 2906 1475 2999 jugum,
1519 2897 1931 2999 nimiamque
1977 2932 2211 2978 eorum
2256 2886 2691 2976 severitatem
2733 2932 2873 3000 que·

666 3023 974 3104 rebatur,
1020 3036 1090 3091 et
1134 3024 1547 3115 quandoque
1604 3030 1811 3092 etiam
1876 3049 2115 3093 senum
2182 3027 2648 3115 insipientiam
2715 3025 2871 3115 apud

666 3142 876 3210 socias
918 3140 1289 3236 deridebat.
1334 3141 1641 3209 Tandem
1689 3142 1937 3211 adscita
1966 3143 2092 3210 sibi
2124 3142 2385 3209 Alberti
2418 3141 2706 3212 Gazzoli
2750 3142 2869 3209 filia

666 3259 986 3346 sanguine
1030 3257 1430 3344 conjuncta,
1477 3259 1758 3350 aliisque
1811 3272 2027 3328 sectae
2079 3261 2443 3328 comitibus
2508 3265 2869 3341 suscitatis,

666 3383 970 3440 vetustos
1012 3387 1297 3442 rectores
1343 3388 1568 3465 aperte
1616 3378 1881 3456 abnuit,
1912 3390 1981 3443 et
2010 3376 2149 3444 divi
2182 3377 2525 3446 Dominici
2569 3378 2868 3469 religiosis

668 3488 1072 3557 coenobium
1126 3491 1616 3582 subijciendum
1671 3517 1808 3561 esse
1867 3493 2091 3583 palam
2152 3494 2441 3562 dictitat.
2503 3495 2732 3562 Frasia
2781 3494 2869 3561 Si·

669 3603 971 3696 gnorella
1040 3606 1497 3689 Fer-retiensis,
1564 3610 1758 3696 cujus
1822 3632 2005 3678 soror
2069 3609 2252 3677 Gilia
2306 3612 2609 3680 Antonio
2677 3610 2864 3679 Behio

666 3735 1018 3813 nupserat,
1061 3747 1220 3791 cum
1277 3724 1422 3792 aliis
1469 3727 1831 3815 virginibus
1897 3749 2030 3796 non
2101 3740 2344 3795 temere
2397 3728 2861 3796 contemnenda

666 3843 989 3929 antiquae
1035 3841 1365 3931 religionis
1408 3844 1757 3922 instituta,
1802 3869 1937 3912 non
1985 3845 2163 3913 hanc
2206 3822 2720 3913 immerentibus
2765 3868 2859 3935 pa·

666 3954 883 4023 tribus
931 3969 1163 4026 notam
1209 3959 1602 4026 inurendam
1622 4010 1643 4041 ,
1687 3984 1821 4032 non
1879 3959 2074 4028 facile
2128 3987 2170 4028 a
2222 3952 2489 4030 ⁴vetusta
2536 3962 2856 4053 disciplina

657 4068 1134 4139 discedendum
1204 4097 1343 4142 esse
1420 4076 1852 4145 contendere.
1914 4077 2215 4156 Demum
2272 4082 2657 4147 communis
2707 4082 2854 4147 vitae

673 4189 986 4258 societate
1032 4189 1297 4274 relicta,
1352 4215 1822 4286 sacrorumque
1878 4192 2147 4265 foedere
2192 4195 2440 4266 violato
2487 4221 2532 4264 a
2576 4199 2851 4268 convitiis
