2950 5017
962 400 1160 448 mnun
1205 404 1447 449 surmus
2216 404 2294 471 ¹7

98 520 289 588 urhis
332 518 719 609 ponendam
763 519 987 586 sedern
1032 545 1188 588 cum
1223 522 1505 589 Thuscis
1547 521 1791 610 Regius
1839 522 2117 601 veniret,
2160 545 2295 589 non

92 638 238 703 sine
284 638 548 704 ratione
596 659 637 700 a
680 635 1080 723 quibusdam
1116 637 1296 705 hanc
1332 641 1510 705 viam
1544 640 1829 703 tenuisse
1858 639 2294 703 existimatur.

230 751 319 816 In
362 773 634 817 summo
679 752 1013 838 Apennini
1055 751 1244 841 jugo,
1294 753 1413 818 uhi
1459 775 1648 818 mons
1716 753 1945 833 Letus,
2010 774 2189 818 nunc
2247 774 2301 817 s.

94 863 435 953 Peregrini
464 864 709 944 dictus,
731 863 1109 945 extollitur,
1131 890 1265 933 non
1298 866 1592 956 amplius
1622 866 1906 935 duorum
1938 862 2297 934 stadiorum

94 978 412 1068 planities
454 983 655 1059 iacet,
697 1002 904 1069 quam
951 979 1228 1047 Pratum
1271 981 1485 1048 Rheni
1536 980 1774 1069 vulgus
1820 980 2142 1072 appellat.
2189 981 2294 1046 Ibi

97 1095 396 1163 duorum
442 1094 798 1163 fluviorum
847 1094 1063 1163 fontes
1116 1101 1494 1164 scaturiunt
1516 1149 1536 1178 ,
1604 1121 1888 1187 quorum
1958 1098 2123 1164 alter
2188 1121 2302 1187 pet

102 1211 497 1279 Hetruriam
547 1211 630 1278 ad
674 1224 942 1301 portum
974 1212 1361 1301 Viaregium
1397 1217 1464 1279 in
1499 1237 1681 1280 mare
1713 1213 2127 1302 Tyrrhenum
2157 1237 2305 1279 cur-

98 1348 248 1395 sum
291 1326 564 1415 dir-igit,
607 1327 823 1395 Auser
867 1328 955 1404 ab
985 1330 1318 1418 antiquis,
1363 1341 1443 1394 ut
1487 1329 1779 1396 Blondus
1836 1331 2145 1418 opinatur
2187 1330 2253 1393 (¹)
2283 1380 2304 1410 ‚

102 1465 285 1509 nunc
316 1442 591 1533 Sergius
622 1454 935 1523 vocatus3
981 1443 1147 1510 alter
1192 1445 1277 1510 ad
1320 1468 1440 1513 nos
1487 1448 1700 1534 primo
1745 1447 1815 1510 in
1864 1444 2304 1536 occidentem,

103 1552 342 1624 deinde
400 1562 470 1624 in
525 1560 1039 1647 septentrionem
1094 1580 1443 1626 conversus
1496 1559 1658 1627 olim
1710 1557 2072 1638 Gabellus,
2126 1580 2305 1625 nunc

102 1671 331 1740 Situla
372 1673 620 1755 dictus,
649 1673 1010 1741 descendit.
1046 1671 1428 1742 Secundum
1461 1678 1726 1743 Anseris
1759 1678 1933 1766 ripas
1972 1675 2054 1742 ad
2085 1675 2308 1764 Apen-

107 1791 349 1857 ninum
376 1790 630 1858 Thusci
678 1767 1132 1873 ascendentes,
1161 1791 1455 1859 Gabello
1488 1792 1789 1877 trajecto,
1816 1795 1884 1857 in
1931 1816 2160 1882 agrum
2191 1816 2313 1860 no-

107 1916 321 1972 strum
355 1905 762 1972 descendisse
795 1907 1135 1973 dicuntur.
1168 1907 1540 1997 Portusque
1564 1908 1933 1995 Viaregius,
1956 1908 2074 1973 ubi
2097 1910 2308 1973 Auser

108 2018 527 2108 Tyrrhenum
574 2044 756 2089 mare
798 2022 1050 2101 influit,
1079 2021 1164 2088 ad
1192 2021 1437 2089 horum
1485 2022 2000 2090 confirmandam
2052 2025 2302 2111 opinio-

108 2158 253 2201 nem
300 2161 434 2203 non
482 2139 752 2203 omnino
785 2136 1142 2202 absurdum
1178 2150 1640 2227 argumentum
1684 2138 2087 2226 suppeditat.
2120 2136 2302 2203 Nam

112 2251 284 2317 unde
326 2252 582 2340 Regius
627 2252 960 2319 discedens
1028 2255 1210 2319 viam
1278 2253 1525 2341 incepit
1553 2304 1573 2333 ,
1617 2253 2004 2339 Viaregiurn
2078 2252 2308 2319 locum

116 2364 530 2454 appellatum
576 2363 777 2432 fuisse
819 2378 1095 2456 putant3
1126 2371 1432 2456 quamvis
1466 2376 1735 2457 portum
1770 2368 1964 2434 illum
1997 2379 2304 2457 corrupto

112 2481 434 2549 vocabulo
482 2480 824 2569 Viregium
871 2492 1067 2547 antea
1111 2494 1427 2548 vocaturn
1495 2481 1698 2548 fuisse
1744 2482 2038 2550 Blondus
2082 2484 2307 2547 existi-

114 2608 247 2660 met
264 2599 369 2674 (ῆς
403 2594 793 2685 adduntque
821 2598 893 2662 in
924 2592 1146 2663 medio
1176 2599 1411 2662 itinere
1443 2596 1726 2684 Regium
1772 2599 1841 2662 in
1887 2595 2063 2676 loco,
2099 2620 2302 2684 quem

117 2713 476 2778 etiamnum
524 2711 857 2800 Campum
904 2712 1275 2800 Regianum
1329 2716 1397 2777 in
1453 2710 1906 2802 Carphiniana
1963 2710 2138 2779 valle
2185 2737 2306 2779 no-

118 2829 399 2906 minant,
426 2831 501 2894 in
531 2852 741 2918 quam
786 2840 1047 2921 partem
1092 2851 1161 2895 se
1208 2839 1491 2896 verteret
1536 2828 1657 2893 diu
1702 2828 2300 2894 deliberabundum

123 2945 514 3023 constitisse,
559 2967 637 3009 ac
682 2956 911 3031 postea
974 2947 1043 3009 in
1116 2966 1350 3032 agrum
1421 2954 1726 3040 nostrum
1781 2946 1906 3007 iter
1958 2943 2299 3011 direxisse.

122 3058 267 3141 Quo
308 3083 460 3127 vero
505 3072 800 3150 tempore
856 3060 926 3125 id
1000 3060 1347 3139 acciderit,
1392 3058 1622 3126 nullus
1690 3071 1792 3126 est
1857 3062 1976 3147 qui
2041 3082 2301 3149 prorsus

119 3173 434 3243 affirmare
477 3177 752 3244 audeat.
825 3175 901 3242 Si
953 3177 1308 3266 Virgilium
1370 3200 1771 3266 sequamur,
1839 3188 1994 3243 ante
2064 3176 2303 3262 Trojae

118 3294 369 3360 ruinam
414 3293 717 3362 Thuscos
762 3293 964 3383 Alpes
1032 3292 1460 3360 transmisisse
1505 3293 1864 3360 dicendum
1921 3297 2046 3360 erit
2075 3345 2094 3375 ,
2145 3318 2306 3360 cum

120 3406 249 3473 ism
279 3408 549 3475 Ocnum
583 3410 984 3478 Hetruscum
1012 3391 1811 3489 Mantuae⁶conditorem,
1855 3422 1925 3474 et
1968 3413 2305 3499 proxima-

122 3547 260 3591 rum
291 3529 599 3614 gentium
634 3527 998 3614 principem
1031 3522 1278 3591 AEneae
1310 3525 1604 3610 Trojano
1645 3524 1951 3594 adversus
1982 3526 2302 3593 Latinum
2415 3504 2419 3508 ἢ

122 3663 325 3731 regem
374 3640 710 3709 auxilium
756 3641 984 3709 tulisse
1029 3639 1260 3732 fingat.
1308 3640 1439 3710 Sed
1469 3663 1885 3732 quamquam
1929 3644 2306 3709 maximum

189 3923 266 3996 (ι)
297 3925 419 3978 12⁸1.
450 3926 700 3980 Illustrat.
733 3928 827 3980 lib.
862 3945 910 3996 r,
944 3926 1002 3979 iu
1035 3945 1066 3979 a
1101 3943 1203 3996 reg.

190 4019 268 4086 (s)
300 4019 519 4072 Ibidem.

192 4107 271 4177 (3)
306 4111 423 4164 Lib·
459 4129 520 4166 ιο
555 4113 739 4167 Eneid.
