2950 5017
644 401 774 469 238
1383 417 1620 463 annunt
1665 415 2087 477 nncrmrtm

645 550 1071 630 receperunt3
1115 560 1253 629 qua
1302 549 1499 629 capta
1541 549 1835 629 quatuor
1878 560 1966 605 ex
2008 533 2244 605 Sessiis
2286 534 2382 602 ibi
2426 537 2703 605 inventi
2718 546 2755 618 ,'
2774 546 2842 607 et

641 678 855 725 novus
885 654 958 723 S.
982 655 1284 723 Faustini
1304 652 1756 721 Archiflar'nen
1788 654 1961 720 nisti
1986 654 2181 719 exitu
2210 651 2595 721 obtruncati
2629 649 2839 720 fuere.

639 772 837 840 Sessii
883 775 1271 840 amissorum
1319 770 1675 862 gentilium
1728 773 1832 837 ira
1890 772 2153 837 accensi
2196 769 2572 838 Bouacossii
2619 771 2838 860 copias

638 892 708 959 in
755 912 987 979 agrum
1017 887 1420 977 'Regiensem
1465 887 1923 966 adduxerunt,
1956 897 2038 952 et
2081 884 2280 963 villas
2318 909 2530 982 usque
2559 885 2655 952 ad
2686 885 2839 954 Sm-

640 1017 832 1077 ctum
876 1005 1201 1081 Ioannem
1249 1027 1289 1069 a
1331 1002 1563 1092 Gurgo
1608 1002 1935 1071 hostiliter
1981 1001 2437 1069 incenderunt.
2467 1002 2649 1071 Post
2696 1024 2831 1069 eam

611 1099 1133 1210 'expeditionem
1199 1119 1520 1186 Gibertus
1583 1118 1922 1209 corrigias
2014 1117 2418 1209 Phillipponi
2482 1119 2835 1209 Lange-ai

636 1236 880 1325 Papiae
925 1236 1244 1325 Principis
1308 1233 1527 1302 filiam
1587 1220 1866 1303 uxorem
1928 1229 2158 1316 duirit,
2199 1246 2270 1301 et
2310 1232 2687 1314 Cremonae
2756 1233 2835 1301 ab

637 1354 786 1441 ejus
827 1344 1012 1422 urbis
1081 1353 1342 1421 civibus
1406 1353 1859 1449 principatum
1909 1376 2030 1443 per
2072 1354 2618 1443 quinquennium
2670 1352 2833 1420 obti-

635 1475 826 1553 nuit,
874 1473 1423 1560 acmagistratu,
1465 1494 1674 1562 quem
1745 1474 1819 1539 in
1889 1470 2055 1539 urbe
2122 1483 2344 1539 nostra
2408 1470 2727 1560 gerebat,
2769 1492 2832 1536 ss

636 1589 997 1672 abdicavit.
1018 1593 1021 1599 ’
1043 1588 1304 1656 Tantus
1349 1612 1505 1658 vero
1550 1591 1771 1657 amissi
1822 1588 2085 1680 Regioli
2108 1639 2129 1669 ,
2171 1591 2293 1679 qui
2338 1588 2530 1678 Regii
2564 1628 2569 1635 ·
2603 1586 2833 1655 oculus

634 1706 1016 1787 dicebatur,
1060 1706 1245 1776 dolor
1288 1710 1463 1775 cives
1507 1708 1885 1788 invaserat,
1928 1718 2009 1773 ut
2050 1729 2293 1796 magno
2354 1706 2582 1775 studio
2625 1698 2719 1773 de
2761 1729 2828 1773 eo

633 1823 1081 1913 recuperando
1126 1830 1197 1891 in
1242 1827 1429 1891 ‘curia
1469 1826 1559 1891 sit
1604 1836 1990 1904 tractatum,
2018 1823 2500 1913 decretumque
2539 1836 2619 1889 ut
2650 1846 2831 1914 prae-

634 1938 855 2006 fectus
898 1940 1205 2031 qualibet
1269 1940 1698 2009 hebdomada·
1751 1943 1928 2009 inter
1995 1940 2230 2032 populi
2296 1938 2667 2008 defensores
2680 1972 2707 2021 ·,
2738 1948 2827 2015 fet

632 2056 939 2147 quolibet
985 2079 1208 2123 mense
1269 2056 1356 2122 ad
1408 2059 1767 2123 minimum
1812 2058 2021 2125 semel
2062 2057 2147 2124 de
2190 2081 2269 2125 eo
2310 2056 2703 2147 recipiendo
2740 2054 2826 2122 'ad

632 2174 951 2260 majorem
1021 2170 1272 2240 curiam
1340 2171 1640 2252 referret.
1710 2176 1893 2242 Haec
1958 2174 2232 2242 Saturni
2297 2175 2403 2240 die
2483 2198 2623 2242 non
2703 2175 2825 2242 nisi

637 2312 881 2378 magna
925 2314 1011 2356 ex
1056 2313 1260 2357 causa
1312 2293 1700 2373 convocari,
1744 2314 1866 2358 nec
1910 2293 1982 2359 in
2027 2315 2104 2357 ea
2149 2291 2275 2358 nisi
2318 2290 2401 2356 de
2445 2291 2664 2357 tribus
2722 2314 2825 2357 ne-

570 2425 577 2432 '
634 2411 863 2497 gotiis,
909 2431 1124 2497 quum
1174 2409 1557 2498 cogebatur,
1603 2412 1709 2499 agi
1755 2419 2036 2498 poterat.
2083 2408 2466 2475 Incredibili
2513 2431 2672 2476 vero
2716 2431 2817 2496 pe-
2924 2464 2925 2479 ,

633 2528 828 2600 nuria
881 2549 959 2611 eo
1012 2550 1187 2592 anno
1253 2536 1499 2592 vexata
1566 2541 1667 2593 est
1712 2526 1941 2593 Gallia
2008 2525 2346 2615 Cisalpina
2412 2550 2492 2592 ac
2556 2525 2818 2615 plurimi

632 2643 857 2727 inedia
905 2634 1331 2731 consumpti,
1401 2664 1611 2732 usque
1678 2644 1845 2711 adeo
1891 2646 2268 2711 utinventi
2302 2645 2523 2710 'etiarn
2579 2640 2820 2709 fuerint

585 2794 589 2799 ·
633 2760 754 2846 qui
799 2760 867 2823 in
913 2758 1054 2824 dies
1097 2758 1326 2825 domos
1392 2759 1849 2839 dissolverent,
1893 2771 1975 2824 ut
2018 2759 2437 2845 venditorum
2497 2767 2813 2824 cemento-

633 2896 781 2940 rum
840 2877 1055 2963 pretio
1098 2874 1453 2942 alerentur.
1500 2875 1851 2941 Frumenti
1923 2874 2028 2940 vel
2094 2873 2428 2941 immundi
2496 2885 2567 2940 et
2634 2870 2823 2938 fabae
2924 2854 2925 2857 Ἴ

630 2993 980 3072 sextarius,
1013 2994 1128 3081 qui
1161 3004 1411 3081 septem
1458 2991 1681 3059 solidis
1713 2991 2310 3058 Mediolanensibus
2358 3000 2559 3081 antea
2609 2989 2825 3057 venire
2924 2978 2925 3051 Ϊ

631 3106 928 3187 solebat,
973 3104 1125 3196 plus
1170 3108 1603 3197 quadragenis
1646 3108 2171 3188 distrahebatur,
2214 3105 2399 3196 quod.
2443 3105 2844 3183 inauditum,

632 3223 767 3290 illis
833 3223 1245 3312 temporibus
1320 3228 1609 3312 pretium
1680 3222 1841 3291 fuit.
1913 3225 2268 3292 Penuriam
2343 3222 2565 3302 lurida
2639 3221 2821 3313 pestis

631 3361 862 3404 mense
914 3338 1067 3424 julii
1133 3351 1359 3405 secuta
1405 3341 1778 3405 universam
1823 3339 2119 3407 Galliam
2168 3341 2499 3430 Togatam
2549 3336 2818 3406 afflixitz

599 3477 723 3520 -ex
766 3453 871 3519 his
915 3457 1034 3544 qui
1082 3478 1160 3523 eo
1203 3455 1438 3523 morbo
1482 3455 1992 3538 laboraverunt,
2048 3451 2248 3548 pauci
2315 3467 2610 3524 mortem
2677 3451 2828 3521 effu-

633 3563 913 3662 gerunt3
962 3583 1111 3660 post
1173 3564 1332 3639 'octo
1396 3584 1518 3638 aut
1583 3572 1814 3639 decem
1860 3572 1995 3640 dies
2064 3592 2273 3664 quam
2340 3572 2824 3648 decubuerunt,

631 3692 1024 3778 praesertim
1101 3711 1313 3754 mares
1380 3689 1819 3757 decedebant.
1888 3690 2155 3782 Ingenti,
2224 3689 2580 3758 hominum
2650 3687 2820 3755 facta

624 3789 843 3892 strage
889 3805 980 3872 ob
1025 3804 1451 3872 solitudinem
1500 3809 1638 3873 vias
1685 3806 1957 3873 urbium
2003 3807 2340 3875 horrentes
2406 3805 2659 3873 herbae
2720 3803 2829 3870 ob>

631 3920 957 3990 sederant.
1021 3921 1212 3988 Obiit
1282 3898 1380 3989 et*
1414 3925 1761 4002 Henricus
1806 3924 1996 4012 Regii
2067 3926 2371 4004 antistes,
2438 3925 2552 4009 cui
2620 3943 2824 3989 mense

632 4036 934 4123 januario
966 4041 1272 4128 sequenti
1304 4038 1532 4106 Guido
1565 4040 1842 4129 Baysius
1873 4040 2114 4108 nobilis
2148 4038 2444 4106 familiae
2474 4039 2820 4129 Regiensis,

629 4157 754 4245 qui
798 4156 980 4245 prius
1024 4139 1547 4226 Archidiaoonus
1615 4156 1864 4242 fuerat,
1930 4160 2270 4224 successit.
2344 4157 2415 4224 Is
2474 4180 2682 4248 nepos
2732 4175 2816 4221 ex
