2950 5017
671 424 801 493 286
1395 440 1638 487 anun
1680 439 2092 486 ιιιωιιπωιι

667 564 779 633 Ob
820 563 984 633 haec
1025 564 1280 632 Loisius
1322 561 1577 631 auxilio
1622 561 1907 629 Luchini
1953 560 2036 627 ad
2079 560 2475 650 diripiendas
2520 562 2875 630 Parmen-

662 683 863 760 sium,
904 678 1541 773 Ferrariensiumque
1588 675 1783 744 villas
1826 688 1925 742 est
1966 698 2338 743 conversus.
2388 676 2665 744 Contra
2713 678 2874 746 Fol-
2920 754 2921 785 1

663 794 836 862 leani
867 784 1379 862 Bononiensibus
1406 795 1600 860 sociis
1628 792 1753 859 sibi
1785 792 2047 859 adscitis
2076 790 2420 859 Suzariam
2439 843 2459 872 ,
2488 791 2868 881 Regiolum

663 924 733 978 et
773 909 1095 977 Sanctum
1140 908 1573 976 Benedictum
1617 911 1688 976 in
1734 931 1889 997 agro
1934 907 2303 977 Mantuano
2344 909 2832 977 incenderunt.

796 1023 927 1092 Sed
969 1026 1270 1094 omnium
1316 1026 1680 1091 miserrima
1723 1037 1863 1091 erat
1905 1023 2331 1114 Regiensium
2366 1025 2715 1104 conditio,
2744 1029 2857 1114 qui

662 1138 819 1211 foris
883 1141 971 1208 ab
1032 1139 1334 1209 hostibus
1378 1143 1627 1221 attriti,
1672 1152 1742 1207 et
1785 1138 2033 1208 Sancto
2077 1139 2312 1220 Paulo,
2356 1140 2686 1223 Quatuor
2734 1140 2857 1207 Ca-

657 1255 888 1337 stellis,
930 1255 1279 1344 Copriaco,
1322 1254 1599 1345 aliisque
1641 1253 1927 1322 castellis
1972 1253 2277 1345 direptis,
2322 1267 2391 1321 et
2436 1257 2778 1335 incensis,
2821 1280 2856 1320 a

661 1395 784 1441 suo
824 1373 1027 1438 etiam
1073 1370 1375 1460 Principe
1404 1366 1900 1459 affligebantur,
1929 1373 2049 1461 qui
2079 1369 2504 1439 Vanuccium
2551 1394 2592 1436 a
2645 1370 2856 1438 Dallo

660 1509 818 1553 cum
847 1483 1190 1554 Manfredo
1219 1483 1381 1566 filio,
1411 1486 1737 1575 ademptis
1780 1488 2042 1566 castris,
2084 1488 2154 1552 in
2199 1484 2472 1553 vincula
2520 1485 2855 1572 conjecit,

658 1626 824 1694 quos
866 1614 1091 1670 tamen
1136 1627 1266 1670 non
1313 1601 1528 1670 multo
1557 1614 1704 1692 post
1734 1601 2017 1669 Luchini
2049 1600 2472 1670 vicecomitis
2518 1602 2845 1692 precibus

658 1719 928 1786 dimisit.
978 1718 1044 1785 Is
1091 1719 1393 1808 proximo
1456 1719 1797 1807 sequentis
1863 1720 2053 1813 annis
2106 1736 2415 1785 mcccxnv
2461 1740 2696 1784 mense
2757 1718 2853 1802 ja-

658 1838 890 1904 nuario
919 1837 1194 1915 civium,
1222 1857 1390 1925 quos
1418 1845 1753 1923 suspectos
1795 1833 2112 1915 hahebat,
2146 1833 2337 1902 villas
2365 1832 2848 1924 depopulatus,
2926 1832 2927 1837 ’

655 1952 727 2017 in
770 1950 1144 2017 Pan-menses
1188 1948 1520 2040 profectus
1563 1962 1662 2017 est
1681 2001 1700 2030 ,
1744 1951 1990 2040 quibus
2036 1949 2121 2016 ad
2166 1948 2539 2017 Castellum
2584 1971 2842 2018 novum

659 2066 927 2134 obviam
973 2063 1223 2145 factus,
1270 2068 1474 2132 atroci
1523 2065 1766 2154 praelio
1808 2067 2142 2155 octoginta
2211 2067 2470 2156 equites
2535 2064 2843 2131 caecidit.

657 2181 845 2249 Dum
889 2179 1037 2261 alii,
1079 2184 1198 2271 qui
1242 2179 1416 2247 cladi
1467 2178 1884 2271 superfuere,
1928 2179 2234 2272 fugiunt,
2283 2179 2643 2249 terrificum
2708 2194 2835 2246 ter·

658 2309 1029 2365 raemotum
1074 2299 1419 2386 contigisse
1463 2310 1858 2365 memorant.
1892 2299 2035 2365 Hac
2064 2301 2342 2366 victoria
2375 2300 2623 2387 potitus
2655 2296 2838 2365 Gon·

657 2435 857 2502 zagus
899 2411 1084 2478 mille
1124 2411 1442 2478 ducentos
1490 2413 1746 2500 equites
1802 2415 1872 2479 in
1930 2412 2299 2493 suburbiis,
2342 2434 2609 2479 mcxxv
2653 2412 2833 2501 pedi-

660 2539 808 2595 tum
877 2526 1182 2595 cohortes
1225 2530 1295 2594 in
1340 2526 1502 2594 Divi
1546 2527 1843 2618 Prosperi
1910 2528 2225 2597 coenobio
2287 2527 2670 2608 collocavit,
2714 2529 2829 2617 qui
2930 2510 2931 2521 ἵ

658 2646 880 2713 omnia
925 2642 1181 2735 praedia
1230 2644 1522 2734 undique
1567 2656 1932 2712 vastarunt.
1968 2644 2125 2711 Post
2152 2643 2321 2710 haec
2348 2643 2821 2711 Mutinensium

659 2783 811 2850 agro
853 2761 1220 2850 diripiendo
1260 2762 1559 2828 intentus
1625 2782 1834 2850 usque
1902 2759 1987 2828 ad
2051 2759 2428 2829 Ficarolum
2472 2760 2826 2827 Ferrarien-

658 2879 832 2946 sium
902 2889 1194 2945 castrum
1260 2879 1456 2946 tertio
1523 2875 1670 2942 idus
1737 2878 1958 2944 martii
2025 2859 2253 2946 omnia
2317 2879 2468 2967 igne
2530 2874 2823 2965 ferroque

658 3006 900 3062 vastat.
945 2994 1288 3062 Atestinus
1332 3016 1488 3062 vero
1526 2994 1738 3084 primo
1769 2992 2138 3061 Castellum
2184 3016 2433 3062 novum
2477 2976 2819 3083 proflissatis

656 3108 885 3175 decem
933 3122 1003 3174 et
1045 3121 1196 3176 octo
1238 3108 1717 3197 cataphractis,
1773 3110 1891 3198 qui
1960 3108 2128 3176 illud
2195 3108 2593 3189 tuebantur,
2633 3130 2816 3175 occu-

654 3228 878 3313 pavitz
927 3246 1089 3291 mox
1128 3222 1433 3305 Quatuor
1469 3222 1762 3291 Castella
1806 3246 1965 3290 cum
2009 3222 2259 3293 Sancto
2301 3223 2512 3292 Paulo
2555 3221 2812 3316 Giberto

656 3350 727 3406 et
765 3336 1090 3409 Gulielmi
1136 3337 1435 3406 Canussii
1502 3337 1726 3407 liberis
1795 3340 2211 3408 tradentibus
2261 3341 2528 3408 invasit.
2572 3337 2811 3405 Exinde

657 3450 1025 3542 Scaligero,
1081 3450 1337 3543 Populo
1359 3503 1381 3534 ,
1445 3464 1517 3520 et
1579 3451 1882 3525 Carrario
1947 3454 2342 3542 conjunctus
2407 3452 2560 3544 plus
2624 3455 2807 3519 trium

658 3567 949 3636 millium
994 3571 1299 3663 equitum
1317 3619 1336 3649 ,
1372 3591 1447 3635 ac
1476 3568 1910 3659 plurimorum
1943 3570 2247 3661 peditum
2278 3582 2506 3638 coacto
2536 3571 2806 3636 exercitu

663 3683 829 3754 adeo
887 3698 1068 3753 arcta
1123 3685 1463 3756 obsidione
1505 3686 1788 3776 Regium
1852 3688 2148 3777 undique
2215 3688 2454 3766 cinxit,
2521 3696 2600 3751 ut
2655 3681 2806 3751 nihil

658 3825 960 3870 annonae
1001 3826 1081 3872 eo
1125 3800 1347 3873 inferri
1391 3814 1633 3892 posset,
1677 3816 1746 3870 et
1790 3806 1948 3872 urbs
1993 3804 2177 3871 brevi
2241 3806 2312 3870 in
2378 3801 2663 3871 hostium
2705 3824 2806 3890 po-

661 3929 970 3986 testatem
1039 3931 1316 3987 ventura
1383 3942 1521 3986 esse
1588 3919 1977 3988 crederetur.
2023 3918 2367 3987 Luchinus
2412 3933 2481 3984 et
2524 3917 2804 4007 Gonzaga

657 4034 865 4104 dubio
918 4034 1168 4125 praelio
1231 4058 1299 4103 se
1362 4039 1778 4105 committere
1844 4062 1978 4105 non
2045 4038 2189 4103 ausi
2254 4059 2341 4103 ex
2406 4034 2798 4125 Regiensium

659 4153 888 4221 castris
952 4152 1211 4222 crebras
1276 4155 1671 4245 eruptiones·
1691 4155 1766 4223 in
1807 4152 2224 4235 Parmenses,
2267 4150 2374 4221 vel
2419 4153 2491 4220 in
2535 4151 2795 4225 hostium
