2950 5017
835 433 840 442 .
930 401 1133 446 traua
1176 401 1466 457 nmmos
2161 387 2290 453 383

91 520 407 618 Rhodigiq
477 541 630 588 eum
703 521 1168 608 adjacentibus
1223 521 1590 614 paludibus
1644 535 1932 618 retento,
1977 548 2019 594 a
2062 526 2292 595 Ferra-

93 641 270 707 riensi
323 615 512 707 bello
556 638 1005 721 discederent3
1051 640 1190 708 alia
1233 665 1389 710 vero
1443 641 1602 709 hine
1652 642 1805 711 inde
1855 655 2056 734 capta
2105 647 2293 714 resti-

95 770 449 826 tuerentur.
496 757 612 825 Ob
643 781 823 826 -eam
882 763 1397 828 conventionem
1443 761 1762 831 Hercules
1804 757 2113 848 Aflriam,
2156 762 2295 831 Ad-

93 876 339 944 rianum
360 924 383 953 ,
438 874 861 943 Comaolium
882 925 902 956 ,
953 873 1302 952 Melariam
1323 926 1342 956 ,
1398 876 2057 962 Castellumnovum‚
2101 879 2296 950 Fica·

93 989 324 1071 tolum,
355 989 735 1057 Castellum
767 990 1218 1073 Gulielmum,
1265 992 1533 1061 Zanioli
1576 993 1899 1076 Basfiam,
1942 1017 2104 1064 eum
2149 1008 2296 1064 tota

97 1106 218 1174 Fili
258 1132 407 1189 ora,
451 1131 664 1199 quam
711 1089 957 1178 Veneti
1002 1124 1532 1200 occupaverant,
1577 1114 1853 1202 recepit.
1898 1110 2137 1180 Eidem
2179 1136 2298 1204 pa·

98 1222 348 1305 latium,
408 1226 599 1316 quod
652 1225 948 1296 Venetiis
993 1226 1395 1316 possidebat,
1439 1249 1597 1295 eum
1648 1231 1831 1297 omni
1878 1232 2164 1320 pristina
2199 1230 2299 1297 di-

103 1344 337 1430 gnitate
382 1356 488 1409 est
532 1348 943 1411 restitutum.
990 1343 1342 1434 Regienses
1385 1369 1662 1436 quoque
1718 1349 2053 1415 continuis
2104 1346 2300 1416 hellis

104 1461 342 1536 attritos
388 1464 744 1528 miseratus
798 1460 1111 1530 Pontifex
1173 1466 1268 1530 eis
1315 1464 1773 1546 deeimarum,
1821 1487 1991 1555 quas
2042 1462 2303 1555 flagitas

107 1590 291 1657 verat,
334 1584 758 1647 exactionem
806 1582 1083 1649 remisit.
1130 1578 1446 1649 Solutam
1494 1586 1849 1671 pecuniam
1904 1582 2084 1673 apud
2128 1582 2302 1652 Bon·

109 1689 475 1762 franciscum
530 1699 899 1763 antistitem
947 1711 1366 1787 sequestrum
1413 1697 1651 1788 deponi
1708 1702 1944 1765 sacrati
2000 1701 2126 1767 viri
2186 1722 2302 1789 po-

109 1810 456 1893 stulabant,
489 1835 701 1904 quarn
733 1837 892 1880 cum
927 1835 1170 1881 avarus
1199 1827 1511 1905 quaestor
1543 1818 1886 1883 restituere
1914 1799 2307 1897 recusasset}

117 1927 369 2017 religiosi
436 1934 508 1998 in
563 1930 806 2019 .majus
874 1931 1206 2021 templum
1255 1935 1648 2014 convocati,
1695 1955 1936 2023 magno
1997 1933 2304 2002 tumultu

115 2047 401 2128 excitato,
447 2044 650 2115 illum
695 2048 887 2117 bonis
930 2048 1241 2116 omnibus
1286 2049 1704 2116 denudatum
1751 2052 1822 2117 in
1869 2049 2147 2117 celerem
2194 2047 2304 2118 fua

116 2181 246 2248 gam
292 2165 800 2255 compulerunt.
854 2163 957 2233 Eo
1014 2189 1188 2234 anno
1241 2165 1801 2257 christophorus,
1850 2166 2177 2250 Iacobus,
2234 2178 2306 2237 et

122 2275 444 2349 Leonellus
489 2281 735 2350 Zoboli
755 2333 795 2367 ,,
819 2281 1124 2349 millibus
1177 2306 1533 2366 aureorum
1589 2307 1707 2372 pro
1751 2283 2021 2352 donario
2064 2287 2306 2353 eonsti-

119 2397 291 2478 tutia,
343 2396 524 2467 sixti
594 2398 863 2466 Summi
930 2397 1274 2467 Pontifieis
1342 2404 1741 2468 auctoritate
1810 2400 1972 2467 Divi
2037 2400 2307 2469 Nicolai

128 2512 420 2602 templum
474 2537 680 2584 suum
732 2515 1235 2607 juspatronatus
1287 2514 1600 2596 futurum
1655 2517 2146 2597 condiderunt3
2190 2516 2307 2584 sed

121 2645 315 2712 tuum,
353 2632 540 2722 quod
583 2635 653 2702 in
700 2612 1001 2724 eligendo
1051 2634 1347 2724 praesule
1393 2632 1716 2713 habebat,
1760 2632 2105 2706 calculum
2135 2634 2308 2701 Leo*-

128 2742 312 2814 aellus
352 2749 658 2842 Regiensi
703 2753 1021 2830 antistiti,
1051 2764 1138 2818 -et
1183 2750 1303 2818 ille
1349 2773 1573 2819 rursus
1613 2748 1855 2818 Carolo
1887 2748 2148 2818 Zobolo
2193 2749 2310 2819 do-

127 2865 308 2933 navit.
351 2868 438 2935 Hi
486 2884 718 2937 autem
766 2893 852 2936 ex
896 2870 1295 2964 Franconia‚
1340 2868 1464 2934 uhi
1512 2867 1734 2935 adhue
1765 2866 2007 2936 Zoboli
2052 2870 2121 2935 in
2165 2890 2311 2935 ma-

132 2997 238 3064 gna
274 2982 594 3074 dignitate
640 2987 1019 3066 habentur,
1074 2988 1302 3053 venire
1357 2985 1752 3066 creduntur,
1821 3009 1861 3051 a
1926 2984 2312 3076 sobolisque

133 3091 407 3184 pellibus,
447 3125 622 3194 quas
667 3102 873 3192 vulgo
919 3102 1288 3193 gebellinas
1333 3124 1688 3182 vocamus,
1721 3099 2018 3169 familiae
2062 3123 2331 3174 nomen

135 3209 388 3284 inditum
459 3218 666 3287 fuisse
736 3218 949 3310 aliqui
1017 3230 1404 3287 autumant.
1466 3217 1811 3309 Siquidem
1883 3215 2010 3286 hae
2059 3231 2312 3301 vestes,

136 3349 283 3415 quae
327 3342 605 3406 summis
664 3350 929 3406 tantum
979 3341 1135 3405 viris
1182 3340 1250 3405 in
1297 3338 1659 3405 Germania
1709 3338 2138 3420 tribuuntur,
2191 3361 2311 3428 pro

139 3464 369 3521 summo
413 3454 661 3525 honore
706 3458 863 3546 ipsis
897 3465 1255 3525 ‘concessae
1301 3453 1508 3524 fuisse
1538 3439 1874 3523 dicuntur.
1909 3427 2315 3535 lPosthaee⁹

139 3559 355 3651 ingenti
407 3583 816 3641 terraemotu
885 3573 1054 3639 urbe
1121 3593 1485 3654 concussa,
1532 3575 1739 3641 etiam
1791 3571 2170 3663 pestilentia
2213 3582 2318 3638 est

143 3673 534 3774 laboratum3
580 3703 649 3759 et
694 3705 852 3759 oum
898 3690 989 3759 ab
1029 3692 1231 3761 initio
1277 3694 1518 3759 mensis
1573 3692 1798 3758 martii
1851 3711 2067 3780 usque
2111 3685 2195 3755 ad
2239 3681 2318 3754 fi-

142 3817 272 3867 nem
311 3812 462 3876 anni
508 3833 856 3900 nunquam
906 3808 1208 3900 pluisset,
1238 3822 1543 3878 extrema
1571 3812 1776 3877 etiam
1813 3809 2092 3900 penuria
2122 3808 2318 3874 time-

147 3907 352 3988 batur:
395 3948 571 4016 quae
616 3930 797 3995 enim
856 3938 1068 3995 terrae
1134 3927 1455 3996 mandata
1520 3939 1711 3994 erant
1776 3928 2033 3993 semina
2096 3923 2319 3992 adhue

145 4029 252 4096 sub
287 4034 489 4113 humo
534 4057 923 4114 conservata
966 4043 1268 4115 nondum
1314 4068 1387 4114 se
1432 4039 1915 4125 ostenderant,=
1936 4054 2018 4111 ut
2054 4042 2137 4109 de
2181 4039 2319 4110 fru-

147 4145 314 4230 gibus
356 4152 595 4231 futuris
636 4163 1127 4255 desperaretur:
1175 4163 1447 4231 demum
1497 4175 1688 4232 tanta
1739 4164 1912 4230 nivis
1965 4160 2161 4251 eopia
2204 4157 2318 4226 de-
