2950 5017
925 397 1124 448 usta
1167 379 1455 448 rannus
2140 386 2268 477 193

63 527 248 594 edm
295 523 793 614 praesentibus,
821 526 942 613 qui
984 545 1094 590 eas
1136 547 1270 591 non
1313 522 1659 609 solvebant
1690 519 1879 595 velut
1907 522 2270 597 inferorum

59 642 300 732 poenis
329 639 575 709 devoti
613 650 833 707 essent
846 689 866 720 ,
895 662 1078 707 sacra
1108 661 1412 730 peragere
1440 639 1808 709 sacerdotes
1835 642 2270 723 recusabant3

59 757 372 847 danique
417 756 735 826 horarum
764 758 1066 824 omnium
1099 756 1399 846 precibus
1442 758 1862 837 intermissis,
1904 756 2275 847 templique

59 869 336 939 foribus
394 871 748 950 obseratis,
805 872 1152 935 neminem
1197 883 1554 938 oraturum
1599 870 2076 940 admittebant.
2121 873 2273 954 Quo

61 983 258 1054 fleto
305 983 711 1054 stomachati
752 994 1086 1052 senatores
1125 997 1355 1052 ¹coacta
1399 988 1582 1054 curia
1624 1009 1757 1053 non
1805 985 2091 1075 amplius
2133 998 2277 1053 tan-

65 1113 224 1168 tam
265 1097 620 1168 ferendam
676 1121 820 1166 esse-
864 1098 1200 1191 &entiam
1253 1097 1584 1168 fremunt.
1630 1099 1872 1194 Itaque
1914 1099 2138 1170 electis
2181 1104 2281 1171 vi-

65 1218 248 1305 ginti
287 1228 593 1304 quatuor
651 1216 844 1295 viris,
910 1236 997 1280 ex
1060 1237 1353 1303 quorum
1421 1237 1705 1284 numero
1770 1226 2027 1303 septem
2096 1228 2282 1284 erant

69 1328 560 1416 jureconsulti,
591 1327 983 1398 coercendae
1013 1340 1418 1400 sacratorum
1451 1319 1807 1396 hominum
1837 1329 2281 1397 contumeliae

67 1467 310 1514 curam
343 1443 861 1511 demandarunt.
890 1443 981 1510 Hi
995 1493 1016 1523 ,
1046 1443 1485 1532 asperioribus
1514 1443 1952 1533 promulgatis
1981 1445 2282 1525 decretis,

85 1583 370 1651 gravem
429 1559 726 1639 civibus,
770 1560 890 1648 qui
940 1581 1097 1636 cum
1164 1557 1297 1626 illis
1361 1558 1592 1624 cibum
1657 1563 2118 1648 sumpsissent,
2162 1572 2286 1628 aut

75 1675 296 1746 luenti
339 1686 591 1755 essent,
637 1696 956 1764 eorumve
985 1672 1249 1755 domos,
1297 1672 1408 1740 vel
1452 1671 1747 1743 officinas
1777 1674 2282 1755 inhabitassent,

81 1814 382 1881 puerum
419 1794 913 1879 imposuerunt3
956 1787 1191 1855 iisdem
1235 1786 1577 1856 frumenta
1622 1789 1837 1869 moli,
1854 1789 2044 1857 aedes
2083 1787 2289 1858 fabri-

87 1909 267 1988 cari,
311 1930 552 1996 panem
609 1917 729 1976 aut
795 1904 927 1971 alia
967 1904 1245 1972 ·cibaria
1309 1905 1567 1993 parari,
1610 1916 1815 1995 atque
1858 1928 2054 1973 omne
2080 1904 2287 1973 aliud

85 2025 566 2091 commercium
611 2021 1087 2100 inhibuerunt3
1133 2019 1326 2098 laniis
1371 2021 1886 2090 seminatoribus
1906 2071 1926 2101 ,
1978 2021 2290 2088 aliarum-

93 2161 222 2228 que
264 2141 518 2206 artium
564 2136 914 2227 opificibus
958 2160 1042 2203 ne
1085 2136 1247 2226 quid
1297 2139 1456 2226 ipsis
1500 2136 1898 2217 venderent,
1944 2126 2291 2225 oper-aren?-

91 2266 235 2336 tur,
263 2276 635 2345 quoquove
682 2253 879 2354 mpdo
926 2251 1254 2320 auxilium
1302 2264 1742 2342 praestarent,
1788 2256 1971 2342 gravi
1996 2255 2288 2321 ⁴commi-

95 2374 371 2440 natione
407 2369 930 2436 interdixerunt:
985 2368 1290 2436 nonnulli
1345 2373 1550 2436 etiam
1601 2372 1901 2459 pistores,
1942 2371 2060 2457 qui
2105 2392 2292 2446 man-

98 2485 264 2554 datis
303 2511 444 2556 non
488 2498 870 2575 paruerant,
899 2485 1082 2552 libris
1110 2486 1544 2574 Regiensibus
1580 2488 2067 2576 quinquagenis
2115 2484 2293 2551 mul-

101 2606 227 2669 tati
267 2601 470 2672 fuisse
519 2607 960 2694 reperiuntur.
1004 2603 1297 2682 Antiates
1342 2602 1427 2669 ad
1472 2606 1835 2670 saeveriora
1866 2624 2077 2666 -arma
2134 2624 2294 2669 con-

105 2742 326 2788 versus
386 2720 573 2788 urbis
638 2718 1054 2794 Praefectum
1123 2743 1284 2786 oum
1352 2722 1594 2808 viginti
1652 2728 1942 2808 quatuor
1987 2718 2295 2796 viris,.ac

106 2837 429 2925 populum
468 2838 625 2904 diris
665 2836 1060 2904 damnatum
1110 2834 1476 2901 inferorum
1538 2836 1766 2922 poenis
1816 2833 2142 2917 subjecit.
2187 2832 2294 2897 Ita

112 2951 184 3016 in
223 2950 468 3018 rabiem
509 2973 820 3018 converso
864 2951 1043 3030 odio,
1088 2971 1167 3015 ac
1213 2947 1550 3016 nonnullis
1595 2949 1800 3014 etiam
1846 2946 2295 3014 sacerdotibus

111 3063 494 3146 vehentis,
540 3065 850 3132 manibus
905 3066 1260 3154 temperati
1305 3087 1442 3130 non
1487 3063 1743 3152 potuit.
1791 3060 2088 3138 Tandem
2136 3083 2295 3126 cum

109 3180 230 3268 ipsi
273 3181 585 3248 humanis
628 3181 878 3249 viribus
926 3178 1257 3262 inferiores
1316 3180 1386 3247 in
1447 3176 1800 3267 publicum
1857 3176 2117 3264 prodire
2164 3199 2295 3243 non

114 3294 453 3375 auderent,
493 3299 620 3385 piis
665 3295 1222 3364 intercedentibus
1266 3295 1423 3362 viris
1464 3303 1755 3382 quatuor
1800 3291 2138 3379 religiosis,
2170 3290 2297 3355 Pa-

111 3432 267 3499 gano
299 3410 377 3478 S.
409 3412 748 3480 Dominici
776 3410 1006 3490 Priori,
1056 3408 1401 3480 Gulielmo
1446 3409 1898 3497 Hiporegiensi
1944 3409 2013 3472 in
2063 3407 2299 3486 eodem

111 3525 431 3596 coenobio
461 3526 747 3606 Lectori,
779 3523 1056 3593 Giroldo
1084 3525 1450 3592 Mutinensi
1480 3524 1643 3592 Divi
1673 3522 2028 3610 Augustini
2055 3521 2297 3601 Priori,

113 3653 178 3736 et
211 3641 413 3712 Petro
458 3664 498 3709 a
540 3642 818 3709 Bibiano
884 3639 1179 3727 ejusdem
1244 3640 1546 3709 coenobii
1590 3639 1850 3706 Lectori
1910 3659 2130 3703 mense
2175 3659 2296 3702 no-

114 3757 391 3825 vembris
437 3762 777 3826 communi
819 3780 1140 3827 consensu
1183 3755 1266 3825 lis
1315 3753 1682 3822 dirimenda
1725 3755 2077 3822 commissa
2121 3749 2295 3831 fuit;

119 3875 257 3959 qui,
301 3897 388 3941 ne
431 3876 678 3941 iratum
726 3853 1056 3964 populum
1110 3871 1398 3962 amplius
1431 3870 1966 3948 exacerbarent,
2010 3867 2298 3934 decimas

125 3985 256 4070 jure
293 3987 428 4060 fori
473 4013 604 4057 non
656 3993 822 4079 peti,
867 3989 983 4057 sed
1026 3998 1226 4079 prout
1256 3990 1499 4078 cuique
1528 3984 1889 4076 placuisset
1915 3982 2116 4065 solvi,
2148 3984 2301 4050 miti

126 4108 436 4176 &atentia
477 4106 1118 4177 determinaverunt.
1162 4104 1242 4174 Id
1285 4105 1635 4174 arbitrium
1664 4113 1821 4173 ante
1851 4110 2116 4171 vetusta
2142 4097 2300 4185 jura

2066 4216 2128 4268 13
