2950 5017
647 412 782 510 374
1412 428 1652 474 unnim
1698 428 2120 474 normarum

647 550 1013 623 franciscus
1040 531 1348 620 Arlottus
1377 547 1745 639 Regiensis,
1771 551 1892 639 qui
1941 549 2120 639 apud
2166 547 2441 618 Sixtum
2475 549 2878 619 Pontificem

648 675 770 761 pro
798 664 1085 736 Hercule
1112 665 1422 734 Atestino
1451 663 1711 734 Romae
1755 664 2098 756 legatione·
2129 662 2570 756 fungebatur,
2627 671 2878 757 patriae

651 788 923 856 antistes
967 795 1067 853 est
1095 782 1512 854 declaratus.

784 902 1107 972 Hercules
1137 886 1294 971 vero
1326 903 1450 974 vix.
1474 899 1894 972 Florentinos
1938 900 2327 991 reliquerat,
2370 925 2527 969 cum
2571 903 2673 968 ad
2705 903 2871 970 aliud

646 1020 908 1093 bellum
974 1029 1294 1091 ev'ocatus
1360 1017 1521 1108 fuit.
1581 1019 1795 1089 Caeso
1856 1022 2037 1087 enim
2093 1019 2440 1088 Galleacio
2507 1022 2869 1112 Mediolani

511 1195 524 1203 .
647 1140 991 1230 Principe,
1038 1136 1455 1218 Ludovicus,
1499 1139 1620 1228 qui
1664 1139 1733 1204 in
1780 1136 2040 1205 Gallias
2089 1136 2420 1228 relegatus
2471 1136 2763 1220 fuerat,
2800 1153 2867 1220 ut,

646 1253 871 1326 fratris
914 1278 1151 1324 necem
1199 1253 1506 1335 audivit,
1548 1252 2014 1322 Mediolanum
2070 1277 2370 1322 reversus
2412 1277 2581 1321 cum
2633 1254 2872 1323 Sfortia

647 1368 856 1441 fratre
923 1368 1216 1440 naturali
1238 1421 1258 1450 ,
1309 1381 1382 1438 et
1434 1369 1668 1438 Bariae
1720 1367 1954 1452 Duce,
2011 1353 2305 1461 aliisque·
2355 1373 2646 1439 consciis
2715 1396 2873 1440 nova

652 1488 880 1561 moliri
919 1491 1180 1581 coepit.
1224 1483 1412 1556 Urbe
1475 1487 1765 1575 ejectus,
1833 1501 1904 1558 et
1969 1488 2148 1586 Bisa·
2178 1509 2186 1538 ‘
2216 1488 2585 1578 relegatus,
2657 1505 2876 1580 postea

555 1668 564 1681 ,
645 1604 1040 1697 impellente
1070 1604 1487 1676 Ferdiuando
1517 1604 1840 1696 Neapolis
1883 1629 2066 1696 rege,
2112 1604 2390 1696 aliisque
2432 1629 2521 1674 ex
2571 1630 2705 1673 aua
2753 1605 2875 1674 fac-

648 1724 832 1794 tione
875 1720 1005 1792 sibi
1068 1722 1334 1792 adscitis
1357 1771 1377 1803 ,
1416 1721 1657 1799 Joauni
1705 1720 2055 1791 Galleacio
2123 1725 2370 1794 mortui
2434 1719 2679 1790 fratris
2748 1722 2873 1791 filio

653 1837 881 1910 adhue
923 1838 1262 1929 impuberi
1313 1838 1573 1908 bellum
1636 1838 1904 1907 intulit.
1950 1838 2169 1906 Cecus
2212 1837 2637 1919 simonetta,
2679 1842 2803 1929 qui
2842 1863 2874 1905 a

646 1957 913 2024 secretis
968 1954 1302 2028 Galleacii
1355 1954 1581 2024 fuerat
1647 1968 1721 2024 et
1789 1981 2034 2046 magna
2102 1955 2563 2046 singularique
2629 1955 2767 2024 fide
2814 1970 2871 2023 et

650 2095 853 2163 opera
919 2071 1183 2164 pupillo
1252 2075 1532 2163 principi
1600 2076 1958 2164 imperium
2007 2075 2481 2155 conservabat,
2531 2098 2867 2142 summam

647 2213 871 2259 rerum
914 2190 1277 2261 Mediolani
1326 2192 1626 2260 tenebat.
1672 2192 1737 2259 Is
1781 2216 1938 2261 cum
1988 2194 2178 2261 Bona
2239 2194 2425 2283 pueri
2502 2208 2734 2260 matre
2792 2219 2870 2260 ex

533 2378 542 2386 ,
647 2307 1094 2399 Allobrogum
1137 2321 1363 2398 gente,
1410 2306 1688 2399 aliisque
1734 2311 2222 2401 praestantibus
2270 2312 2422 2378 viris
2468 2334 2543 2377 re
2595 2312 2867 2392 collata,

649 2425 1096 2496 resistendum
1144 2448 1281 2493 esse
1328 2425 1734 2494 turbulentis
1773 2427 2165 2496 hominibus
2193 2427 2512 2494 decernit.
2559 2428 2871 2495 Perduel-

648 2540 848 2612 lionis
913 2543 1144 2631 itaque
1209 2544 1492 2610 crimine
1558 2542 1902 2617 Ludovico
1947 2556 2017 2610 et
2062 2541 2314 2611 Sfortia
2370 2544 2869 2625 condemnatis,

645 2658 1006 2730 Herculem
1032 2662 1445 2742 Atestinum,
1477 2673 1550 2728 et
1578 2661 1994 2728 Fridericum
2029 2661 2420 2753 Gonzagam
2449 2685 2619 2760 cum
2659 2665 2871 2754 amplo

642 2759 970 2867 stipendio
1013 2780 1225 2867 copiis
1270 2779 1486 2848 Ducis
1534 2776 1951 2867 praefectum
1999 2778 2430 2862 Florentinis,
2461 2780 2869 2869 quibuscum

643 2896 1134 2978 Ferdinandus,
1173 2909 1249 2966 et
1292 2894 1609 2968 Pontifex
1676 2895 1939 2964 bellum
1995 2879 2346 2986 gerebant,
2406 2898 2682 2967 auxilio
2747 2922 2868 2965 esse

641 3013 860 3101 jubet.
903 3012 1040 3081 Sed
1086 3014 1188 3083 illi
1234 3016 1353 3103 qui
1403 3028 1745 3109 vetustam
1793 3014 2213 3082 simultatem
2270 3015 2500 3082 adhuc
2564 3015 2866 3095 alebant,

641 3131 1013 3200 intermissa
1057 3128 1220 3198 belli
1265 3149 1427 3198 cura
1452 3181 1472 3211 ,
1519 3153 1761 3198 novam
1797 3134 2017 3200 rixam
2059 3134 2467 3200 excitarunt.
2517 3131 2866 3222 Gonzagus

643 3248 828 3314 enim
869 3246 1371 3316 recrudescente
1441 3247 1596 3315 odio
1664 3250 1743 3316 in·
1795 3247 2104 3332 Herculis
2173 3250 2551 3318 tentorium.
2616 3253 2861 3339 impetu

642 3359 849 3441 facto,
892 3385 1215 3451 magnum
1269 3365 1339 3430 in
1399 3367 1631 3431 castris
1688 3363 2066 3432 tumultum
2100 3369 2513 3433 commovit.
2563 3366 2857 3435 Tandem

641 3479 1055 3550 Venetorum
1104 3493 1174 3547 et
1218 3480 1758 3552 Florentinorum
1806 3483 2042 3573 legatis
2088 3485 2701 3558 intervenientibus
2750 3484 2855 3550 ab·

640 3595 889 3666 ductus
934 3599 1228 3687 quievit,
1271 3599 1624 3689 et·pacem
1690 3623 1849 3670 oum
1897 3599 2349 3682 Ferdinando,
2392 3599 2849 3681 et¹Pontifice‚

639 3714 836 3801 eujus
879 3716 1158 3784 arbitrio
1204 3719 1562 3786 commissa
1607 3715 1865 3799 fuerat,
1912 3716 2283 3789 Florentini
2329 3721 2657 3788 inierunt.
2700 3720 2848 3786 Her-

640 3829 825 3898 cules
870 3853 1025 3904 vero,
1068 3833 1526 3903 Mediolanum
1590 3847 1936 3902 revocatus
1989 3837 2067 3902 in
2107 3835 2582 3915 Dertonenses,
2630 3840 2755 3924 qui
2791 3858 2846 3901 se

640 3945 991 4016 Ludovico
1058 3948 1480 4033 dediderant,
1551 3953 1926 4028 exercitum
1993 3952 2217 4020 duxit.
2276 3951 2555 4020 Interim
2601 3951 2845 4018 Tassini

636 4063 994 4158 cujusdam
1040 4067 1468 4135 Ferr'ariensis
1510 4069 1822 4158 ignobilis
1886 4072 2010 4139 viri
2066 4092 2301 4160 opera,
2347 4072 2467 4158 qui
2514 4071 2588 4160 in
2637 4091 2845 4136 mensa

639 4179 1314 4273 discerpturis-offitio
1360 4182 1802 4275 fungebatur,
1846 4199 1915 4253 et
1954 4185 2322 4280 plusquam
2376 4185 2694 4266 honestas
2744 4207 2843 4276 pa·
