2950 5017
954 427 1154 476 mnmt
1196 430 1444 477 ramus
2206 416 2293 504 59
2337 444 2344 450 ·

82 563 317 622 contu
366 550 726 621 Caesarem
773 563 845 618 et
886 551 1182 620 Hirtium
1225 550 1587 621 contendit.
1632 551 2023 621 Levioribus
2076 556 2293 643 primo
2336 623 2343 634 ,

80 671 414 759 utrinqne
461 668 942 736 certaminibus
985 670 1373 749 commissis,
1403 666 1750 736 Celtarum
1794 672 2082 759 equites,
2124 692 2296 759 quos

76 808 238 852 cnm
307 783 695 875 elephantis
754 757 883 850 sibi
943 782 1272 851 Octavius
1327 782 1753 869 adjunxerat,
1796 784 1880 851 ad
1924 785 2297 852 Antonium

80 898 513 968 defecerunt.
557 900 795 967 Postea
835 923 992 968 vero
1059 909 1317 989 coepto<
1355 902 1676 968 universis
1741 901 1995 968 viribus
2038 900 2290 990 praelio

77 1040 245 1084 cum
290 1020 573 1107 utrique
617 1020 827 1084 aciem
871 1015 989 1082 diu
1035 1018 1536 1096 sustinuissent,
1583 1015 1855 1083 tandem
1912 1041 2112 1106 penes
2157 1017 2299 1083 An-

82 1134 355 1200 tonium
418 1135 705 1200 victoria
765 1129 923 1199 fuit.
992 1130 1093 1198 Eo
1160 1144 1455 1222 tempore
1523 1131 1765 1198 Vibius
1832 1132 2046 1199 Pansa
2110 1134 2300 1201 sociis

88 1248 431 1320 auxilium
477 1248 738 1315 laturus
781 1248 1000 1318 Roma
1041 1270 1202 1314 cum
1247 1252 1545 1316 exercitu
1590 1247 2025 1328 adventabat,
2057 1271 2299 1337 quem,

90 1387 177 1431 ne
223 1363 373 1433 aliis
422 1365 728 1434 hostibus
784 1335 1181 1451 c⁸onjunctus
1232 1388 1554 1454 magnum
1606 1364 1806 1431 rebus
1860 1367 1998 1431 suis
2051 1367 2303 1433 incom-

92 1480 377 1549 modum
428 1480 726 1563 afferret,
769 1481 1107 1551 Antonius
1148 1484 1533 1571 intercipere
1599 1483 1876 1549 statuit.
1920 1481 2108 1547 Dum
2153 1504 2304 1570 pro-

100 1596 461 1680 ficiscitur,
515 1623 600 1666 ne
654 1597 951 1666 militum
1019 1602 1361 1688 paucitate
1404 1599 1638 1665 absens
1690 1620 1830 1664 esse
1885 1597 2305 1688 proderetur,

98 1731 369 1809 partem
412 1720 741 1784 exercitus
800 1714 937 1783 late
1004 1739 1120 1805 per
1164 1737 1376 1782 vacua
1421 1724 1636 1781 castra
1678 1712 2001 1794 diffundi,
2046 1712 2306 1782 leviori-

104 1835 384 1928 busque
410 1833 666 1924 praeliis
698 1831 992 1922 quotidie
1019 1831 1241 1900 hostes
1268 1831 1563 1898 distineri
1592 1831 1812 1917 jubet.
1845 1830 1993 1919 Ipse
2022 1831 2305 1899 obscura
2368 1873 2374 1879 ·

108 1963 309 2018 nocte
353 1973 508 2016 cum
555 1948 818 2020 duabus
861 1945 1228 2038 legionibus
1259 1946 1433 2013 clam
1465 1947 1797 2013 discedens
1839 1946 2090 2014 insidiis
2132 1949 2306 2014 inter

104 2064 427 2155 palustres
502 2063 855 2131 arundines
931 2064 1273 2131 collocatis
1337 2062 1615 2129 Vibium
1696 2061 1876 2151 apud
1932 2061 2306 2130 Bononiam
2364 2102 2373 2111 ·

106 2186 482 2249 sauciatum
531 2179 807 2266 feliciter
854 2178 1052 2248 fudit.
1101 2180 1354 2247 Verum
1399 2194 1732 2247 revertens
1793 2183 1863 2246 in
1925 2181 2160 2247 itinere
2215 2179 2305 2247 ab

110 2298 351 2379 Hirtio,
382 2301 505 2388 qui
535 2298 816 2364 Caesare
860 2296 944 2363 ad
988 2308 1355 2363 castrorum
1403 2295 1771 2362 custodiam
1819 2287 2057 2364 relicto
2099 2297 2312 2365 socio-

110 2435 256 2479 rum
290 2417 610 2480 iniuriam
644 2412 909 2479 ulturus
940 2415 1320 2501 properanti
1353 2413 1615 2500 agmine
1649 2411 1983 2490 veniebat,
2013 2434 2307 2501 pugnare

116 2543 400 2611 coactus,
444 2542 795 2619 superatus
841 2525 996 2594 fuit.
1040 2527 1143 2593 Re
1187 2550 1490 2617 prospere
1535 2540 1715 2616 gesta
1764 2540 1957 2595 tanta
2001 2526 2136 2595 fuit
2168 2531 2307 2594 vic-

116 2659 331 2713 torum
395 2645 687 2724 laetitia,
746 2656 827 2710 ut
891 2669 1027 2712 non
1099 2656 1364 2711 tantum
1423 2645 1680 2711 Hirtius
1729 2643 2025 2725 Consul,
2070 2641 2188 2710 sed
2233 2654 2310 2709 et

116 2760 382 2842 Cacsar,
427 2764 548 2851 qui
595 2763 943 2827 certamini
985 2784 1120 2827 non
1164 2758 1595 2840 interfuerat,
1636 2774 1704 2826 et
1750 2760 2025 2839 Vibius,
2069 2780 2310 2848 quam·
2431 2769 2438 2780 ’

124 2899 322 2966 quam
367 2880 622 2956 victus,
679 2874 861 2942 laeta
921 2874 1404 2942 acclamatione
1457 2876 1545 2941 ab
1593 2879 1890 2942 exercitu
1943 2889 2012 2940 et
2055 2873 2311 2940 Senatu
2384 2855 2390 2862 ’

122 2992 534 3080 imperatores
577 2995 720 3059 sint
764 2990 1066 3058 salutati.
1112 2991 1252 3073 Qui
1296 2993 1364 3055 in
1412 3013 1493 3057 eo
1538 2989 1785 3079 praelio
1816 3013 1934 3079 pro
1966 2987 2312 3079 republica

124 3108 483 3175 ceciderant
509 3159 528 3189 ,
573 3106 848 3199 publica
902 3110 1199 3196 impensa
1245 3105 1558 3186 humati,
1602 3118 1672 3172 et
1731 3108 2091 3197 stipendia,
2136 3130 2312 3197 quae

120 3226 494 3293 viventibus
520 3225 883 3304 dabantur,
913 3227 1120 3290 etiam
1164 3222 1424 3303 liberis,
1457 3236 1530 3289 et
1553 3225 1946 3321 ‘parentibus
1990 3227 2103 3314 pia
2147 3223 2314 3291 libe-

122 3341 378 3409 ralitate
423 3344 752 3430 assignata
795 3338 1010 3408 fuere.
1696 3426 1701 3432 .

245 3456 406 3524 Alia
449 3456 706 3536 clades,
749 3478 953 3546 quam
1002 3454 1306 3521 Mutinae
1349 3455 1630 3521 Pontius
1675 3453 1962 3544 Aquila,
2008 3478 2183 3522 unus
2226 3478 2316 3522 ex

121 3569 234 3639 cai
277 3573 441 3651 Julii
492 3559 1011 3662 percursoribus,
1055 3583 1128 3636 et
1175 3584 1337 3636 tunc
1370 3571 1632 3637 Decimi
1664 3570 1852 3636 Bruti
1885 3571 2312 3660 Propraetor,

124 3685 431 3755 Hunatio
474 3687 719 3755 Planco
766 3687 1046 3753 Antonii
1097 3685 1319 3775 legato
1374 3685 1647 3765 intulit,
1691 3682 1947 3751 felicius
1992 3685 2340 3774 gaudium‘

126 3801 296 3873 fecit.
343 3805 614 3873 Caesari
660 3816 729 3871 et
771 3805 993 3871 Hirtio
1042 3827 1129 3869 ex
1178 3787 1485 3892 prospera
1537 3825 1762 3894 pugna
1828 3801 1997 3902 adeo
2049 3805 2310 3870 animus

127 3926 322 3990 erevit
368 3936 452 3989 ut
495 3921 624 3989 sub
667 3921 822 4013 ipsis
888 3920 1096 3989 bostis
1153 3922 1380 3987 castris
1425 3920 1799 3987 Antonium
1845 3917 1932 3985 ad
1979 3931 2315 3986 certamen

130 4039 439 4108 audacter
482 4040 1012 4131 provocaverint.
1058 4035 1193 4104 Sed
1238 4039 1294 4105 is
1336 4039 1408 4105 in
1454 4037 1750 4105 adversis
1788 4017 2050 4105 casibus
2105 4034 2318 4106 fortu-

137 4177 281 4224 nam
332 4168 588 4224 tentare
633 4179 768 4225 non
813 4179 1013 4223 ausus
1057 4152 1320 4222 tamdiu
1364 4178 1431 4222 se
1477 4157 1655 4223 intra
1702 4156 2104 4223 munitiones
2161 4177 2318 4223 con-
