2950 5017
633 418 774 507 474
1384 433 1623 480 nunu
1668 432 2088 482 antemnarum

633 555 747 628 vel
791 553 1124 647 religionis
1165 556 1490 632 rationem
1536 553 1845 622 habitem
1875 550 2079 622 fnisse
2108 561 2517 644 queruntur.
2566 551 2849 623 Proinde

634 696 855 754 erare,
899 683 982 738 nt
1023 691 1390 761 paucorum
1443 692 1693 760 poena,
1737 667 2111 738 multorum
2160 668 2519 737 andaciam
2570 673 2849 761 compri-

632 802 805 870 mat,
846 786 1326 878 inexplebilem
1369 784 1799 856 factiosorum
1843 785 2191 854 libidinem
2208 836 2230 869 ,
2284 810 2466 877 quae
2524 786 2686 872 jam
2732 811 2847 855 nec

633 904 939 986 modum,
965 927 1088 972 nec
1115 902 1320 972 finem
1347 906 1680 987 inveniat,
1712 903 2156 973 saluberrimo
2185 902 2500 994 exemplo
2547 900 2841 973 fraenare

629 1021 820 1092 velit.
864 1020 1376 1092 Gnicciardinus
1420 1023 1634 1112 primo
1678 1043 1874 1090 reum
1902 1043 2243 1111 quemque
2287 1044 2402 1110 per
2444 1042 2522 1087 se
2576 1019 2840 1108 diligen-

632 1148 738 1206 ter
779 1139 1187 1227 interrogat:
1234 1136 1471 1205 deinde
1516 1140 1744 1204 ceteris
1772 1136 2053 1204 dimissis
2106 1159 2194 1202 ex
2244 1135 2489 1205 Zoboli
2516 1135 2839 1212 Basiliam

631 1250 707 1321 S.
729 1251 999 1324 Nicolai
1029 1254 1490 1344 Praepositum
1523 1266 1595 1319 et
1633 1275 1791 1319 cnm
1819 1252 2189 1342 Hippolyto
2220 1250 2842 1320 filioAlexandrnm

626 1368 1026 1462 Pompeium
1070 1370 1496 1450 Messorinm,
1539 1369 2019 1436 Bernardinum
2066 1369 2358 1459 Lippum
2407 1366 2844 1449 sacerdotem,

633 1501 707 1557 et
747 1487 1092 1556 Simonem
1136 1486 1580 1578 Minghellnm
1628 1488 1895 1555 retinet.
1940 1485 2195 1553 Omnes
2248 1484 2699 1577 aliquamdiu
2736 1485 2846 1554 dn-
2918 1555 2921 1556 γ

627 1605 916 1674 rioribus
971 1606 1325 1673 tormentis
1391 1600 1641 1672 frustra
1709 1605 1989 1671 cruciati
2010 1652 2032 1685 ,
2086 1616 2331 1694 quarto
2390 1601 2686 1670 tandem
2747 1601 2846 1668 die

630 1721 891 1813 Lippus
930 1733 1005 1788 et
1044 1718 1455 1812 Mingbellus
1500 1719 2006 1812 quaestionibus
2049 1721 2213 1789 victi
2257 1720 2471 1787 totius
2516 1720 2847 1808 conspira-

629 1842 832 1909 tionis
897 1840 1248 1907 veritatem
1314 1837 1689 1907 denudant.
1755 1836 2068 1906 Proditus
2137 1834 2525 1904 Alexander
2602 1833 2849 1904 Senum

628 1954 955 2023 urbanius
1005 1956 1298 2036 citatur3
1339 1956 1473 2045 *qni
1544 1956 1670 2022 etsi
1737 1955 1967 2022 amicis
2037 1952 2598 2035 admonentibus,
2653 1975 2742 2019 ne
2786 1974 2847 2019 se

627 2071 827 2151 irato,
869 2079 944 2137 et
985 2074 1158 2139 truci
1201 2069 1542 2140 Praefecto
1584 2073 2059 2150 committeret,
2102 2082 2184 2140 ut
2227 2081 2367 2136 erat
2400 2067 2850 2138 ‘confidentis-

628 2189 782 2258 simi
847 2190 1094 2278 ingenii
1162 2188 1478 2278 postridie
1546 2211 1617 2257 se
1682 2191 1753 2257 in
1824 2211 2151 2256 carcerem
2213 2198 2465 2254 temere
2526 2186 2849 2273 conjecit.

627 2306 958 2373 Animum
1003 2304 1298 2373 addebat
1339 2308 1596 2396 generis
1624 2306 1962 2387 nobilitas,
1995 2318 2066 2372 et
2096 2305 2278 2396 quod
2306 2304 2345 2383 J
2348 2304 2547 2373 acobi
2580 2303 2850 2371 Triultii

628 2426 878 2492 summi
920 2426 992 2491 in
1040 2422 1237 2490 Italia
1269 2421 1627 2493 Gallorum
1658 2423 1876 2506 ducis,
1920 2422 2118 2510 cujus
2165 2434 2309 2490 erat
2349 2420 2853 2511 cataphractus,

627 2543 955 2609 rationem
1005 2540 1387 2612 habendam
1431 2539 1834 2612 crediderat.
1887 2539 2145 2612 Verum
2211 2537 2405 2607 nulla
2471 2541 2853 2627 sanguinis,

630 2671 754 2726 aut
796 2660 1164 2727 amicornm
1209 2661 1426 2750 gratia
1466 2657 1596 2726 sibi
1640 2656 2052 2749 opitulante,
2100 2657 2449 2725 tormentis
2494 2655 2854 2743 subjectns

603 2754 776 2844 'rem
817 2800 1086 2845 omnem
1132 2779 1425 2871 apernit:
1471 2775 1651 2842 idem
1698 2776 2171 2844 ethicum-ius
2214 2777 2377 2865 egit,
2423 2776 2550 2864 qni
2591 2773 2857 2860 jurium

630 2892 869 2961 studiis
933 2917 1207 2984 operam
1274 2916 1528 2970 navans
1593 2896 1798 2960 etiam
1853 2890 2053 2960 falsas
2096 2891 2392 2961 Cocconi
2445 2893 2728 2960 nomine
2772 2889 2854 2957 ad

629 3009 951 3080 Carolum
973 3013 1365 3103 Caprariam
1397 3010 1653 3079 litteras
1681 3014 2012 3102 scripsisse
2042 3006 2382 3079 confessus
2413 3031 2556 3076 esse
2576 3007 2851 3076 dicitnr.

627 3127 916 3197 Basilius
984 3154 1144 3201 vero
1210 3129 1395 3221 qnod
1448 3130 1811 3224 discedenti
1857 3130 2206 3198 Ludovico
2278 3151 2485 3218 equos
2558 3150 2853 3196 commo-

628 3245 886 3329 dasset,
929 3260 1003 3315 et
1045 3248 1191 3335 ejus
1235 3246 1535 3317 famulus
1579 3248 1817 3316 Petrus
1860 3247 2409 3327 Bombertonius‚
2458 3246 2586 3336 qui
2645 3243 2852 3336 pridie

630 3385 840 3452 quam
886 3364 1314 3453 parricidium
1359 3366 1666 3433 ederetur
1710 3367 2072 3456 pugionem
2105 3387 2427 3432 exacuere
2457 3364 2649 3430 visus
2683 3373 2852 3442 erat,

630 3480 1026 3548 saevissimis
1070 3484 1415 3550 tormentis
1458 3482 1693 3562 durius
1744 3483 2110 3551 excruciati
2164 3478 2338 3548 nihil
2388 3478 2849 3569 prodiderunt.

631 3594 1047 3688 Hippolytus
1071 3617 1342 3688 quoque
1372 3599 1561 3687 quod
1584 3597 1915 3668 Ludovici
1959 3598 2231 3685 majoris
2272 3594 2492 3664 fratris
2536 3594 2854 3667 consilio-

631 3739 782 3782 rum
832 3719 1156 3807 particeps
1197 3715 1588 3798 haberetur,
1614 3720 1688 3785 in
1720 3716 2220 3808 quaestionibus
2248 3728 2561 3784 constans
2588 3717 2852 3782 crimen

633 3817 969 3922 purgavit.
1016 3834 1141 3902 Per
1187 3858 1298 3903 eoa
1341 3834 1485 3902 dies
1525 3837 1595 3901 in
1649 3834 1817 3900 urbe
1877 3837 2173 3901 maxime
2242 3832 2657 3923 trepidatum
2709 3840 2852 3911 est,

632 3973 719 4017 ne
762 3973 1000 4020 rursus
1031 3951 1221 4018 Bebii
1267 3975 1515 4020 novam
1569 3952 1843 4019 caedem
1906 3949 2118 4019 ulturi
2174 3952 2529 4019 civitatem
2572 3948 2854 4017 invade·

631 4082 808 4148 rent,
834 4067 940 4134 vel
971 4067 1304 4144 Mor-ottus
1333 4071 1591 4137 vinctos
1619 4067 2023 4136 liberaturus
2070 4071 2246 4135 intra
2293 4069 2564 4135 moenia
2607 4068 2853 4134 irrum-

636 4197 820 4273 peret
839 4213 858 4268 ;
896 4189 1014 4277 qui
1057 4183 1464 4255 Zobolorum
1514 4187 1783 4254 nunciis·
1815 4185 2210 4255 sollicitatus
2252 4184 2367 4254 ad’
2388 4195 2719 4274 quartum
2762 4180 2847 4249 ab
