2950 5017
695 393 822 464 160
1428 408 1666 454 annm
1708 408 2122 456 anemurium

684 533 989 624 fligastis,
1039 551 1219 600 nuno
1270 551 1513 621 pauens
1554 531 1740 598 omni
1782 528 2105 620 praesidio
2146 525 2503 598 destitutos
2544 524 2879 598 formida-

682 648 894 716 bitis?
937 670 1072 716 non
1117 646 1409 726 moenia,
1450 668 1584 713 non
1629 641 1884 726 fossae,
1926 668 2058 713 non
2105 642 2360 713 validus
2403 641 2605 713 vobis
2661 644 2880 714 obstat

685 768 1038 845 exercitus,
1068 762 1302 830 dirutis
1331 763 1535 829 muris
1563 784 1779 851 aequo
1808 763 1876 828 in
1908 784 2145 851 eampo
2191 764 2469 829 inermes
2513 773 2874 852 supersunt

684 878 1039 949 fundendi.
1089 881 1262 968 agite
1311 877 1451 965 jam
1518 881 1726 945 macti
1772 882 2023 947 virtute
2064 880 2283 960 cives,
2333 890 2631 947 vestram
2676 880 2875 948 animi

683 997 1249 1087 magnitudinem,
1293 1007 1363 1062 et
1405 997 1760 1084 antiquum
1811 995 2013 1065 robur
2064 995 2430 1078 ostendite,
2468 993 2872 1088 infirmoque

684 1112 872 1183 obiee
921 1123 1175 1180 remoto
1226 1109 1613 1200 opulentam
1656 1111 1968 1201 praedam
2012 1114 2276 1202 eripite.
2320 1112 2427 1179 Ita
2467 1109 2868 1180 vociferum

684 1250 844 1296 eum
909 1226 1168 1296 delecta
1228 1248 1503 1294 suorum
1567 1248 1776 1293 manu
1838 1228 1912 1294 in
1976 1226 2269 1296 mediam
2316 1226 2620 1295 hostium
2668 1228 2869 1294 aciem

683 1344 941 1433 irrupit.
988 1340 1251 1410 Caeteri
1297 1339 1599 1409 alacriter
1648 1344 1859 1410 secuti
1928 1341 2163 1411 obvios
2231 1338 2528 1410 fundunt
2545 1391 2569 1424 ,
2616 1351 2868 1431 praem

683 1482 904 1529 caesos
947 1482 1107 1527 cum
1150 1456 1424 1527 castello
1466 1456 1740 1525 ducenti
1789 1459 2101 1548 sexageni
2153 1456 2455 1526 homines
2507 1460 2698 1549 eapti
2744 1460 2870 1526 vivi

683 1573 893 1643 fuere.
937 1573 1198 1642 Exinde
1242 1571 1675 1663 campaniola
1731 1573 2008 1643 subacta
2028 1623 2050 1655 ,
2092 1571 2257 1643 alios
2313 1572 2534 1663 plures
2577 1577 2869 1663 captivos

683 1690 966 1781 Regium
1021 1694 1278 1760 vinctos
1329 1689 1753 1758 deduxerunt
1783 1690 1883 1756 (¹).
1931 1688 2090 1758 Hoc
2133 1711 2312 1758 anno
2357 1689 2767 1758 dissidentes
2807 1694 2870 1758 in

685 1809 992 1896 eligendo
1020 1806 1343 1875 Praetore
1372 1806 1743 1895 Regienses
1751 1854 1779 1891 ,
1806 1828 1960 1874 cum
2002 1809 2352 1874 convenire
2392 1827 2534 1873 non
2562 1816 2867 1894 possent,

683 1924 780 1990 ad
825 1922 1224 1991 AEtiolinum
1280 1922 1562 1990 Patavii
1626 1935 1975 2011 tyrannum
2037 1922 2299 2009 legatos
2365 1924 2683 1990 miserm
2695 1953 2755 2005 ,²
2797 1932 2862 1988 ut

683 2042 831 2126 quse
874 2037 1323 2124 Regiensibus
1353 2040 1482 2124 jus
1525 2038 1853 2104 dicturum
1896 2038 2170 2125 eligeret
2193 2063 2222 2104 .·
2256 2034 2337 2104 Is
2379 2039 2591 2123 igitur
2640 2035 2863 2125 Ugoli-

686 2175 843 2220 num
885 2177 931 2218 a
971 2151 1050 2219 S.
1079 2152 1364 2231 Iuliana
1402 2152 1812 2221 Patauinum
1852 2156 2067 2221 virum
2110 2153 2303 2220 malis
2347 2149 2639 2220 moribus
2671 2173 2860 2241 prae-

684 2274 895 2339 ditum
938 2271 1146 2358 Regii
1195 2271 1580 2338 Praetorem
1623 2274 1901 2355 mavit,
1955 2274 2073 2359 qui
2140 2292 2291 2337 cum
2358 2291 2495 2336 non
2554 2273 2693 2338 m’si
2748 2268 2860 2337 sub

668 2387 881 2474 finem
927 2391 1166 2454 mensis
1193 2386 1531 2475 februarii
1580 2390 1911 2471 venisset,
1956 2391 2207 2456 interea
2233 2373 2537 2465 Ioannes
2576 2384 2861 2455 Someti-

687 2524 813 2569 nus
855 2505 1007 2589 ejus
1047 2506 1232 2570 vices
1276 2504 1604 2591 implevit.

817 2618 999 2686 Inter
1042 2617 1208 2686 haee
1252 2618 1494 2686 Entius
1536 2642 1577 2685 a
1622 2618 1953 2709 Friderico
2009 2631 2199 2709 patre
2234 2619 2337 2686 ad
2396 2616 2716 2709 exigenda
2758 2618 2863 2683 tri-

684 2736 853 2802 buta
918 2738 988 2804 in
1043 2736 1507 2827 Longobardia
1574 2735 1827 2826 legatus
1895 2736 2206 2817 relictus,
2248 2735 2411 2803 dum
2478 2732 2860 2802 rebellantes

683 2852 965 2943 populos
1008 2854 1308 2942 subigere
1354 2865 1570 2921 tentat
1615 2878 1656 2920 a
1699 2854 2219 2923 Bononiensibus
2263 2864 2530 2942 eaptus,
2560 2863 2629 2918 et
2655 2847 2856 2918 ferrea

685 2992 889 3036 cavea
952 2969 1244 3037 inclusus
1310 2972 1487 3037 intra
1554 2992 1797 3059 paucos
1863 2970 2001 3037 dies
2061 2971 2292 3037 misere
2342 2967 2649 3049 decessit,
2691 2979 2757 3034 et
2793 2968 2855 3033 in

683 3086 1275 3154 Dominicanorum
1306 3086 1575 3153 eeclesia
1606 3086 1925 3154 humatus
1969 3097 2092 3153 est.
2136 3084 2671 3164 Testamentum,
2700 3095 2853 3150 tam-

683 3226 889 3292 quam
935 3228 977 3269 a
1021 3205 1286 3290 captivo
1328 3200 1586 3268 factum
1631 3201 1919 3268 dubium
1965 3200 2098 3268 fuit
2144 3226 2227 3269 an
2271 3202 2688 3272 subsisteret.
2730 3200 2852 3269 Vo-

683 3318 815 3386 luit
858 3316 1224 3384 Fridericus
1267 3328 1454 3405 quot,
1478 3318 1689 3382 aureis
1741 3316 1897 3383 urbs
1950 3330 2169 3407 posset
2211 3318 2605 3388 circumdari
2650 3316 2851 3386 filium

683 3433 1030 3513 redimere,
1072 3432 1184 3499 sed
1250 3456 1291 3498 a
1356 3431 1879 3500 Bononiensibus
1947 3434 2387 3503 conditionem
2453 3435 2851 3525 repudiarem

682 3547 886 3617 fuisse
929 3532 1173 3615 ferunt.
1219 3548 1464 3632 Quare,
1493 3546 1809 3616 defuncto
1839 3546 2007 3631 filio,
2038 3554 2247 3619 iratus
2276 3549 2850 3639 caesar=adempta

684 3666 1021 3734 Bononiae
1072 3666 1398 3755 gymnasii
1450 3665 1636 3751 jura,
1681 3662 2083 3756 efflagitante
2124 3665 2470 3745 AEtiolino,
2494 3667 2852 3764 Patavium
2936 3675 2937 3684 ’

688 3780 1066 3848 transtulitz
1098 3803 1223 3848 nec
1253 3779 1468 3849 multo
1498 3793 1650 3870 post
1680 3784 2009 3850 aerumnis
2037 3779 2383 3850 confectus
2405 3779 2852 3857 Florentiolse,
2936 3801 2937 3878 }

681 3897 868 3987 quod
914 3910 1013 3965 est
1056 3896 1339 3987 Apuliae
1383 3898 1736 3989 oppidum,
1777 3902 1849 3967 in
1893 3897 2215 3966 lethalem
2260 3898 2570 3968 morbum
2614 3894 2853 3973 incidit,
2936 3895 2937 3898 ’

762 4147 849 4221 (ι)
883 4147 1068 4204 Curius
1101 4148 1159 4202 in
1194 4149 1410 4203 munda
1442 4156 1587 4218 parte
1619 4147 1740 4203 hist.
1772 4147 1990 4203 Mediol.
