2950 5017
888 433 1087 479 unna
1130 432 1410 479 marrus
2115 419 2240 506 175

70 553 338 644 Augusti
396 550 776 643 splendoris
838 551 1334 641 magnificentia
1394 550 1665 643 publice
1709 576 1941 622 omnes
1985 555 2244 646 epulari

70 674 341 762 pemissi
412 682 489 738 et
564 673 786 738 variae
857 673 1065 736 etiam
1133 671 1547 739 decursiones
1616 670 1701 737 ad
1767 671 2246 740 oblectandum

70 785 442 877 spectaculis
517 783 896 875 Principem
972 784 1347 852 celebratae
1422 783 1731 852 fuerunt.
1796 786 2036 855 Eidem
2102 812 2246 856 Lxx

70 904 231 993 paria
277 904 775 992 praetiosarum
821 904 1109 969 vestium
1127 952 1147 982 ,
1175 905 1345 968 inter
1374 919 1541 990 quas
1568 900 1892 969 sexdecim
1925 927 2013 970 ex
2040 904 2247 973 solido

70 1041 212 1086 mro
255 1027 620 1085 contextae
665 1018 859 1085 variis
925 1017 1217 1107 pellibus
1282 1015 1599 1084 suffultae
1651 1018 2156 1107 spectabantur,
2203 1044 2247 1087 a

70 1133 312 1200 civibus
353 1131 719 1200 liberaliter
761 1148 922 1199 sunt
964 1132 1248 1200 donatae
1278 1133 1379 1198 (¹).
1411 1131 1598 1199 Alias
1626 1156 1784 1200 vero
1813 1145 2051 1215 vestes,
2083 1158 2250 1225 quas

70 1247 188 1314 sibi
215 1248 538 1333 juventus
568 1258 915 1336 paraverat
943 1251 1056 1337 pia
1086 1245 1395 1336 largitate
1425 1246 1661 1333 maj-ori
1693 1248 1945 1337 templo
1974 1246 2246 1316 obtulit.

75 1363 424 1440 Jacobinus
469 1387 513 1429 a
556 1362 862 1444 Rodelia,
889 1365 1005 1453 qui
1043 1387 1161 1453 per
1191 1362 1441 1429 rn‘ultos
1471 1364 1611 1430 dies
1655 1363 1859 1431 hastis
1904 1364 2253 1433 decurrens

75 1482 432 1546 certamine
497 1478 829 1569 populum
887 1478 1255 1547 oblectavit
1275 1530 1295 1561 ,
1341 1503 1382 1545 a
1426 1479 1776 1569 Paleologo
1835 1504 2035 1570 eques
2080 1461 2256 1548 crea-⁰-

79 1609 197 1675 tus,
237 1608 378 1664 toto
422 1620 644 1664 mense
690 1600 850 1663 maii
898 1598 1206 1665 omnibus
1252 1597 1334 1663 ad
1381 1600 1767 1665 convivium
1795 1598 2079 1665 domum
2113 1622 2255 1665 am-

79 1712 361 1781 bitiosius
408 1716 691 1802 aperuit.
732 1715 1041 1782 Abeunte
1071 1713 1419 1795 Michaele,
1464 1739 1547 1780 ne
1590 1718 1900 1781 instituta
1943 1718 2251 1783 omnium

83 1828 552 1918 disciplinarum
599 1829 820 1926 studia
850 1830 1322 1909 desererentur,
1359 1830 1589 1898 Guido
1622 1830 1967 1912 Suzarius,
1996 1831 2252 1918 jurium

87 1942 386 2032 professor
424 1945 825 2013 clarissimus
894 1947 981 2013 ad
1048 1945 1422 2013 docendum
1493 1947 1891 2027 conductus,
1956 1971 2025 2014 se
2094 1971 2254 2014 cum

85 2060 447 2131 haeredibus
475 2067 611 2130 suis
641 2064 828 2153 Regii
859 2068 1073 2131 civem
1095 2062 1454 2166 futurum,
1503 2078 1573 2130 et
1616 2063 1792 2154 leges
1833 2068 1906 2131 in
1949 2064 2256 2154 Regiensi

88 2183 401 2266 gymnasio
443 2193 762 2270 perpetuo
795 2180 1312 2269 explicaturum,
1346 2184 1541 2247 tactis
1573 2181 1801 2250 osculo
1836 2194 1905 2249 et
1940 2185 2257 2251 manibus

91 2298 417 2385 scripturis,
461 2300 530 2363 in
579 2297 1079 2383 curiajuravit.
1124 2296 1372 2364 Contra
1415 2302 1544 2388 ipsi
1588 2298 2253 2390 Respublicaoquan-

95 2425 217 2477 tum
256 2415 386 2501 agri
440 2413 657 2479 tribus
723 2413 933 2480 boum
1000 2414 1172 2502 jugis
1240 2417 1406 2480 arari
1473 2429 1689 2503 posset
1755 2415 1781 2503 (
1815 2427 1942 2482 tres
1986 2416 2257 2483 Mausos

97 2528 202 2616 ipsi
240 2527 711 2617 appellabant)
743 2532 812 2596 in
841 2529 1179 2619 Agger-um
1214 2553 1384 2618 pago
1419 2532 1717 2612 tradidit,
1747 2554 1887 2596 una
1920 2544 2259 2620 praeterea

95 2665 169 2706 ex
207 2643 556 2711 moletr'inis
599 2631 887 2712 civitatis
920 2668 1124 2734 quam
1171 2644 1493 2734 elegisset,
1540 2646 1758 2712 eidem
1806 2669 2141 2725 concessa,
2188 2658 2259 2711 et

99 2761 213 2847 ipse
264 2785 439 2842 eam,
485 2786 664 2852 quae
731 2762 908 2852 apud
954 2762 1237 2832 Sanctae
1284 2762 1531 2829 Crucis·
1568 2764 1836 2830 Portam
1906 2773 2087 2844 erat,
2130 2763 2260 2829 si'bi

99 2881 343 2964 optavit.
367 2880 584 2947 Paetis
615 2903 999 2969 expressum
1051 2894 1195 2946 erat
1238 2904 1321 2945 ne
1368 2879 1533 2945 alibi
1566 2903 1772 2969 quam
1808 2880 1996 2969 Regii
2043 2892 2262 2970 posset

100 2990 234 3074 jura
271 2993 567 3081 profiteri,
615 2995 796 3085 quod
839 2998 891 3061 si
940 2993 1116 3063 forte
1145 2994 1498 3060 Mantuam
1518 3045 1537 3075 ,
1569 2994 1677 3061 vel
1708 2993 1792 3059 ad
1824 3018 2042 3084 regem
2074 2996 2260 3084 Apu·
2293 3078 2297 3083 ,

100 3105 216 3173 liae
252 3108 584 3192 Carolum,
630 3109 828 3201 quod'
881 3111 1098 3179 solum
1162 3111 1678 3191 concedebatur,
1724 3133 1792 3178 se
1837 3112 2259 3193 contulisset,

103 3247 250 3312 quae
303 3224 636 3317 receperat
695 3228 781 3293 ad
828 3227 1338 3318 Rempublicam
1392 3240 1876 3295 reverterentur
1911 3229 2011 3295 (²).
2058 3230 2259 3296 Hunc

105 3339 327 3409 Mutina
367 3345 728 3412 oriundum
758 3344 1140 3411 Gulielmus
1169 3346 1513 3412 Durantus
1558 3345 1727 3413 falso
1779 3347 2139 3413 arbitratur
2157 3345 2252 3414 (3).

107 3457 178 3523 At
209 3460 477 3535 Ioannes
521 3462 789 3528 Andrae
835 3461 1258 3550 Regiensem·,
1326 3462 1438 3528 sed
1469 3515 1475 3522 ,
1505 3462 1687 3551 quod
1754 3464 1824 3528 in
1894 3463 2259 3530 Mutinensi
2352 3455 2357 3459 ⁴

108 3573 426 3644 Academia
481 3578 816 3658 docuerit,
881 3578 1325 3646 Mutinensem
1377 3578 1725 3645 -creditum
1793 3577 1993 3646 fuisse
2061 3592 2261 3646 autu-

111 3691 338 3761 natm.
385 3692 532 3784 Ego
574 3693 767 3762 velut
810 3718 847 3759 a
895 3692 1167 3761 Suzaria
1212 3694 1452 3784 oppido
1502 3695 1861 3763 oriundum
1904 3695 2259 3763 Suzarium

169 3921 238 3994 (r)
267 3925 384 3979 Cor.
416 3927 476 3980 in
510 3928 728 3981 secunda
761 3936 918 3997 parte.
1215 3971 1220 3980 .

169 4016 237 4078 (a)
265 4018 323 4068 Iu
355 4028 537 4074 nostro
569 4021 961 4089 chartophilatio
993 4021 1049 4072 in
1085 4022 1178 4073 lib.
1213 4037 1395 4090 magno
1431 4037 1532 4072 car.
1570 4020 1661 4073 301
1701 4028 1752 4073 st
1787 4021 1927 4073 306.-

172 4107 240 4175 (3)
270 4109 405 4179 Spes.
436 4115 492 4164 in
527 4113 609 4165 tit.
642 4115 705 4166 de
738 4114 994 4167 advocatis
1028 4117 1066 4182 ς.
1105 4133 1207 4183 seq.
1241 4115 1299 4165 in
1332 4132 1438 4168 ver.
1471 4131 1580 4166 non
1615 4131 1748 4182 ergo.

173 4199 243 4270 (4)
273 4203 420 4258 Joau.
454 4206 593 4262 And.
627 4206 687 4261 in
722 4210 836 4263 add.
869 4210 933 4262 ad
970 4226 1099 4284 spec.
1130 4210 1189 4260 in
1225 4210 1335 4264 loco
1367 4207 1641 4277 praedicta·
