<?xml version="1.0" encoding="UTF-8"?>
<!DOCTYPE html PUBLIC "-//W3C//DTD XHTML 1.0 Transitional//EN"
    "http://www.w3.org/TR/xhtml1/DTD/xhtml1-transitional.dtd">
<html xmlns="http://www.w3.org/1999/xhtml" xml:lang="en" lang="en">
 <head>
  <title>
</title>
<meta http-equiv="Content-Type" content="text/html;charset=utf-8" />
  <meta name='ocr-system' content='tesseract 3.04.00' />
  <meta name='ocr-capabilities' content='ocr_page ocr_carea ocr_par ocr_line ocrx_word'/>
</head>
<body>
  <div class='ocr_page' id='page_1' title='image "./rerumhistoricar00unkngoog_0226.png"; bbox 0 0 2950 5017; ppageno 0'>
   <div class='ocr_carea' id='block_1_1' title="bbox 679 396 2113 481">
    <p class='ocr_par' dir='ltr' id='par_1_1' title="bbox 679 396 2113 481">
     <span class='ocr_line' id='line_1_1' title="bbox 679 396 2113 481; baseline -0.007 -16"><span class='ocrx_word' id='word_1_1' title='bbox 679 396 814 481; x_wconf 69' lang='lat'><strong>214</strong></span> <span class='ocrx_word' id='word_1_2' title='bbox 1416 410 1653 457; x_wconf 71' lang='lat' dir='ltr'><strong>annun</strong></span> <span class='ocrx_word' id='word_1_3' title='bbox 1695 410 2113 458; x_wconf 68' lang='lat' dir='ltr'><strong>ateramum</strong></span> 
     </span>
    </p>
   </div>
   <div class='ocr_carea' id='block_1_2' title="bbox 668 526 2876 3987">
    <p class='ocr_par' dir='ltr' id='par_1_2' title="bbox 673 526 2876 741">
     <span class='ocr_line' id='line_1_2' title="bbox 675 526 2876 625; baseline -0.005 -21"><span class='ocrx_word' id='word_1_4' title='bbox 675 540 982 625; x_wconf 62' lang='lat' dir='ltr'><strong>rimquae</strong></span> <span class='ocrx_word' id='word_1_5' title='bbox 1025 528 1193 600; x_wconf 79' lang='lat' dir='ltr'><strong>festo</strong></span> <span class='ocrx_word' id='word_1_6' title='bbox 1222 529 1330 597; x_wconf 81' lang='lat' dir='ltr'><strong>die</strong></span> <span class='ocrx_word' id='word_1_7' title='bbox 1359 544 1654 620; x_wconf 86' lang='lat' dir='ltr'><strong>peracto,</strong></span> <span class='ocrx_word' id='word_1_8' title='bbox 1691 529 2000 599; x_wconf 81' lang='lat' dir='ltr'><strong>omnibus</strong></span> <span class='ocrx_word' id='word_1_9' title='bbox 2041 531 2111 596; x_wconf 89' lang='lat' dir='ltr'><strong>in</strong></span> <span class='ocrx_word' id='word_1_10' title='bbox 2159 526 2313 595; x_wconf 85' lang='lat' dir='ltr'><strong>aula</strong></span> <span class='ocrx_word' id='word_1_11' title='bbox 2357 530 2536 595; x_wconf 78' lang='lat' dir='ltr'><strong>vesci</strong></span> <span class='ocrx_word' id='word_1_12' title='bbox 2579 527 2876 596; x_wconf 78' lang='lat' dir='ltr'><strong>volenti·</strong></span> 
     </span>
     <span class='ocr_line' id='line_1_3' title="bbox 673 645 1505 741; baseline -0.008 -19"><span class='ocrx_word' id='word_1_13' title='bbox 673 652 803 722; x_wconf 77' lang='lat' dir='ltr'><strong>bus</strong></span> <span class='ocrx_word' id='word_1_14' title='bbox 846 647 1123 741; x_wconf 88' lang='lat' dir='ltr'><strong>epulum</strong></span> <span class='ocrx_word' id='word_1_15' title='bbox 1167 645 1505 715; x_wconf 74' lang='lat' dir='ltr'><strong>exhibuit.</strong></span> 
     </span>
    </p>

    <p class='ocr_par' dir='ltr' id='par_1_3' title="bbox 668 758 2876 3987">
     <span class='ocr_line' id='line_1_4' title="bbox 808 758 2875 847; baseline -0.004 -10"><span class='ocrx_word' id='word_1_16' title='bbox 808 769 1083 836; x_wconf 78' lang='lat' dir='ltr'><strong><em>Interea</em></strong></span> <span class='ocrx_word' id='word_1_17' title='bbox 1123 765 1412 833; x_wconf 79' lang='lat' dir='ltr'><strong>Parmae</strong></span> <span class='ocrx_word' id='word_1_18' title='bbox 1455 760 1840 831; x_wconf 69' lang='lat' dir='ltr'><strong>Sawitales</strong></span> <span class='ocrx_word' id='word_1_19' title='bbox 1884 785 2035 830; x_wconf 81' lang='lat' dir='ltr'><strong>cum</strong></span> <span class='ocrx_word' id='word_1_20' title='bbox 2077 765 2413 847; x_wconf 77' lang='lat' dir='ltr'><em>antistite,</em></span> <span class='ocrx_word' id='word_1_21' title='bbox 2456 775 2528 831; x_wconf 82' lang='lat' dir='ltr'><strong>et</strong></span> <span class='ocrx_word' id='word_1_22' title='bbox 2563 758 2875 829; x_wconf 77' lang='lat' dir='ltr'><strong>Mamm</strong></span> 
     </span>
     <span class='ocr_line' id='line_1_5' title="bbox 674 877 2867 968; baseline -0.005 -15"><span class='ocrx_word' id='word_1_23' title='bbox 674 888 812 954; x_wconf 68' lang='lat' dir='ltr'><strong>divi</strong></span> <span class='ocrx_word' id='word_1_24' title='bbox 851 883 1142 964; x_wconf 72' lang='lat' dir='ltr'><strong>Ioannis</strong></span> <span class='ocrx_word' id='word_1_25' title='bbox 1186 878 1406 949; x_wconf 80' lang='lat' dir='ltr'><strong>Abate</strong></span> <span class='ocrx_word' id='word_1_26' title='bbox 1456 883 1692 968; x_wconf 74' lang='lat' dir='ltr'><strong>patria</strong></span> <span class='ocrx_word' id='word_1_27' title='bbox 1736 880 1939 966; x_wconf 77' lang='lat' dir='ltr'><strong>ejecti</strong></span> <span class='ocrx_word' id='word_1_28' title='bbox 1980 877 2380 966; x_wconf 71' lang='lat' dir='ltr'><strong>capr-iocum</strong></span> <span class='ocrx_word' id='word_1_29' title='bbox 2425 891 2496 945; x_wconf 79' lang='lat' dir='ltr'><strong>et</strong></span> <span class='ocrx_word' id='word_1_30' title='bbox 2539 877 2867 945; x_wconf 75' lang='lat' dir='ltr'><strong>Guarda-</strong></span> 
     </span>
     <span class='ocr_line' id='line_1_6' title="bbox 672 991 2876 1088; baseline -0.005 -18"><span class='ocrx_word' id='word_1_31' title='bbox 672 1022 901 1070; x_wconf 78' lang='lat' dir='ltr'><strong>sonem</strong></span> <span class='ocrx_word' id='word_1_32' title='bbox 946 1009 1361 1088; x_wconf 81' lang='lat' dir='ltr'><strong>occuparunt</strong></span> <span class='ocrx_word' id='word_1_33' title='bbox 1371 1043 1400 1079; x_wconf 92' lang='lat'><strong>,</strong></span> <span class='ocrx_word' id='word_1_34' title='bbox 1445 1008 1515 1062; x_wconf 82' lang='lat' dir='ltr'><strong>et</strong></span> <span class='ocrx_word' id='word_1_35' title='bbox 1557 991 1855 1061; x_wconf 76' lang='lat' dir='ltr'><strong>Atestim‘</strong></span> <span class='ocrx_word' id='word_1_36' title='bbox 1897 995 2155 1061; x_wconf 71' lang='lat' dir='ltr'><strong>auxilio</strong></span> <span class='ocrx_word' id='word_1_37' title='bbox 2219 1015 2371 1060; x_wconf 79' lang='lat' dir='ltr'><strong>cum</strong></span> <span class='ocrx_word' id='word_1_38' title='bbox 2429 992 2697 1059; x_wconf 77' lang='lat' dir='ltr'><strong>civibus</strong></span> <span class='ocrx_word' id='word_1_39' title='bbox 2743 991 2876 1059; x_wconf 77' lang='lat' dir='ltr'><strong>bel·</strong></span> 
     </span>
     <span class='ocr_line' id='line_1_7' title="bbox 672 1105 2869 1203; baseline -0.005 -19"><span class='ocrx_word' id='word_1_40' title='bbox 672 1117 812 1184; x_wconf 84' lang='lat' dir='ltr'><strong>lum</strong></span> <span class='ocrx_word' id='word_1_41' title='bbox 851 1126 1219 1203; x_wconf 78' lang='lat' dir='ltr'><strong>gesserunt.</strong></span> <span class='ocrx_word' id='word_1_42' title='bbox 1265 1112 1508 1179; x_wconf 81' lang='lat' dir='ltr'><strong>Actius</strong></span> <span class='ocrx_word' id='word_1_43' title='bbox 1554 1131 1705 1177; x_wconf 81' lang='lat' dir='ltr'><strong>vero</strong></span> <span class='ocrx_word' id='word_1_44' title='bbox 1748 1106 2168 1177; x_wconf 77' lang='lat' dir='ltr'><strong>restituendis</strong></span> <span class='ocrx_word' id='word_1_45' title='bbox 2195 1106 2618 1196; x_wconf 85' lang='lat' dir='ltr'><strong>Regiensiurn</strong></span> <span class='ocrx_word' id='word_1_46' title='bbox 2667 1105 2869 1173; x_wconf 80' lang='lat' dir='ltr'><strong>rebus</strong></span> 
     </span>
     <span class='ocr_line' id='line_1_8' title="bbox 673 1221 2869 1314; baseline -0.004 -16"><span class='ocrx_word' id='word_1_47' title='bbox 673 1233 974 1298; x_wconf 84' lang='lat' dir='ltr'><strong>animum</strong></span> <span class='ocrx_word' id='word_1_48' title='bbox 1019 1228 1336 1312; x_wconf 79' lang='lat' dir='ltr'><strong>adjiciens</strong></span> <span class='ocrx_word' id='word_1_49' title='bbox 1387 1246 1588 1314; x_wconf 86' lang='lat' dir='ltr'><strong>opera</strong></span> <span class='ocrx_word' id='word_1_50' title='bbox 1652 1222 1949 1291; x_wconf 85' lang='lat' dir='ltr'><strong>militum</strong></span> <span class='ocrx_word' id='word_1_51' title='bbox 1968 1274 1988 1304; x_wconf 97' lang='lat'><strong>,</strong></span> <span class='ocrx_word' id='word_1_52' title='bbox 2053 1225 2174 1313; x_wconf 88' lang='lat' dir='ltr'><strong>qui</strong></span> <span class='ocrx_word' id='word_1_53' title='bbox 2240 1221 2649 1312; x_wconf 83' lang='lat' dir='ltr'><strong>reipublicae</strong></span> <span class='ocrx_word' id='word_1_54' title='bbox 2723 1245 2869 1289; x_wconf 76' lang='lat' dir='ltr'><strong>aere</strong></span> 
     </span>
     <span class='ocr_line' id='line_1_9' title="bbox 669 1335 2872 1430; baseline -0.003 -16"><span class='ocrx_word' id='word_1_55' title='bbox 669 1345 1039 1424; x_wconf 85' lang='lat' dir='ltr'><strong>merebant,</strong></span> <span class='ocrx_word' id='word_1_56' title='bbox 1080 1342 1420 1411; x_wconf 80' lang='lat' dir='ltr'><strong>Bazanum</strong></span> <span class='ocrx_word' id='word_1_57' title='bbox 1464 1339 1843 1421; x_wconf 81' lang='lat' dir='ltr'><strong>castellum,</strong></span> <span class='ocrx_word' id='word_1_58' title='bbox 1885 1340 2067 1430; x_wconf 88' lang='lat' dir='ltr'><strong>quod</strong></span> <span class='ocrx_word' id='word_1_59' title='bbox 2110 1339 2572 1409; x_wconf 84' lang='lat' dir='ltr'><strong>seditiosorum</strong></span> <span class='ocrx_word' id='word_1_60' title='bbox 2622 1335 2872 1407; x_wconf 83' lang='lat' dir='ltr'><strong>factio-</strong></span> 
     </span>
     <span class='ocr_line' id='line_1_10' title="bbox 668 1453 2871 1546; baseline -0.005 -15"><span class='ocrx_word' id='word_1_61' title='bbox 668 1463 870 1531; x_wconf 85' lang='lat' dir='ltr'><strong>nibus</strong></span> <span class='ocrx_word' id='word_1_62' title='bbox 935 1470 1133 1528; x_wconf 83' lang='lat' dir='ltr'><strong>antea</strong></span> <span class='ocrx_word' id='word_1_63' title='bbox 1196 1479 1497 1527; x_wconf 79' lang='lat' dir='ltr'><strong>eversum</strong></span> <span class='ocrx_word' id='word_1_64' title='bbox 1541 1453 1793 1538; x_wconf 79' lang='lat' dir='ltr'><strong>fuerat,</strong></span> <span class='ocrx_word' id='word_1_65' title='bbox 1840 1460 2164 1525; x_wconf 71' lang='lat' dir='ltr'><strong>restituit.</strong></span> <span class='ocrx_word' id='word_1_66' title='bbox 2210 1457 2520 1546; x_wconf 87' lang='lat' dir='ltr'><strong>Denique</strong></span> <span class='ocrx_word' id='word_1_67' title='bbox 2562 1455 2721 1522; x_wconf 82' lang='lat' dir='ltr'><strong>aliis</strong></span> <span class='ocrx_word' id='word_1_68' title='bbox 2766 1479 2871 1522; x_wconf 82' lang='lat' dir='ltr'><strong>ca-</strong></span> 
     </span>
     <span class='ocr_line' id='line_1_11' title="bbox 670 1569 2875 1661; baseline -0.005 -14"><span class='ocrx_word' id='word_1_69' title='bbox 670 1576 879 1647; x_wconf 79' lang='lat' dir='ltr'><strong>stellis</strong></span> <span class='ocrx_word' id='word_1_70' title='bbox 921 1573 1261 1644; x_wconf 82' lang='lat' dir='ltr'><strong>nobilibus</strong></span> <span class='ocrx_word' id='word_1_71' title='bbox 1304 1572 1571 1640; x_wconf 83' lang='lat' dir='ltr'><strong>civibus</strong></span> <span class='ocrx_word' id='word_1_72' title='bbox 1625 1571 1984 1661; x_wconf 83' lang='lat' dir='ltr'><strong>ademptis,</strong></span> <span class='ocrx_word' id='word_1_73' title='bbox 2028 1571 2241 1641; x_wconf 81' lang='lat' dir='ltr'><strong>solam</strong></span> <span class='ocrx_word' id='word_1_74' title='bbox 2283 1572 2648 1642; x_wconf 80' lang='lat' dir='ltr'><strong>Rossenam</strong></span> <span class='ocrx_word' id='word_1_75' title='bbox 2701 1569 2875 1637; x_wconf 87' lang='lat' dir='ltr'><strong>Gui-</strong></span> 
     </span>
     <span class='ocr_line' id='line_1_12' title="bbox 670 1686 2872 1780; baseline -0.003 -18"><span class='ocrx_word' id='word_1_76' title='bbox 670 1694 828 1762; x_wconf 85' lang='lat' dir='ltr'><strong>doni</strong></span> <span class='ocrx_word' id='word_1_77' title='bbox 873 1691 1168 1780; x_wconf 81' lang='lat' dir='ltr'><strong>Corrigio</strong></span> <span class='ocrx_word' id='word_1_78' title='bbox 1213 1688 1511 1778; x_wconf 86' lang='lat' dir='ltr'><strong>reliquit.</strong></span> <span class='ocrx_word' id='word_1_79' title='bbox 1555 1687 1935 1755; x_wconf 78' lang='lat' dir='ltr'><strong>Matthaeus</strong></span> <span class='ocrx_word' id='word_1_80' title='bbox 1979 1709 2166 1768; x_wconf 79' lang='lat' dir='ltr'><strong>vero,</strong></span> <span class='ocrx_word' id='word_1_81' title='bbox 2208 1686 2613 1768; x_wconf 87' lang='lat' dir='ltr'><strong>Bartolinus,</strong></span> <span class='ocrx_word' id='word_1_82' title='bbox 2662 1687 2872 1755; x_wconf 88' lang='lat' dir='ltr'><strong>Nico-</strong></span> 
     </span>
     <span class='ocr_line' id='line_1_13' title="bbox 671 1801 2870 1898; baseline -0.004 -23"><span class='ocrx_word' id='word_1_83' title='bbox 671 1808 956 1898; x_wconf 84' lang='lat' dir='ltr'><strong>lausque</strong></span> <span class='ocrx_word' id='word_1_84' title='bbox 1003 1804 1306 1875; x_wconf 87' lang='lat' dir='ltr'><strong>Folleani</strong></span> <span class='ocrx_word' id='word_1_85' title='bbox 1350 1801 1618 1884; x_wconf 86' lang='lat' dir='ltr'><strong>fratres,</strong></span> <span class='ocrx_word' id='word_1_86' title='bbox 1662 1815 1732 1869; x_wconf 89' lang='lat' dir='ltr'><strong>et</strong></span> <span class='ocrx_word' id='word_1_87' title='bbox 1773 1802 2000 1871; x_wconf 84' lang='lat' dir='ltr'><strong>Guido</strong></span> <span class='ocrx_word' id='word_1_88' title='bbox 2046 1801 2532 1892; x_wconf 84' lang='lat' dir='ltr'><strong>Tripolitanus,</strong></span> <span class='ocrx_word' id='word_1_89' title='bbox 2561 1805 2689 1891; x_wconf 88' lang='lat' dir='ltr'><strong>qui</strong></span> <span class='ocrx_word' id='word_1_90' title='bbox 2718 1801 2870 1868; x_wconf 82' lang='lat' dir='ltr'><strong>Mu·</strong></span> 
     </span>
     <span class='ocr_line' id='line_1_14' title="bbox 673 1916 2870 2007; baseline -0.004 -16"><span class='ocrx_word' id='word_1_91' title='bbox 673 1927 855 1991; x_wconf 88' lang='lat' dir='ltr'><strong>tinae</strong></span> <span class='ocrx_word' id='word_1_92' title='bbox 910 1920 1481 1999; x_wconf 76' lang='lat' dir='ltr'><strong>custodiebantur,</strong></span> <span class='ocrx_word' id='word_1_93' title='bbox 1525 1917 1810 1986; x_wconf 85' lang='lat' dir='ltr'><strong>effractis</strong></span> <span class='ocrx_word' id='word_1_94' title='bbox 1854 1919 2222 1986; x_wconf 74' lang='lat' dir='ltr'><strong>carceribus</strong></span> <span class='ocrx_word' id='word_1_95' title='bbox 2291 1916 2632 2007; x_wconf 85' lang='lat' dir='ltr'><strong>fugerunt.</strong></span> <span class='ocrx_word' id='word_1_96' title='bbox 2686 1917 2870 1983; x_wconf 77' lang='lat' dir='ltr'><strong>Mat-</strong></span> 
     </span>
     <span class='ocr_line' id='line_1_15' title="bbox 672 2035 2871 2127; baseline -0.003 -21"><span class='ocrx_word' id='word_1_97' title='bbox 672 2039 907 2106; x_wconf 83' lang='lat' dir='ltr'><strong>thaeus</strong></span> <span class='ocrx_word' id='word_1_98' title='bbox 951 2060 1189 2127; x_wconf 85' lang='lat' dir='ltr'><strong>magna</strong></span> <span class='ocrx_word' id='word_1_99' title='bbox 1232 2035 1555 2104; x_wconf 88' lang='lat' dir='ltr'><strong>clientum</strong></span> <span class='ocrx_word' id='word_1_100' title='bbox 1600 2039 2098 2125; x_wconf 80' lang='lat' dir='ltr'><strong>amicorumque</strong></span> <span class='ocrx_word' id='word_1_101' title='bbox 2144 2058 2351 2105; x_wconf 87' lang='lat' dir='ltr'><strong>manu</strong></span> <span class='ocrx_word' id='word_1_102' title='bbox 2382 2047 2613 2102; x_wconf 85' lang='lat' dir='ltr'><strong>coacta</strong></span> <span class='ocrx_word' id='word_1_103' title='bbox 2650 2035 2871 2117; x_wconf 87' lang='lat' dir='ltr'><strong>Quer-</strong></span> 
     </span>
     <span class='ocr_line' id='line_1_16' title="bbox 671 2151 2869 2244; baseline -0.003 -20"><span class='ocrx_word' id='word_1_104' title='bbox 671 2155 950 2237; x_wconf 89' lang='lat' dir='ltr'><strong>ciolam,</strong></span> <span class='ocrx_word' id='word_1_105' title='bbox 993 2177 1201 2244; x_wconf 86' lang='lat' dir='ltr'><strong>quam</strong></span> <span class='ocrx_word' id='word_1_106' title='bbox 1242 2156 1615 2221; x_wconf 80' lang='lat' dir='ltr'><strong>etiamnum</strong></span> <span class='ocrx_word' id='word_1_107' title='bbox 1682 2152 1830 2239; x_wconf 85' lang='lat' dir='ltr'><strong>ejus</strong></span> <span class='ocrx_word' id='word_1_108' title='bbox 1899 2156 2142 2242; x_wconf 85' lang='lat' dir='ltr'><strong>posteri</strong></span> <span class='ocrx_word' id='word_1_109' title='bbox 2204 2163 2464 2231; x_wconf 87' lang='lat' dir='ltr'><strong>tenent,</strong></span> <span class='ocrx_word' id='word_1_110' title='bbox 2506 2151 2869 2239; x_wconf 86' lang='lat' dir='ltr'><strong>Piagnam,</strong></span> 
     </span>
     <span class='ocr_line' id='line_1_17' title="bbox 669 2267 2866 2350; baseline -0.003 -11"><span class='ocrx_word' id='word_1_111' title='bbox 669 2271 1188 2350; x_wconf 86' lang='lat' dir='ltr'><strong>Rondanariam,</strong></span> <span class='ocrx_word' id='word_1_112' title='bbox 1233 2271 1682 2350; x_wconf 86' lang='lat' dir='ltr'><strong>Livitianum,</strong></span> <span class='ocrx_word' id='word_1_113' title='bbox 1726 2282 1796 2336; x_wconf 89' lang='lat' dir='ltr'><strong>et</strong></span> <span class='ocrx_word' id='word_1_114' title='bbox 1843 2268 2167 2337; x_wconf 87' lang='lat' dir='ltr'><strong>Sanctum</strong></span> <span class='ocrx_word' id='word_1_115' title='bbox 2213 2267 2688 2347; x_wconf 78' lang='lat' dir='ltr'><strong>Valentinum,</strong></span> <span class='ocrx_word' id='word_1_116' title='bbox 2744 2268 2866 2333; x_wconf 83' lang='lat' dir='ltr'><strong>uhi</strong></span> 
     </span>
     <span class='ocr_line' id='line_1_18' title="bbox 673 2382 2866 2474; baseline -0.004 -18"><span class='ocrx_word' id='word_1_117' title='bbox 673 2387 835 2456; x_wconf 87' lang='lat' dir='ltr'><strong>olim</strong></span> <span class='ocrx_word' id='word_1_118' title='bbox 865 2385 1218 2474; x_wconf 82' lang='lat' dir='ltr'><strong>Timberga</strong></span> <span class='ocrx_word' id='word_1_119' title='bbox 1263 2382 1516 2465; x_wconf 85' lang='lat' dir='ltr'><strong>fuerat,</strong></span> <span class='ocrx_word' id='word_1_120' title='bbox 1564 2387 1948 2473; x_wconf 80' lang='lat' dir='ltr'><strong>occupavit.</strong></span> <span class='ocrx_word' id='word_1_121' title='bbox 1993 2383 2226 2453; x_wconf 87' lang='lat' dir='ltr'><strong>Rodeii</strong></span> <span class='ocrx_word' id='word_1_122' title='bbox 2267 2407 2533 2474; x_wconf 87' lang='lat' dir='ltr'><strong>quoque</strong></span> <span class='ocrx_word' id='word_1_123' title='bbox 2577 2386 2866 2472; x_wconf 80' lang='lat' dir='ltr'><strong>insignes</strong></span> 
     </span>
     <span class='ocr_line' id='line_1_19' title="bbox 670 2500 2867 2590; baseline -0.003 -21"><span class='ocrx_word' id='word_1_124' title='bbox 670 2500 970 2590; x_wconf 87' lang='lat' dir='ltr'><strong>Guelphi</strong></span> <span class='ocrx_word' id='word_1_125' title='bbox 1014 2502 1300 2569; x_wconf 86' lang='lat' dir='ltr'><strong>nominis</strong></span> <span class='ocrx_word' id='word_1_126' title='bbox 1345 2512 1859 2589; x_wconf 74' lang='lat' dir='ltr'><strong>propugnatores</strong></span> <span class='ocrx_word' id='word_1_127' title='bbox 1897 2524 2030 2568; x_wconf 90' lang='lat' dir='ltr'><strong>non</strong></span> <span class='ocrx_word' id='word_1_128' title='bbox 2078 2502 2305 2590; x_wconf 91' lang='lat' dir='ltr'><strong>paucis</strong></span> <span class='ocrx_word' id='word_1_129' title='bbox 2352 2512 2420 2566; x_wconf 90' lang='lat' dir='ltr'><strong>et</strong></span> <span class='ocrx_word' id='word_1_130' title='bbox 2464 2501 2590 2587; x_wconf 89' lang='lat' dir='ltr'><strong>ipsi</strong></span> <span class='ocrx_word' id='word_1_131' title='bbox 2629 2501 2867 2567; x_wconf 82' lang='lat' dir='ltr'><strong>castris</strong></span> 
     </span>
     <span class='ocr_line' id='line_1_20' title="bbox 669 2613 2868 2708; baseline -0.003 -23"><span class='ocrx_word' id='word_1_132' title='bbox 669 2629 829 2685; x_wconf 89' lang='lat' dir='ltr'><strong>sunt</strong></span> <span class='ocrx_word' id='word_1_133' title='bbox 895 2618 1121 2708; x_wconf 86' lang='lat' dir='ltr'><strong>potiti.</strong></span> <span class='ocrx_word' id='word_1_134' title='bbox 1168 2613 1392 2685; x_wconf 85' lang='lat' dir='ltr'><strong>Guido</strong></span> <span class='ocrx_word' id='word_1_135' title='bbox 1435 2618 1601 2682; x_wconf 85' lang='lat' dir='ltr'><strong>item</strong></span> <span class='ocrx_word' id='word_1_136' title='bbox 1644 2615 2142 2705; x_wconf 74' lang='lat' dir='ltr'><strong>Tripolitanae,</strong></span> <span class='ocrx_word' id='word_1_137' title='bbox 2199 2617 2468 2683; x_wconf 87' lang='lat' dir='ltr'><strong>nomine</strong></span> <span class='ocrx_word' id='word_1_138' title='bbox 2530 2614 2868 2680; x_wconf 86' lang='lat' dir='ltr'><strong>libertatis</strong></span> 
     </span>
     <span class='ocr_line' id='line_1_21' title="bbox 671 2730 2860 2822; baseline -0.002 -22"><span class='ocrx_word' id='word_1_139' title='bbox 671 2731 1115 2822; x_wconf 84' lang='lat' dir='ltr'><strong>recipiendae,</strong></span> <span class='ocrx_word' id='word_1_140' title='bbox 1159 2731 1435 2801; x_wconf 86' lang='lat' dir='ltr'><strong>Parmae</strong></span> <span class='ocrx_word' id='word_1_141' title='bbox 1489 2733 1815 2800; x_wconf 87' lang='lat' dir='ltr'><strong>sociorum</strong></span> <span class='ocrx_word' id='word_1_142' title='bbox 1861 2730 2112 2798; x_wconf 84' lang='lat' dir='ltr'><strong>auxilio</strong></span> <span class='ocrx_word' id='word_1_143' title='bbox 2154 2733 2450 2796; x_wconf 81' lang='lat' dir='ltr'><strong>exercitu</strong></span> <span class='ocrx_word' id='word_1_144' title='bbox 2508 2740 2860 2796; x_wconf 76' lang='lat' dir='ltr'><strong>contracto</strong></span> 
     </span>
     <span class='ocr_line' id='line_1_22' title="bbox 668 2844 2865 2937; baseline -0.002 -20"><span class='ocrx_word' id='word_1_145' title='bbox 668 2848 928 2917; x_wconf 84' lang='lat' dir='ltr'><strong>bellum</strong></span> <span class='ocrx_word' id='word_1_146' title='bbox 972 2849 1295 2937; x_wconf 82' lang='lat' dir='ltr'><strong>Atestinis</strong></span> <span class='ocrx_word' id='word_1_147' title='bbox 1356 2844 1596 2916; x_wconf 85' lang='lat' dir='ltr'><strong>inferre</strong></span> <span class='ocrx_word' id='word_1_148' title='bbox 1654 2849 1902 2937; x_wconf 85' lang='lat' dir='ltr'><strong>coepit.</strong></span> <span class='ocrx_word' id='word_1_149' title='bbox 1972 2846 2084 2914; x_wconf 80' lang='lat' dir='ltr'><strong>Ab</strong></span> <span class='ocrx_word' id='word_1_150' title='bbox 2151 2846 2284 2913; x_wconf 88' lang='lat' dir='ltr'><strong>alia</strong></span> <span class='ocrx_word' id='word_1_151' title='bbox 2348 2859 2534 2936; x_wconf 86' lang='lat' dir='ltr'><strong>parte</strong></span> <span class='ocrx_word' id='word_1_152' title='bbox 2595 2844 2865 2912; x_wconf 79' lang='lat' dir='ltr'><strong>decimo</strong></span> 
     </span>
     <span class='ocr_line' id='line_1_23' title="bbox 672 2962 2864 3051; baseline -0.003 -17"><span class='ocrx_word' id='word_1_153' title='bbox 672 2969 870 3036; x_wconf 88' lang='lat' dir='ltr'><strong>tertio</strong></span> <span class='ocrx_word' id='word_1_154' title='bbox 915 2967 981 3033; x_wconf 80' lang='lat'><strong>(¹)</strong></span> <span class='ocrx_word' id='word_1_155' title='bbox 1035 2964 1342 3035; x_wconf 79' lang='lat' dir='ltr'><strong>calendas</strong></span> <span class='ocrx_word' id='word_1_156' title='bbox 1406 2964 1626 3051; x_wconf 77' lang='lat' dir='ltr'><strong>junias</strong></span> <span class='ocrx_word' id='word_1_157' title='bbox 1679 2967 2061 3035; x_wconf 79' lang='lat' dir='ltr'><strong>Franciscus</strong></span> <span class='ocrx_word' id='word_1_158' title='bbox 2124 2977 2193 3029; x_wconf 89' lang='lat' dir='ltr'><strong>et</strong></span> <span class='ocrx_word' id='word_1_159' title='bbox 2243 2962 2520 3031; x_wconf 83' lang='lat' dir='ltr'><strong>Obicius</strong></span> <span class='ocrx_word' id='word_1_160' title='bbox 2563 2963 2864 3029; x_wconf 87' lang='lat' dir='ltr'><strong>Ascherii</strong></span> 
     </span>
     <span class='ocr_line' id='line_1_24' title="bbox 670 3078 2859 3175; baseline -0.002 -26"><span class='ocrx_word' id='word_1_161' title='bbox 670 3081 1166 3175; x_wconf 82' lang='lat' dir='ltr'><strong>Bartholomaei</strong></span> <span class='ocrx_word' id='word_1_162' title='bbox 1211 3105 1250 3148; x_wconf 85' lang='lat' dir='ltr'><strong>a</strong></span> <span class='ocrx_word' id='word_1_163' title='bbox 1294 3081 1529 3149; x_wconf 83' lang='lat' dir='ltr'><strong>Monte</strong></span> <span class='ocrx_word' id='word_1_164' title='bbox 1585 3080 1798 3149; x_wconf 86' lang='lat' dir='ltr'><strong>Bobio</strong></span> <span class='ocrx_word' id='word_1_165' title='bbox 1863 3081 2058 3149; x_wconf 84' lang='lat' dir='ltr'><strong>liberi</strong></span> <span class='ocrx_word' id='word_1_166' title='bbox 2125 3078 2527 3149; x_wconf 86' lang='lat' dir='ltr'><strong>clientorum</strong></span> <span class='ocrx_word' id='word_1_167' title='bbox 2573 3102 2700 3167; x_wconf 84' lang='lat' dir='ltr'><strong>ope</strong></span> <span class='ocrx_word' id='word_1_168' title='bbox 2745 3102 2859 3168; x_wconf 88' lang='lat' dir='ltr'><strong>pa-</strong></span> 
     </span>
     <span class='ocr_line' id='line_1_25' title="bbox 669 3193 2856 3267; baseline -0.002 -2"><span class='ocrx_word' id='word_1_169' title='bbox 669 3211 935 3266; x_wconf 88' lang='lat' dir='ltr'><strong>ternum</strong></span> <span class='ocrx_word' id='word_1_170' title='bbox 977 3197 1231 3267; x_wconf 67' lang='lat' dir='ltr'><strong>,Montis</strong></span> <span class='ocrx_word' id='word_1_171' title='bbox 1275 3196 1470 3265; x_wconf 86' lang='lat' dir='ltr'><strong>Bobii</strong></span> <span class='ocrx_word' id='word_1_172' title='bbox 1524 3196 1879 3265; x_wconf 81' lang='lat' dir='ltr'><strong>castellum</strong></span> <span class='ocrx_word' id='word_1_173' title='bbox 1935 3201 2338 3267; x_wconf 84' lang='lat' dir='ltr'><strong>invaserunt.</strong></span> <span class='ocrx_word' id='word_1_174' title='bbox 2383 3193 2772 3264; x_wconf 85' lang='lat' dir='ltr'><strong>Manfredus</strong></span> <span class='ocrx_word' id='word_1_175' title='bbox 2817 3218 2856 3261; x_wconf 85' lang='lat' dir='ltr'><strong>a</strong></span> 
     </span>
     <span class='ocr_line' id='line_1_26' title="bbox 670 3311 2853 3402; baseline -0.002 -21"><span class='ocrx_word' id='word_1_176' title='bbox 670 3313 955 3393; x_wconf 85' lang='lat' dir='ltr'><strong>Saxolo,</strong></span> <span class='ocrx_word' id='word_1_177' title='bbox 1000 3315 1119 3402; x_wconf 79' lang='lat' dir='ltr'><strong>‘lui</strong></span> <span class='ocrx_word' id='word_1_178' title='bbox 1166 3323 1327 3380; x_wconf 84' lang='lat' dir='ltr'><strong>tunc</strong></span> <span class='ocrx_word' id='word_1_179' title='bbox 1372 3313 1460 3378; x_wconf 85' lang='lat' dir='ltr'><strong>ab</strong></span> <span class='ocrx_word' id='word_1_180' title='bbox 1504 3313 1699 3380; x_wconf 86' lang='lat' dir='ltr'><strong>Actio</strong></span> <span class='ocrx_word' id='word_1_181' title='bbox 1759 3314 1910 3379; x_wconf 85' lang='lat' dir='ltr'><strong>urbi</strong></span> <span class='ocrx_word' id='word_1_182' title='bbox 1979 3312 2347 3402; x_wconf 71' lang='lat' dir='ltr'><strong>praefectus</strong></span> <span class='ocrx_word' id='word_1_183' title='bbox 2394 3311 2646 3392; x_wconf 84' lang='lat' dir='ltr'><strong>fuerat,</strong></span> <span class='ocrx_word' id='word_1_184' title='bbox 2692 3311 2853 3378; x_wconf 83' lang='lat' dir='ltr'><strong>facti</strong></span> 
     </span>
     <span class='ocr_line' id='line_1_27' title="bbox 675 3425 2851 3516; baseline 0 -22"><span class='ocrx_word' id='word_1_185' title='bbox 675 3432 775 3495; x_wconf 88' lang='lat' dir='ltr'><strong>ira</strong></span> <span class='ocrx_word' id='word_1_186' title='bbox 821 3451 1172 3508; x_wconf 89' lang='lat' dir='ltr'><strong>accensus,</strong></span> <span class='ocrx_word' id='word_1_187' title='bbox 1214 3427 1337 3494; x_wconf 84' lang='lat' dir='ltr'><strong>uhi</strong></span> <span class='ocrx_word' id='word_1_188' title='bbox 1384 3430 1452 3495; x_wconf 91' lang='lat' dir='ltr'><strong>in</strong></span> <span class='ocrx_word' id='word_1_189' title='bbox 1499 3430 1672 3516; x_wconf 83' lang='lat' dir='ltr'><strong>ipsos</strong></span> <span class='ocrx_word' id='word_1_190' title='bbox 1724 3425 2027 3496; x_wconf 83' lang='lat' dir='ltr'><strong>facinoris</strong></span> <span class='ocrx_word' id='word_1_191' title='bbox 2088 3445 2383 3499; x_wconf 79' lang='lat' dir='ltr'><strong>auctores</strong></span> <span class='ocrx_word' id='word_1_192' title='bbox 2426 3433 2680 3496; x_wconf 84' lang='lat' dir='ltr'><strong>saevire</strong></span> <span class='ocrx_word' id='word_1_193' title='bbox 2723 3453 2851 3496; x_wconf 86' lang='lat' dir='ltr'><strong>non</strong></span> 
     </span>
     <span class='ocr_line' id='line_1_28' title="bbox 671 3544 2851 3637; baseline -0.001 -24"><span class='ocrx_word' id='word_1_194' title='bbox 671 3548 924 3637; x_wconf 88' lang='lat' dir='ltr'><strong>potuit,</strong></span> <span class='ocrx_word' id='word_1_195' title='bbox 978 3547 1297 3612; x_wconf 87' lang='lat' dir='ltr'><strong>miserum</strong></span> <span class='ocrx_word' id='word_1_196' title='bbox 1352 3556 1692 3632; x_wconf 88' lang='lat' dir='ltr'><strong>parentem</strong></span> <span class='ocrx_word' id='word_1_197' title='bbox 1738 3544 2317 3614; x_wconf 85' lang='lat' dir='ltr'><strong>Bartholomaeum</strong></span> <span class='ocrx_word' id='word_1_198' title='bbox 2385 3552 2453 3613; x_wconf 90' lang='lat' dir='ltr'><strong>in</strong></span> <span class='ocrx_word' id='word_1_199' title='bbox 2526 3569 2851 3614; x_wconf 84' lang='lat' dir='ltr'><strong>carcerem</strong></span> 
     </span>
     <span class='ocr_line' id='line_1_29' title="bbox 670 3658 2850 3752; baseline -0.001 -19"><span class='ocrx_word' id='word_1_200' title='bbox 670 3663 996 3749; x_wconf 72' lang='lat' dir='ltr'><strong>conjecite</strong></span> <span class='ocrx_word' id='word_1_201' title='bbox 1045 3673 1112 3727; x_wconf 90' lang='lat' dir='ltr'><strong>et</strong></span> <span class='ocrx_word' id='word_1_202' title='bbox 1155 3683 1315 3727; x_wconf 87' lang='lat' dir='ltr'><strong>cum</strong></span> <span class='ocrx_word' id='word_1_203' title='bbox 1360 3658 1561 3739; x_wconf 76' lang='lat' dir='ltr'><strong>aliam</strong></span> <span class='ocrx_word' id='word_1_204' title='bbox 1609 3663 1965 3752; x_wconf 87' lang='lat' dir='ltr'><strong>recipiendi</strong></span> <span class='ocrx_word' id='word_1_205' title='bbox 2032 3666 2252 3731; x_wconf 86' lang='lat' dir='ltr'><strong>amissi</strong></span> <span class='ocrx_word' id='word_1_206' title='bbox 2296 3663 2424 3732; x_wconf 91' lang='lat' dir='ltr'><strong>loci</strong></span> <span class='ocrx_word' id='word_1_207' title='bbox 2470 3667 2657 3731; x_wconf 77' lang='lat' dir='ltr'><strong>viam‘</strong></span> <span class='ocrx_word' id='word_1_208' title='bbox 2721 3687 2850 3731; x_wconf 90' lang='lat' dir='ltr'><strong>non</strong></span> 
     </span>
     <span class='ocr_line' id='line_1_30' title="bbox 668 3778 2853 3858; baseline 0 -14"><span class='ocrx_word' id='word_1_209' title='bbox 668 3781 1024 3858; x_wconf 85' lang='lat' dir='ltr'><strong>inveniret,</strong></span> <span class='ocrx_word' id='word_1_210' title='bbox 1071 3781 1396 3844; x_wconf 83' lang='lat' dir='ltr'><strong>insontem</strong></span> <span class='ocrx_word' id='word_1_211' title='bbox 1442 3801 1666 3845; x_wconf 86' lang='lat' dir='ltr'><strong>senem</strong></span> <span class='ocrx_word' id='word_1_212' title='bbox 1720 3778 2018 3846; x_wconf 85' lang='lat' dir='ltr'><strong>militum</strong></span> <span class='ocrx_word' id='word_1_213' title='bbox 2064 3803 2270 3847; x_wconf 85' lang='lat' dir='ltr'><strong>manu</strong></span> <span class='ocrx_word' id='word_1_214' title='bbox 2314 3780 2726 3849; x_wconf 85' lang='lat' dir='ltr'><strong>custoditum</strong></span> <span class='ocrx_word' id='word_1_215' title='bbox 2768 3778 2853 3849; x_wconf 85' lang='lat' dir='ltr'><strong>ad</strong></span> 
     </span>
     <span class='ocr_line' id='line_1_31' title="bbox 668 3894 2848 3987; baseline 0 -25"><span class='ocrx_word' id='word_1_216' title='bbox 668 3897 1110 3986; x_wconf 85' lang='lat' dir='ltr'><strong>municipium</strong></span> <span class='ocrx_word' id='word_1_217' title='bbox 1156 3894 1463 3963; x_wconf 84' lang='lat' dir='ltr'><strong>deduxit.</strong></span> <span class='ocrx_word' id='word_1_218' title='bbox 1509 3895 1801 3962; x_wconf 85' lang='lat' dir='ltr'><strong>Stabant</strong></span> <span class='ocrx_word' id='word_1_219' title='bbox 1857 3920 1976 3987; x_wconf 90' lang='lat' dir='ltr'><strong>pro</strong></span> <span class='ocrx_word' id='word_1_220' title='bbox 2020 3898 2368 3966; x_wconf 86' lang='lat' dir='ltr'><strong>moenibus</strong></span> <span class='ocrx_word' id='word_1_221' title='bbox 2411 3897 2533 3964; x_wconf 87' lang='lat' dir='ltr'><strong>filii</strong></span> <span class='ocrx_word' id='word_1_222' title='bbox 2579 3900 2848 3975; x_wconf 86' lang='lat' dir='ltr'><strong>armati,</strong></span> 
     </span>
    </p>
   </div>
   <div class='ocr_carea' id='block_1_3' title="bbox 738 4143 1419 4214">
    <p class='ocr_par' dir='ltr' id='par_1_4' title="bbox 738 4143 1419 4214">
     <span class='ocr_line' id='line_1_32' title="bbox 738 4143 1419 4214; baseline -0.001 -18"><span class='ocrx_word' id='word_1_223' title='bbox 738 4144 821 4214; x_wconf 73' lang='lat' dir='ltr'><strong>(r)</strong></span> <span class='ocrx_word' id='word_1_224' title='bbox 851 4143 989 4197; x_wconf 77' lang='lat' dir='ltr'><strong>Idest</strong></span> <span class='ocrx_word' id='word_1_225' title='bbox 1018 4161 1119 4195; x_wconf 70' lang='lat' dir='ltr'><strong>xix</strong></span> <span class='ocrx_word' id='word_1_226' title='bbox 1150 4143 1233 4197; x_wconf 77' lang='lat' dir='ltr'><strong>die</strong></span> <span class='ocrx_word' id='word_1_227' title='bbox 1269 4143 1419 4197; x_wconf 77' lang='lat' dir='ltr'><strong>Maii.</strong></span> 
     </span>
    </p>
   </div>
  </div>
 </body>
</html>
