2950 5017
693 398 825 445 812
1426 394 1661 439 amum
1704 392 2119 439 nncmsmu

688 513 967 588 Nobiles
1010 515 1455 603 temeritatem
1516 537 1705 584 suam
1751 537 1895 584 sero
1936 521 2387 605 agnoscentes,
2430 533 2504 580 se
2550 533 2755 579 aurea
2793 509 2853 578 li·

686 636 976 716 bertate,
1005 657 1141 726 q-ua
1175 632 1292 700 diu
1333 630 1468 701 frui
1511 632 1845 713 licuisset,
1888 634 2180 723 privatos
2225 628 2421 697 fuisse
2466 627 2724 697 frustra
2759 628 2859 697 do·
2932 690 2935 713 2

684 751 955 833 lebant;
997 751 1184 843 plebs
1232 773 1420 830 vero,
1472 753 1928 840 potentiorum
1979 748 2287 838 superbia
2342 744 2648 827 offensa,
2694 769 2857 836 paea·
2933 770 2938 830 ξ

687 881 832 937 tam
873 867 1071 936 fuisse
1113 870 1454 935 civitatem
1499 866 1987 957 gratulabatur.
2033 864 2245 932 Paulo
2276 875 2427 930 ante
2458 887 2637 935 cum
2680 866 2855 929 etiam
2934 938 2938 948 .

685 984 1085 1055 veronenses
1148 1008 1412 1052 summa
1477 1006 1636 1050 eum
1706 993 2026 1071 potestate
2100 980 2490 1070 Scaligeros,
2558 980 2856 1050 Patavini
2926 1027 2938 1067 3

685 1099 1149 1181 Carrarienses,
1191 1111 1260 1166 et
1303 1099 1661 1167 Mantuani
1693 1098 2063 1166 Passerinus
2106 1097 2303 1164 rebus
2345 1096 2655 1187 puhlicis
2703 1119 2852 1186 prae-
2928 1146 2937 1181 s

684 1214 1021 1296 fecissent,
1067 1216 1339 1282 urbium
1405 1237 1675 1281 suarum
1743 1225 1813 1280 et
1878 1216 2004 1302 ipsi
2071 1210 2443 1281 libertatem
2490 1214 2851 1278 amiserant.
2922 1242 2940 1305 ⁴³3

682 1331 820 1399 Hos
861 1352 1156 1399 summos
1201 1331 1659 1419 magistratus,
1703 1351 1873 1417 quos
1915 1328 2200 1394 Romani
2248 1326 2606 1394 dictatores
2659 1325 2855 1417 appel·
2928 1384 2939 1417 4

681 1445 951 1526 labant,
994 1447 1121 1535 ipsi
1180 1458 1480 1513 materna
1538 1444 1769 1532 lingua
1814 1466 1969 1508 eum
2014 1441 2268 1530 bayllia
2311 1441 2730 1533 Capitaneos
2765 1465 2858 1510 vo·
2924 1474 2925 1477 ¹

684 1561 931 1631 cabant
958 1562 1058 1641 (ης
1089 1560 1269 1651 quod
1315 1583 1557 1628 nomen
1601 1563 1670 1626 iu
1716 1559 2052 1648 aliquibus
2098 1558 2373 1625 urbibus
2416 1562 2633 1625 etiam
2681 1558 2854 1626 hodie

684 1680 1024 1746 retinetur.
1070 1678 1164 1743 At
1201 1676 1638 1743 Bernardinus
1667 1675 1941 1743 Roscius
1974 1698 2090 1763 pro
2131 1673 2431 1742 Atestino
2458 1676 2658 1764 Regii
2689 1676 2857 1741 Prae·
2934 1734 2941 1769 3,

598 1820 606 1826 ·
684 1791 897 1861 fectus
941 1793 1028 1859 ad
1068 1792 1569 1863 instaurandam
1616 1791 1850 1857 urbem
1900 1793 2328 1858 convertitur.
2371 1791 2448 1857 In
2496 1794 2734 1880 primis
2778 1795 2856 1857 in·

684 1932 955 1977 censum
999 1909 1323 1976 Praetoris
1376 1907 1704 1996 palatium
1762 1907 2060 1996 aliasque
2109 1907 2331 1988 aedes,
2375 1919 2444 1973 et
2487 1908 2657 1977 Divi
2702 1909 2857 1974 Petri
2922 1956 2941 2009 ,ἷ-

686 2036 913 2114 portae
955 2022 1245 2089 dirutam
1290 2026 1529 2090 turrim
1572 2026 1643 2090 in
1693 2045 1831 2112 qua
1900 2035 2031 2089 tres
2101 2045 2448 2111 campanas
2494 2024 2858 2112 suspendit,
2926 2024 2943 2111 ί

686 2161 927 2228 magna
970 2136 1309 2204 eeleritate
1351 2138 1667 2204 restituit.
1712 2136 2224 2205 Munitissimam
2270 2149 2609 2226 praeterea
2656 2162 2857 2205 arcem
2930 2118 2943 2201 Γ.

689 2257 810 2323 ubi
856 2258 925 2322 in
969 2255 1292 2345 praesidio
1339 2254 1583 2321 milites
1625 2254 1898 2321 haberet
1917 2305 1937 2335 ,
1980 2255 2161 2345 quod
2219 2257 2491 2322 amissae
2545 2255 2858 2323 libertatis
2936 2314 2943 2321 .

688 2374 1122 2440 certissimum
1188 2371 1502 2461 praebuit
1557 2383 2060 2460 argumentum,
2105 2394 2346 2460 magno
2388 2371 2608 2441 studio
2655 2369 2859 2439 aedifi·
2938 2430 2943 2445 ,

689 2491 887 2557 eavit.
932 2487 1034 2556 Eo
1080 2488 1275 2559 modo
1317 2488 1739 2578 Regiensium
1785 2513 2002 2556 rerum
2042 2488 2317 2558 Obicius
2363 2489 2709 2557 Atestinus
2751 2513 2858 2578 po-
2934 2486 2935 2519 ³

692 2608 883 2686 titus,
912 2603 1250 2672 Gulielmo
1296 2628 1336 2671 a
1379 2604 1590 2672 Bobio
1638 2616 1895 2672 nostrae
1941 2604 2121 2670 urbis
2167 2609 2470 2693 episeopo
2516 2603 2862 2684 declarato,
2928 2640 2945 2699 ἒ

693 2724 869 2791 dves
897 2722 1173 2790 Alberto
1218 2719 1574 2811 Scaliger-o,
1624 2725 1822 2810 cujus
1853 2723 2075 2807 filiam
2105 2722 2564 2789 Constantiam
2592 2744 2867 2787 uxorem
2942 2808 2945 2815 ι

692 2841 998 2923 duxerat,
1043 2850 1110 2905 et
1156 2838 1534 2906 Pinamonti
1579 2838 1994 2917 Bonaeossio,
2042 2837 2322 2928 aliisque
2365 2838 2664 2907 hostibus
2709 2861 2864 2904 eon·
2930 2816 2937 2933 Ξ

697 2955 981 3024 ciliavit.
1027 2957 1245 3037 Quare
1312 2957 1589 3022 vetustis
1657 2954 1931 3021 dissidiis
1991 2954 2314 3035 sublatis,
2366 2953 2859 3021 saluberrimum

694 3071 847 3138 urbi
888 3068 1023 3137 fuit
1067 3095 1106 3136 a
1148 3071 1450 3158 Principe
1488 3072 1709 3160 potius
1740 3074 1898 3158 regi,
1927 3093 2134 3159 quam
2166 3073 2239 3136 in
2271 3073 2630 3159 perniciosa
2672 3069 2859 3135 liber·

698 3198 840 3254 tate
883 3188 1138 3265 vexari,
1182 3187 1303 3252 etsi
1347 3186 1644 3276 plerique
1688 3187 1872 3275 quod
1916 3186 2112 3253 dulce
2166 3185 2572 3277 reipublicae
2626 3209 2856 3253 nomen
2942 3184 2943 3217 ³

697 3303 1024 3371 videretur
1072 3314 1316 3371 temere
1373 3306 1759 3393 impositam
1818 3307 2204 3371 servitutem
2251 3303 2672 3372 vehementer
2713 3327 2859 3392 que-

697 3417 1043 3485 rebantur.
1109 3416 1242 3484 Sed
1308 3417 1584 3485 Obieius
1649 3442 1783 3486 non
1849 3418 1968 3486 diu
2043 3422 2451 3508 supervixit,
2516 3421 2637 3508 qui
2703 3441 2860 3485 anno

698 3536 934 3601 aetatis
976 3557 1131 3601 suae
1173 3534 1669 3627 quadragesimo
1738 3545 1961 3616 sexto,
2016 3547 2165 3624 post
2231 3559 2483 3603 annum
2538 3535 2856 3601 decimum

695 3655 1048 3743 quintum,
1077 3676 1283 3742 quam
1325 3654 1660 3720 Ferrariae
1706 3655 2028 3742 imperare
2074 3666 2408 3741 coeperat,
2440 3677 2618 3721 nono
2663 3650 2860 3718 calen-

694 3767 819 3837 das
869 3771 1136 3836 martias
1197 3792 1369 3837 anno
1430 3790 1707 3845 Mooxou
1751 3767 2059 3835 decessit.
2105 3767 2260 3836 Post
2304 3791 2460 3835 eum
2498 3768 2730 3835 Aetius
2770 3763 2859 3830 VI

702 3905 788 3948 ex
851 3882 1101 3960 Jacoba
1166 3884 1384 3951 Flisca
1451 3884 1722 3951 Adriani
1792 3883 1857 3951 V
1924 3881 2256 3952 Pontifieis
2322 3883 2606 3951 Maximi
2678 3890 2860 3970 nepte

768 4128 850 4197 (¹)
880 4128 1065 4185 Bloud.
1097 4132 1180 4184 ub.
1212 4149 1321 4203 sup.
