2950 5017
639 381 776 468 418
1097 357 1105 364 ⁸
1397 395 1640 442 anaim
1682 394 2108 442 ateramum

640 529 846 591 venta
910 518 1008 586 ibi
1074 518 1313 608 viginti
1378 515 1638 603 majora
1704 538 1910 610 aenea
1976 524 2311 584 tormenta
2364 512 2882 609 Montisconius

638 641 859 731 primo
887 636 1200 727 Regium,
1245 646 1478 725 postea
1524 634 1609 700 ad
1641 632 1998 702 Gallorum
2042 607 2259 700 castra
2301 632 2700 700 transtulit.
2752 630 2879 698 Sed

638 779 803 824 cum
870 778 992 822 arx
1056 756 1124 821 in
1170 752 1372 832 Julii
1382 751 1517 820 fide
1561 754 2053 842 permansisset,
2099 752 2379 841 Hispani
2421 774 2596 817 cum
2653 750 2882 819 Ponti·

641 870 810 939 ficiis
841 871 1180 939 Bononiae
1225 872 1489 937 moenia
1533 891 1776 959 magna
1820 870 1890 937 vi
1933 859 2207 958 quatere
2252 878 2662 957 coeperunt.
2708 865 2880 934 Alle-

638 990 780 1081 grio
824 987 1074 1055 Gallici
1119 987 1427 1078 praesidii
1471 983 1843 1077 praefecto,
1873 988 1995 1077 qui
2039 1009 2230 1075 aegre
2272 988 2634 1075 impetum
2685 987 2877 1051 susti-

639 1106 886 1185 nebat,
932 1105 1144 1173 Gasto
1191 1105 1520 1173 Foisseius
1565 1087 1653 1170 ex
1696 1125 1915 1172 sorore
1957 1102 2285 1171 Ludovici
2339 1106 2505 1191 regis
2556 1104 2869 1192 genitus,

638 1235 710 1288 et
751 1218 1004 1288 Gallici
1049 1223 1383 1290 exercitus
1449 1221 1813 1310 imperator
1833 1269 1852 1300 ,
1899 1219 2186 1312 Regium
2255 1221 2532 1286 veniens
2610 1229 2873 1285 mature

639 1338 919 1408 obsessis
970 1360 1172 1428 opem
1227 1336 1414 1404 tulit.
1460 1335 1764 1416 Exinde,
1810 1334 2094 1404 liberata
2138 1336 2467 1416 Bononia,
2510 1334 2699 1401 dum
2747 1334 2874 1401 Bri-

639 1458 828 1522 xiam
874 1454 1146 1522 Venetis
1196 1455 1286 1521 ab
1330 1452 1606 1544 Aloysio
1640 1452 1998 1523 Advocato
2066 1453 2399 1543 proditam
2457 1464 2872 1549 recepturus

638 1574 998 1640 revertitur
1041 1594 1363 1662 magnum
1410 1572 1485 1638 in
1528 1573 1779 1639 civium
1826 1570 2103 1638 aedibus
2147 1582 2492 1660 susceptus
2547 1568 2723 1635 urbi
2782 1572 2877 1635 in-

643 1688 1078 1757 commodum
1135 1688 1416 1768 attulit3
1474 1699 1546 1755 et
1596 1689 1723 1755 nisi
1776 1687 2164 1777 Regienses,
2219 1675 2485 1755 moenia
2534 1684 2875 1753 custodire

638 1805 831 1893 jussi,
861 1806 1403 1896 Aquitano'rum,
1434 1807 1554 1896 qui
1594 1808 1767 1873 arcis
1812 1804 2137 1894 praesidio
2183 1815 2406 1885 erant,
2438 1801 2873 1893 petulantem

641 1920 1072 1990 insolentiam
1116 1923 1605 2012 repressment,
1651 1944 1784 1988 non
1840 1923 2038 2011 pauci
2101 1943 2260 1988 cum
2314 1919 2511 1987 bonis
2567 1922 2652 1986 in
2701 1922 2870 1987 vitae

643 2039 998 2118 discrimen
1055 2041 1420 2108 venissent.
1476 2036 1867 2128 Alphonsus
1936 2062 2092 2106 vero
2158 2038 2520 2105 submersis
2601 2028 2867 2128 trigiam

643 2155 1063 2225 Venetorum
1126 2155 1509 2223 triremibus
1570 2159 1892 2245 insignem
1960 2158 2314 2224 victoriam
2384 2154 2638 2222 retulit
2668 2180 2689 2222 ε
2744 2156 2867 2221 Lu-

641 2296 805 2340 cum
851 2285 1229 2364 praeterea,
1274 2285 1346 2340 et
1388 2272 1996 2363 Bagnacavallum,
2040 2297 2173 2343 non
2220 2272 2547 2362 ignobilia
2601 2276 2678 2342 iu
2724 2270 2863 2338 Fla-

642 2392 855 2458 minia
899 2389 1201 2471 castella,
1230 2393 1433 2480 cepit.
1497 2390 1744 2459 Hector
1766 2457 1771 2468 ⁴
1796 2413 2075 2481 quoque
2107 2388 2421 2480 Sacratus
2452 2389 2668 2479 Regii
2691 2411 2864 2478 prae-

643 2505 862 2573 fectus
906 2507 1285 2598 Carporum
1329 2506 1591 2598 oppidi,
1638 2506 1823 2597 quod
1876 2530 1996 2597 pro
2050 2506 2330 2606 dimidia
2374 2518 2570 2597 parte
2622 2506 2718 2572 ab
2760 2503 2863 2572 Al-

642 2624 835 2693 berto
890 2624 1016 2692 Pio
1067 2601 1459 2713 Alpbonsus
1513 2637 1800 2705 emerat,
1855 2626 2321 2714 possessionem
2386 2601 2643 2692 tenuit.
2691 2622 2864 2688 Inter

642 2740 767 2810 hos
813 2752 1036 2809 motus
1079 2740 1296 2831 pridie
1337 2759 1551 2809 nonas
1593 2720 1984 2831 septembris
2041 2739 2470 2810 admirandae
2524 2740 2864 2830 magnitu-

641 2856 817 2924 dinis
862 2853 1156 2926 cometes
1198 2856 1573 2924 incredibili
1618 2856 1961 2924 celeritate
2026 2870 2100 2923 et
2166 2842 2518 2946 splendore
2590 2855 2861 2926 evolans

641 2972 945 3072 homines
991 2974 1290 3042 maxime
1332 2974 1683 3044 exterruit.
1742 2972 2065 3042 Pavorem
2114 2976 2309 3039 auxit
2350 2985 2550 3041 nocte
2600 2985 2862 3040 secutus

630 3090 1005 3164 ‘horrendus
1050 3104 1404 3161 ventorum
1452 3091 1925 3181 grandinisque
1968 3088 2212 3180 fragor,
2258 3103 2328 3158 et
2374 3089 2710 3160 terrificus
2739 3089 2859 3156 ful-

641 3230 888 3297 gurum
945 3220 1015 3273 et
1069 3212 1446 3277 tonitruum
1503 3210 1834 3299 impetus,
1878 3211 1994 3298 qui
2042 3208 2227 3299 quod
2281 3207 2473 3275 aedes
2516 3208 2858 3286 ditaturus

648 3324 1058 3404 crederetur,
1104 3323 1407 3394 homines
1466 3328 1734 3393 veniam
1802 3348 1845 3391 a
1893 3325 2040 3393 Deo
2083 3325 2473 3420 suppliciter
2516 3325 2856 3415 petebant.

643 3440 744 3507 At
786 3441 1147 3521 Foisseius,
1195 3452 1471 3509 cruento
1514 3464 1685 3508 cum.
1722 3442 2005 3514 Venetis
2061 3445 2412 3512 commisso
2463 3441 2753 3531 praelio,
2790 3444 2853 3507 in

642 3579 781 3647 quo
825 3557 1177 3625 duodecim
1224 3557 1442 3626 millia
1486 3561 1787 3627 virorum
1831 3559 2225 3627 desiderata.
2255 3557 2460 3628 fuisse
2504 3560 2850 3638 dicuntur,

545 3667 558 3672 ⁶
641 3678 951 3742 amissam
1020 3674 1319 3742 Brixiam
1389 3678 1677 3767 recepit,
1743 3700 1825 3743 ac
1887 3680 2121 3760 statim
2188 3676 2272 3743 ad
2338 3676 2850 3768 oppugnandam

557 3805 560 3806 ’
638 3790 1031 3860 Ravennam
1061 3847 1070 3856 s
1100 3792 1473 3862 contendit.
1533 3792 1926 3884 Alphonsus
1982 3794 2238 3875 Bastia,
2312 3794 2460 3878 ubi*
2496 3797 2573 3862 in
2640 3793 2850 3883 capite

638 3906 889 3976 vulnus
951 3914 1210 4000 accepit
1233 3961 1253 3990 ,
1298 3923 1727 4004 expugnata,
1764 3934 1912 3980 eam
1958 3911 2196 3979 urbem
2242 3913 2497 3980 victore
2555 3912 2847 3980 exercitu

639 4036 746 4091 est
788 4027 1136 4115 ingressus.
1168 4027 1333 4094 Arci
1360 4051 1541 4110 vero,
1571 4052 1746 4119 quae
1792 4042 1975 4098 arcta
2019 4027 2357 4097 obsidione
2403 4030 2845 4120 premebatur,

636 4133 985 4212 Fabricius
1016 4139 1352 4214 Columna
1397 4168 1594 4237 opem
1637 4144 1904 4215 laturus
1943 4147 2153 4216 venit.
2198 4145 2307 4214 Ibi
2352 4168 2584 4238 aspera
2629 4164 2842 4239 pugna
