2950 5017
954 447 961 456 .
985 417 1185 468 usna
1230 421 1530 470 eor-Avus
2208 409 2350 476 521:

64 540 345 608 etium
385 539 709 610 ducentos
751 542 1084 632 operarios
1130 541 1407 611 totidem
1466 538 1653 629 juliis
1694 544 1990 611 nummis
2032 541 2118 611 ad
2162 568 2346 614 com..

68 653 512 747 planandam
535 655 905 745 major-ibus
930 660 1278 728 tormentis
1313 659 1475 728 vias⁸
1501 656 1995 728 conduxerunt.
2023 659 2206 728 Cum
2231 683 2346 729 ea-

72 771 346 843 lendis
387 777 612 845 martii
655 774 1102 844 discessissent
1145 800 1282 845 non
1327 774 1550 847 multo
1595 788 1749 867 post
1777 777 1847 844 (¹)
1889 777 2183 847 Feltrius
2211 777 2347 848 Ve-

72 902 455 961 netas-um-
488 895 835 985 copiarum
877 895 1235 986 imperator
1278 915 1437 963 cum
1481 893 1835 965 duodecim
1881 894 2186 964 millibus
2229 919 2345 987 pe·

74 1008 385 1092 ditum,
426 1024 706 1082 centum
748 1015 1240 1104 quinquaginta
1284 1011 1755 1104 cataphractis,
1797 1024 1868 1080 et
1916 1013 2343 1105 undeviginti

85 1126 503 1215 majoribus
570 1132 918 1199 tormentis
969 1130 1379 1199 Borbon'ium
1444 1141 1717 1198 secutus
1784 1129 1871 1197 ad
1931 1128 2346 1201 Valverdum

86 1245 430 1315 divertit.
476 1244 563 1315 Ei
606 1248 1009 1336 conjunctus
1054 1260 1198 1317 erat
1240 1246 1495 1316 Paulus
1540 1243 2134 1317 Manfronus‘cum
2179 1271 2349 1340 qua-

92 1361 503 1453 dringentis
531 1363 801 1433 levioris
831 1375 1212 1432 armaturae
1241 1364 1610 1456 equitibus,
1638 1376 1710 1433 et
1737 1363 2008 1456 septem'
2036 1357 2350 1455 peditum

92 1479 550 1563 cohortibus,
595 1485 719 1573 qui
762 1485 978 1551 omnis
1044 1485 1303 1573 generis
1368 1494 1752 1551 commeatu
1812 1481 2082 1551 abunde
2128 1482 2348 1571 adjuti

96 1602 552 1690 recreatique
596 1622 712 1690 per
755 1598 1011 1668 Casalis
1054 1611 1129 1667 et
1170 1599 1552 1667 Castellacii
1595 1597 1794 1669 villas
1846 1599 1934 1667 ad
1995 1598 2070 1668 S.
2116 1600 2351 1670 Marti·-

98 1738 294 1784 num
320 1770 342 1799 ,
388 1728 460 1784 et
502 1717 946 1798 Faustinum,
995 1716 1520 1807 impedientibus
1580 1718 1709 1785 iter
1759 1716 2068 1799 nivibus,
2107 1740 2179 1785 se
2232 1739 2349 1808 per

102 1831 403 1923 aliquot
444 1832 585 1901 dies
629 1830 1034 1901 effuderunt.
1080 1832 1219 1901 Alii
1263 1836 1336 1901 in
1381 1835 1681 1925 Argiuis,
1725 1830 1954 1916 Sessii,
1998 1832 2350 1924 Ripaltae,

105 1949 443 2020 Folleani
462 2001 484 2032 ,
524 1962 597 2018 et
637 1952 961 2041 proximis
1005 1949 1186 2018 villis
1230 1973 1301 2018 se
1342 1953 1855 2033 continuerunt,
1882 1962 1966 2018 ut
1993 1949 2350 2021 Gallorum

109 2069 350 2157 copiis
395 2066 742 2137 commode
771 2067 920 2155 conj
930 2070 1111 2136 uncti
1141 2089 1299 2134 cum
1331 2067 1742 2136 Caesarianis
1784 2078 2123 2135 certamen
2167 2046 2352 2144 com-,-

114 2186 508 2251 mitterent.
553 2184 853 2251 Demum
920 2207 1079 2250 cum
1145 2194 1302 2252 octo
1364 2184 1702 2252 mensium
1765 2184 1940 2251 inter
1997 2180 2350 2262 Caesarem

118 2300 559 2392 Gallumque
604 2314 676 2369 et
717 2300 1111 2372 Pontificem
1163 2313 1401 2392 pactae
1460 2301 1773 2370 induciae
1832 2300 2115 2369 fuissent
2130 2351 2151 2383 ,
2200 2300 2352 2369 Fel-

118 2422 304 2487 trius
351 2419 651 2489 collectis
694 2423 870 2488 vasis
921 2443 1166 2512 magno
1216 2442 1375 2488 cum
1418 2420 1850 2512 Regiensium
1911 2418 2349 2490 ‘incommodo

120 2536 498 2605 Brixillum
543 2561 615 2605 se
660 2540 1012 2608 convertit.

270 2655 399 2723 His
444 2653 639 2723 malis
685 2658 981 2739 accessit,
1025 2656 1210 2748 quod
1254 2659 1379 2725 etsi
1425 2668 1615 2724 tanta
1679 2654 1822 2725 vini
1887 2653 2080 2744 copia
2147 2649 2352 2720 fuerit

124 2782 213 2838 ut
260 2771 483 2839 tribus
527 2772 783 2841 assibus
826 2772 1430 2842 Mediolanensibus
1473 2794 1650 2841 uvae
1706 2772 1983 2861 congius
2025 2763 2352 2838 distrahe·

128 2899 361 2969 retur,
425 2890 497 2955 in
566 2912 807 2979 magna
875 2901 1103 2957 tamen
1169 2888 1494 2957 frumenti
1546 2888 1859 2969 caritate,
1912 2885 2189 2977 plurimi
2229 2887 2352 2954 vix

128 3008 395 3072 semina
440 3003 749 3097 colligere
794 3018 1186 3097 potuerunt.
1231 3006 1616 3075 Laborante
1665 3006 1871 3095 igitur
1912 3004 2184 3071 civitate
2234 3025 2354 3069 an-

130 3144 356 3204 nona,
397 3146 557 3190 cum
602 3122 755 3214 plus
807 3121 994 3191 mille
1048 3125 1354 3192 sextariis
1410 3121 1734 3190 frumenti
1786 3118 2067 3212 singulis
2112 3117 2354 3196 diebus

132 3238 204 3303 in
249 3236 497 3309 alendo
540 3241 843 3307 exercitu
903 3241 1381 3320 insumeretur,
1440 3259 1766 3329 pauperes
1827 3235 1912 3304 ad
1979 3247 2349 3303 extremam

132 3351 498 3446 egestatem
543 3356 865 3425 deductos
924 3355 1282 3447 glandibus
1346 3366 1421 3423 et
1485 3357 1759 3424 asininis
1809 3353 2122 3423 carnibus
2172 3354 2354 3423 vesci

141 3494 408 3540 necesse
451 3471 621 3556 fuit,
666 3469 1219 3563 frumentumque
1260 3494 1476 3566 usque
1523 3471 1609 3539 ad
1653 3470 1823 3540 duos
1865 3494 2100 3540 aureos
2154 3492 2354 3538 num-

142 3610 296 3660 mos
322 3613 480 3660 cum
509 3589 791 3658 dimidio
833 3592 904 3658 in
948 3587 1243 3680 singulos
1285 3591 1609 3659 sextarios
1638 3601 1893 3658 nostros
1938 3601 2042 3655 est
2080 3586 2355 3654 distrac-

145 3716 323 3774 tum.
368 3706 530 3777 Post
579 3705 830 3776 famem
874 3707 1117 3799 Carpi,
1159 3708 1499 3777 Ferrariae
1562 3717 1640 3774 et
1701 3702 2080 3771 Scandianiv
2123 3713 2353 3769 secuta

144 3825 348 3910 pestis
411 3845 573 3890 cum
636 3823 742 3891 bis
807 3813 972 3893 locis
1035 3825 1512 3892 commercium
1579 3817 1961 3912 prohibuit,
2027 3816 2353 3908 Regiique

140 3937 661 4031 supplicationes
701 3938 787 4008 ad
830 3939 1131 4008 divinam
1173 3942 1345 4008 iram
1388 3934 1822 4008 avertendam
1882 3933 2156 4003 habitae
2200 3930 2356 4001 fue-

218 4185 460 4258 (⁸)1’o·t
492 4187 721 4261 quinque
753 4188 881 4248 ‹¹1⁸⁸-
