<?xml version="1.0" encoding="UTF-8"?>
<!DOCTYPE html PUBLIC "-//W3C//DTD XHTML 1.0 Transitional//EN"
    "http://www.w3.org/TR/xhtml1/DTD/xhtml1-transitional.dtd">
<html xmlns="http://www.w3.org/1999/xhtml" xml:lang="en" lang="en">
 <head>
  <title>
</title>
<meta http-equiv="Content-Type" content="text/html;charset=utf-8" />
  <meta name='ocr-system' content='tesseract 3.04.00' />
  <meta name='ocr-capabilities' content='ocr_page ocr_carea ocr_par ocr_line ocrx_word'/>
</head>
<body>
  <div class='ocr_page' id='page_1' title='image "./rerumhistoricar00unkngoog_0441.png"; bbox 0 0 2950 5017; ppageno 0'>
   <div class='ocr_carea' id='block_1_1' title="bbox 974 421 2323 508">
    <p class='ocr_par' dir='ltr' id='par_1_1' title="bbox 974 421 2323 508">
     <span class='ocr_line' id='line_1_1' title="bbox 974 421 2323 508; baseline 0.004 -29"><span class='ocrx_word' id='word_1_1' title='bbox 974 433 1172 480; x_wconf 69' lang='lat' dir='ltr'><strong>traua</strong></span> <span class='ocrx_word' id='word_1_2' title='bbox 1220 435 1467 482; x_wconf 70' lang='lat' dir='ltr'><strong>snmus</strong></span> <span class='ocrx_word' id='word_1_3' title='bbox 2187 421 2323 508; x_wconf 75' lang='lat'><strong>419</strong></span> 
     </span>
    </p>
   </div>
   <div class='ocr_carea' id='block_1_2' title="bbox 31 552 2329 4032">
    <p class='ocr_par' dir='ltr' id='par_1_2' title="bbox 31 552 2326 2864">
     <span class='ocr_line' id='line_1_2' title="bbox 31 552 2326 647; baseline 0.002 -24"><span class='ocrx_word' id='word_1_4' title='bbox 31 554 325 637; x_wconf 78' lang='lat' dir='ltr'><strong>edita,</strong></span> <span class='ocrx_word' id='word_1_5' title='bbox 367 555 528 623; x_wconf 85' lang='lat' dir='ltr'><strong>&#39;cum</strong></span> <span class='ocrx_word' id='word_1_6' title='bbox 572 552 946 647; x_wconf 67' lang='lat' dir='ltr'><strong>Alpheum,</strong></span> <span class='ocrx_word' id='word_1_7' title='bbox 991 567 1072 621; x_wconf 86' lang='lat' dir='ltr'><strong>ut</strong></span> <span class='ocrx_word' id='word_1_8' title='bbox 1115 578 1308 624; x_wconf 89' lang='lat' dir='ltr'><strong>casus</strong></span> <span class='ocrx_word' id='word_1_9' title='bbox 1354 553 1556 637; x_wconf 86' lang='lat' dir='ltr'><strong>tulit,</strong></span> <span class='ocrx_word' id='word_1_10' title='bbox 1602 552 1688 622; x_wconf 91' lang='lat' dir='ltr'><strong>ad</strong></span> <span class='ocrx_word' id='word_1_11' title='bbox 1729 554 2084 647; x_wconf 84' lang='lat' dir='ltr'><strong>singulare·</strong></span> <span class='ocrx_word' id='word_1_12' title='bbox 2110 568 2326 628; x_wconf 81' lang='lat' dir='ltr'><strong>certa·</strong></span> 
     </span>
     <span class='ocr_line' id='line_1_3' title="bbox 32 670 2320 763; baseline 0 -23"><span class='ocrx_word' id='word_1_13' title='bbox 32 696 248 741; x_wconf 80' lang='lat' dir='ltr'><strong>men</strong></span> <span class='ocrx_word' id='word_1_14' title='bbox 318 670 687 741; x_wconf 82' lang='lat' dir='ltr'><strong>descendit.</strong></span> <span class='ocrx_word' id='word_1_15' title='bbox 742 670 1098 740; x_wconf 63' lang='lat' dir='ltr'><strong>Perti-actis</strong></span> <span class='ocrx_word' id='word_1_16' title='bbox 1164 671 1371 741; x_wconf 84' lang='lat' dir='ltr'><strong>hastis</strong></span> <span class='ocrx_word' id='word_1_17' title='bbox 1394 676 1442 754; x_wconf 84' lang='lat'><strong>,&#39;</strong></span> <span class='ocrx_word' id='word_1_18' title='bbox 1484 674 1704 763; x_wconf 86' lang='lat' dir='ltr'><strong>primo</strong></span> <span class='ocrx_word' id='word_1_19' title='bbox 1774 670 1995 740; x_wconf 82' lang='lat' dir='ltr'><strong>ferreis</strong></span> <span class='ocrx_word' id='word_1_20' title='bbox 2063 673 2277 744; x_wconf 86' lang='lat' dir='ltr'><strong>clavis</strong></span> <span class='ocrx_word' id='word_1_21' title='bbox 2300 725 2320 754; x_wconf 91' lang='lat'><strong>,</strong></span> 
     </span>
     <span class='ocr_line' id='line_1_4' title="bbox 37 789 2317 880; baseline 0.001 -25"><span class='ocrx_word' id='word_1_22' title='bbox 37 789 344 858; x_wconf 80' lang='lat' dir='ltr'><strong>deinde</strong></span> <span class='ocrx_word' id='word_1_23' title='bbox 393 789 662 858; x_wconf 76' lang='lat' dir='ltr'>ensibus</span> <span class='ocrx_word' id='word_1_24' title='bbox 728 792 866 879; x_wconf 86' lang='lat' dir='ltr'><strong>geri</strong></span> <span class='ocrx_word' id='word_1_25' title='bbox 937 810 1040 857; x_wconf 82' lang='lat' dir='ltr'><strong>res</strong></span> <span class='ocrx_word' id='word_1_26' title='bbox 1107 792 1348 880; x_wconf 80' lang='lat' dir='ltr'><strong>coepit.</strong></span> <span class='ocrx_word' id='word_1_27' title='bbox 1404 790 1715 874; x_wconf 84' lang='lat' dir='ltr'><strong>Quatuor</strong></span> <span class='ocrx_word' id='word_1_28' title='bbox 1759 792 2093 862; x_wconf 88' lang='lat' dir='ltr'><strong>continuis</strong></span> <span class='ocrx_word' id='word_1_29' title='bbox 2141 790 2317 859; x_wconf 90' lang='lat' dir='ltr'><strong>horis</strong></span> 
     </span>
     <span class='ocr_line' id='line_1_5' title="bbox 35 907 2317 999; baseline 0.002 -26"><span class='ocrx_word' id='word_1_30' title='bbox 35 907 305 976; x_wconf 82' lang='lat' dir='ltr'><strong>duces</strong></span> <span class='ocrx_word' id='word_1_31' title='bbox 349 909 520 999; x_wconf 88' lang='lat' dir='ltr'><strong>ipsi,</strong></span> <span class='ocrx_word' id='word_1_32' title='bbox 565 910 878 999; x_wconf 89' lang='lat' dir='ltr'><strong>utrinque</strong></span> <span class='ocrx_word' id='word_1_33' title='bbox 921 918 1264 998; x_wconf 76' lang='lat' dir='ltr'><strong>spectante</strong></span> <span class='ocrx_word' id='word_1_34' title='bbox 1324 912 1659 989; x_wconf 83' lang='lat' dir='ltr'><strong>exercitu,</strong></span> <span class='ocrx_word' id='word_1_35' title='bbox 1704 907 1814 975; x_wconf 91' lang='lat' dir='ltr'><strong>die</strong></span> <span class='ocrx_word' id='word_1_36' title='bbox 1857 911 1977 999; x_wconf 89' lang='lat' dir='ltr'><strong>qui</strong></span> <span class='ocrx_word' id='word_1_37' title='bbox 2022 908 2317 977; x_wconf 90' lang='lat' dir='ltr'><strong>Domino</strong></span> 
     </span>
     <span class='ocr_line' id='line_1_6' title="bbox 35 1023 2319 1112; baseline 0 -22"><span class='ocrx_word' id='word_1_38' title='bbox 35 1025 517 1092; x_wconf 73' lang='lat' dir='ltr'><strong>reviviscenti</strong></span> <span class='ocrx_word' id='word_1_39' title='bbox 563 1045 745 1091; x_wconf 86' lang='lat' dir='ltr'><strong>sacer</strong></span> <span class='ocrx_word' id='word_1_40' title='bbox 790 1036 955 1103; x_wconf 88' lang='lat' dir='ltr'><strong>erat,</strong></span> <span class='ocrx_word' id='word_1_41' title='bbox 989 1036 1257 1093; x_wconf 88' lang='lat' dir='ltr'><strong>strenue</strong></span> <span class='ocrx_word' id='word_1_42' title='bbox 1285 1023 1735 1104; x_wconf 81' lang='lat' dir='ltr'><strong>dimicarunt3</strong></span> <span class='ocrx_word' id='word_1_43' title='bbox 1766 1023 1976 1093; x_wconf 88' lang='lat' dir='ltr'><strong>donec</strong></span> <span class='ocrx_word' id='word_1_44' title='bbox 2007 1048 2319 1112; x_wconf 86' lang='lat' dir='ltr'><strong>succum-</strong></span> 
     </span>
     <span class='ocr_line' id='line_1_7' title="bbox 39 1135 2320 1229; baseline 0.001 -25"><span class='ocrx_word' id='word_1_45' title='bbox 39 1137 262 1206; x_wconf 75' lang='lat' dir='ltr'><strong>bens</strong></span> <span class='ocrx_word' id='word_1_46' title='bbox 310 1137 655 1207; x_wconf 82' lang='lat' dir='ltr'><strong>Columna</strong></span> <span class='ocrx_word' id='word_1_47' title='bbox 696 1137 1005 1206; x_wconf 88' lang='lat' dir='ltr'><strong>Atestino</strong></span> <span class='ocrx_word' id='word_1_48' title='bbox 1058 1160 1128 1206; x_wconf 90' lang='lat' dir='ltr'><strong>se</strong></span> <span class='ocrx_word' id='word_1_49' title='bbox 1181 1135 1463 1205; x_wconf 76' lang='lat' dir='ltr'><strong>dedidit.</strong></span> <span class='ocrx_word' id='word_1_50' title='bbox 1534 1137 1787 1206; x_wconf 84' lang='lat' dir='ltr'><strong>Milites</strong></span> <span class='ocrx_word' id='word_1_51' title='bbox 1856 1161 2125 1229; x_wconf 86' lang='lat' dir='ltr'><strong>quoque</strong></span> <span class='ocrx_word' id='word_1_52' title='bbox 2194 1141 2320 1229; x_wconf 88' lang='lat' dir='ltr'><strong>ipsi</strong></span> 
     </span>
     <span class='ocr_line' id='line_1_8' title="bbox 44 1253 2318 1345; baseline 0.001 -24"><span class='ocrx_word' id='word_1_53' title='bbox 44 1258 314 1322; x_wconf 75' lang='lat' dir='ltr'><strong>acrius</strong></span> <span class='ocrx_word' id='word_1_54' title='bbox 353 1254 805 1324; x_wconf 85' lang='lat' dir='ltr'><strong>concurrendo</strong></span> <span class='ocrx_word' id='word_1_55' title='bbox 843 1253 1188 1324; x_wconf 85' lang='lat' dir='ltr'><strong>horridum</strong></span> <span class='ocrx_word' id='word_1_56' title='bbox 1237 1254 1568 1345; x_wconf 87' lang='lat' dir='ltr'><strong>praelium</strong></span> <span class='ocrx_word' id='word_1_57' title='bbox 1617 1267 2050 1335; x_wconf 79' lang='lat' dir='ltr'><strong>renovarunt,</strong></span> <span class='ocrx_word' id='word_1_58' title='bbox 2080 1257 2148 1322; x_wconf 88' lang='lat' dir='ltr'><strong>in</strong></span> <span class='ocrx_word' id='word_1_59' title='bbox 2180 1278 2318 1344; x_wconf 88' lang='lat' dir='ltr'><strong>quo</strong></span> 
     </span>
     <span class='ocr_line' id='line_1_9' title="bbox 47 1369 2318 1464; baseline 0.001 -25"><span class='ocrx_word' id='word_1_60' title='bbox 47 1371 488 1462; x_wconf 80' lang='lat' dir='ltr'><strong>Alphonsus</strong></span> <span class='ocrx_word' id='word_1_61' title='bbox 531 1373 670 1464; x_wconf 86' lang='lat' dir='ltr'><strong>ipse</strong></span> <span class='ocrx_word' id='word_1_62' title='bbox 714 1372 953 1463; x_wconf 87' lang='lat' dir='ltr'><strong>lapidis</strong></span> <span class='ocrx_word' id='word_1_63' title='bbox 984 1373 1127 1439; x_wconf 87' lang='lat' dir='ltr'><strong>ictu</strong></span> <span class='ocrx_word' id='word_1_64' title='bbox 1156 1370 1549 1440; x_wconf 81' lang='lat' dir='ltr'><strong>vulneratus</strong></span> <span class='ocrx_word' id='word_1_65' title='bbox 1582 1369 1741 1440; x_wconf 83' lang='lat' dir='ltr'><strong>fuit.</strong></span> <span class='ocrx_word' id='word_1_66' title='bbox 1771 1372 1851 1439; x_wconf 88' lang='lat' dir='ltr'><strong>In</strong></span> <span class='ocrx_word' id='word_1_67' title='bbox 1882 1395 1963 1441; x_wconf 90' lang='lat' dir='ltr'><strong>eo</strong></span> <span class='ocrx_word' id='word_1_68' title='bbox 1994 1370 2318 1441; x_wconf 89' lang='lat' dir='ltr'><strong>conflictu</strong></span> 
     </span>
     <span class='ocr_line' id='line_1_10' title="bbox 51 1489 2320 1582; baseline 0 -23"><span class='ocrx_word' id='word_1_69' title='bbox 51 1493 374 1582; x_wconf 85' lang='lat' dir='ltr'><strong>triginta</strong></span> <span class='ocrx_word' id='word_1_70' title='bbox 418 1490 634 1559; x_wconf 88' lang='lat' dir='ltr'><strong>millia</strong></span> <span class='ocrx_word' id='word_1_71' title='bbox 679 1493 974 1560; x_wconf 80' lang='lat' dir='ltr'><strong>virorum</strong></span> <span class='ocrx_word' id='word_1_72' title='bbox 1021 1490 1411 1560; x_wconf 89' lang='lat' dir='ltr'><strong>occubuisse</strong></span> <span class='ocrx_word' id='word_1_73' title='bbox 1444 1489 1782 1559; x_wconf 85' lang='lat' dir='ltr'><strong>feruntur.</strong></span> <span class='ocrx_word' id='word_1_74' title='bbox 1814 1489 2049 1558; x_wconf 88' lang='lat' dir='ltr'><strong>Plures</strong></span> <span class='ocrx_word' id='word_1_75' title='bbox 2088 1502 2320 1560; x_wconf 87' lang='lat' dir='ltr'><strong>tamen</strong></span> 
     </span>
     <span class='ocr_line' id='line_1_11' title="bbox 52 1599 2321 1698; baseline -0 -23"><span class='ocrx_word' id='word_1_76' title='bbox 52 1631 166 1675; x_wconf 82' lang='lat' dir='ltr'><strong>ex</strong></span> <span class='ocrx_word' id='word_1_77' title='bbox 198 1607 453 1689; x_wconf 85' lang='lat' dir='ltr'><strong>Gallis,</strong></span> <span class='ocrx_word' id='word_1_78' title='bbox 481 1599 829 1698; x_wconf 81' lang='lat' dir='ltr'><strong>Alphonso</strong></span> <span class='ocrx_word' id='word_1_79' title='bbox 874 1610 1094 1675; x_wconf 86' lang='lat' dir='ltr'><strong>aeneis</strong></span> <span class='ocrx_word' id='word_1_80' title='bbox 1139 1611 1483 1677; x_wconf 85' lang='lat' dir='ltr'><strong>tormentis</strong></span> <span class='ocrx_word' id='word_1_81' title='bbox 1528 1630 1763 1676; x_wconf 85' lang='lat' dir='ltr'><strong>omnes</strong></span> <span class='ocrx_word' id='word_1_82' title='bbox 1809 1604 2115 1687; x_wconf 82' lang='lat' dir='ltr'><strong>feriente,</strong></span> <span class='ocrx_word' id='word_1_83' title='bbox 2160 1621 2321 1674; x_wconf 89' lang='lat' dir='ltr'><strong>sunt</strong></span> 
     </span>
     <span class='ocr_line' id='line_1_12' title="bbox 57 1723 2318 1815; baseline -0 -25"><span class='ocrx_word' id='word_1_84' title='bbox 57 1725 498 1805; x_wconf 76' lang='lat' dir='ltr'><strong>desiderati3</strong></span> <span class='ocrx_word' id='word_1_85' title='bbox 565 1726 739 1791; x_wconf 88' lang='lat' dir='ltr'><strong>inter</strong></span> <span class='ocrx_word' id='word_1_86' title='bbox 804 1747 977 1815; x_wconf 85' lang='lat' dir='ltr'><strong>quos</strong></span> <span class='ocrx_word' id='word_1_87' title='bbox 1037 1723 1185 1792; x_wconf 83' lang='lat' dir='ltr'><strong>dux</strong></span> <span class='ocrx_word' id='word_1_88' title='bbox 1251 1727 1596 1814; x_wconf 87' lang='lat' dir='ltr'><strong>copiarum</strong></span> <span class='ocrx_word' id='word_1_89' title='bbox 1661 1723 1990 1793; x_wconf 85' lang='lat' dir='ltr'><strong>Foisseius</strong></span> <span class='ocrx_word' id='word_1_90' title='bbox 2057 1725 2318 1793; x_wconf 80' lang='lat' dir='ltr'><strong>occisus</strong></span> 
     </span>
     <span class='ocr_line' id='line_1_13' title="bbox 59 1838 2319 1932; baseline 0 -24"><span class='ocrx_word' id='word_1_91' title='bbox 59 1840 384 1931; x_wconf 84' lang='lat' dir='ltr'><strong>Regium</strong></span> <span class='ocrx_word' id='word_1_92' title='bbox 432 1854 533 1909; x_wconf 84' lang='lat' dir='ltr'><strong>est</strong></span> <span class='ocrx_word' id='word_1_93' title='bbox 575 1840 861 1908; x_wconf 84' lang='lat' dir='ltr'><strong>delatus.</strong></span> <span class='ocrx_word' id='word_1_94' title='bbox 909 1838 1096 1909; x_wconf 81' lang='lat' dir='ltr'><strong>Galli</strong></span> <span class='ocrx_word' id='word_1_95' title='bbox 1151 1840 1437 1910; x_wconf 86' lang='lat' dir='ltr'><strong>cadaver</strong></span> <span class='ocrx_word' id='word_1_96' title='bbox 1490 1843 1700 1909; x_wconf 84' lang='lat' dir='ltr'><strong>secuti</strong></span> <span class='ocrx_word' id='word_1_97' title='bbox 1757 1838 1937 1932; x_wconf 90' lang='lat' dir='ltr'><strong>quod</strong></span> <span class='ocrx_word' id='word_1_98' title='bbox 1986 1864 2032 1907; x_wconf 86' lang='lat' dir='ltr'><strong>a</strong></span> <span class='ocrx_word' id='word_1_99' title='bbox 2077 1839 2319 1920; x_wconf 79' lang='lat' dir='ltr'><strong>Sanse-</strong></span> 
     </span>
     <span class='ocr_line' id='line_1_14' title="bbox 63 1956 2320 2048; baseline -0 -22"><span class='ocrx_word' id='word_1_100' title='bbox 63 1962 326 2027; x_wconf 80' lang='lat' dir='ltr'><strong>verino</strong></span> <span class='ocrx_word' id='word_1_101' title='bbox 371 1958 612 2026; x_wconf 89' lang='lat' dir='ltr'><strong>urbem</strong></span> <span class='ocrx_word' id='word_1_102' title='bbox 667 1958 918 2048; x_wconf 83' lang='lat' dir='ltr'><strong>ingredi</strong></span> <span class='ocrx_word' id='word_1_103' title='bbox 971 1956 1485 2048; x_wconf 78' lang='lat' dir='ltr'><strong>prohiberentur</strong></span> <span class='ocrx_word' id='word_1_104' title='bbox 1528 1962 1599 2026; x_wconf 89' lang='lat' dir='ltr'><strong>in</strong></span> <span class='ocrx_word' id='word_1_105' title='bbox 1650 1960 1903 2027; x_wconf 85' lang='lat' dir='ltr'><strong>civium</strong></span> <span class='ocrx_word' id='word_1_106' title='bbox 1953 1956 2149 2026; x_wconf 81' lang='lat' dir='ltr'><strong>villas</strong></span> <span class='ocrx_word' id='word_1_107' title='bbox 2193 1962 2320 2025; x_wconf 91' lang='lat' dir='ltr'><strong>im-</strong></span> 
     </span>
     <span class='ocr_line' id='line_1_15' title="bbox 64 2073 2317 2165; baseline 0 -25"><span class='ocrx_word' id='word_1_108' title='bbox 64 2078 382 2142; x_wconf 83' lang='lat' dir='ltr'><strong>maniter</strong></span> <span class='ocrx_word' id='word_1_109' title='bbox 424 2077 823 2143; x_wconf 82' lang='lat' dir='ltr'><strong>saevierunt.</strong></span> <span class='ocrx_word' id='word_1_110' title='bbox 871 2074 1066 2141; x_wconf 87' lang='lat' dir='ltr'><strong>Intus</strong></span> <span class='ocrx_word' id='word_1_111' title='bbox 1108 2097 1265 2143; x_wconf 82' lang='lat' dir='ltr'><strong>vero</strong></span> <span class='ocrx_word' id='word_1_112' title='bbox 1297 2074 1724 2165; x_wconf 85' lang='lat' dir='ltr'><strong>Regiensium</strong></span> <span class='ocrx_word' id='word_1_113' title='bbox 1768 2074 2064 2156; x_wconf 87' lang='lat' dir='ltr'><strong>dissidia,</strong></span> <span class='ocrx_word' id='word_1_114' title='bbox 2109 2073 2317 2165; x_wconf 90' lang='lat' dir='ltr'><strong>pluri·</strong></span> 
     </span>
     <span class='ocr_line' id='line_1_16' title="bbox 65 2167 2316 2280; baseline 0.001 -24"><span class='ocrx_word' id='word_1_115' title='bbox 65 2188 218 2257; x_wconf 88' lang='lat' dir='ltr'><strong>bus</strong></span> <span class='ocrx_word' id='word_1_116' title='bbox 281 2190 443 2257; x_wconf 87' lang='lat' dir='ltr'><strong>hinc</strong></span> <span class='ocrx_word' id='word_1_117' title='bbox 502 2190 656 2258; x_wconf 89' lang='lat' dir='ltr'><strong>inde</strong></span> <span class='ocrx_word' id='word_1_118' title='bbox 717 2190 1062 2258; x_wconf 86' lang='lat' dir='ltr'><strong>trucidatis</strong></span> <span class='ocrx_word' id='word_1_119' title='bbox 1080 2240 1099 2270; x_wconf 89' lang='lat'><strong>,</strong></span> <span class='ocrx_word' id='word_1_120' title='bbox 1144 2191 1215 2257; x_wconf 92' lang='lat' dir='ltr'><strong>in</strong></span> <span class='ocrx_word' id='word_1_121' title='bbox 1261 2202 1632 2258; x_wconf 79' lang='lat' dir='ltr'><strong>extremam</strong></span> <span class='ocrx_word' id='word_1_122' title='bbox 1705 2190 1888 2257; x_wconf 88' lang='lat' dir='ltr'><strong>urbis</strong></span> <span class='ocrx_word' id='word_1_123' title='bbox 1957 2167 2316 2280; x_wconf 88' lang='lat' dir='ltr'><strong>perniciem</strong></span> 
     </span>
     <span class='ocr_line' id='line_1_17' title="bbox 67 2306 2318 2398; baseline 0.001 -24"><span class='ocrx_word' id='word_1_124' title='bbox 67 2306 399 2398; x_wconf 87' lang='lat' dir='ltr'><strong>quotidie</strong></span> <span class='ocrx_word' id='word_1_125' title='bbox 466 2306 893 2374; x_wconf 67' lang='lat' dir='ltr'><strong>crescebant}</strong></span> <span class='ocrx_word' id='word_1_126' title='bbox 947 2306 1225 2375; x_wconf 89' lang='lat' dir='ltr'><strong>demum</strong></span> <span class='ocrx_word' id='word_1_127' title='bbox 1297 2307 1631 2377; x_wconf 88' lang='lat' dir='ltr'><strong>bonorum</strong></span> <span class='ocrx_word' id='word_1_128' title='bbox 1699 2310 1998 2377; x_wconf 81' lang='lat' dir='ltr'><strong>virorum</strong></span> <span class='ocrx_word' id='word_1_129' title='bbox 2066 2306 2318 2389; x_wconf 88' lang='lat' dir='ltr'><strong>studio,</strong></span> 
     </span>
     <span class='ocr_line' id='line_1_18' title="bbox 68 2424 2318 2515; baseline -0 -23"><span class='ocrx_word' id='word_1_130' title='bbox 68 2424 653 2492; x_wconf 72' lang='lat' dir='ltr'><strong>intercedentibus</strong></span> <span class='ocrx_word' id='word_1_131' title='bbox 718 2448 840 2515; x_wconf 90' lang='lat' dir='ltr'><strong>pro</strong></span> <span class='ocrx_word' id='word_1_132' title='bbox 899 2424 1135 2492; x_wconf 85' lang='lat' dir='ltr'><strong>-Bebiis</strong></span> <span class='ocrx_word' id='word_1_133' title='bbox 1201 2425 1458 2503; x_wconf 88' lang='lat' dir='ltr'><strong>Joanne</strong></span> <span class='ocrx_word' id='word_1_134' title='bbox 1527 2425 1724 2493; x_wconf 88' lang='lat' dir='ltr'><strong>Petro</strong></span> <span class='ocrx_word' id='word_1_135' title='bbox 1777 2424 2201 2506; x_wconf 79' lang='lat' dir='ltr'><strong>Nivolariae,</strong></span> <span class='ocrx_word' id='word_1_136' title='bbox 2246 2436 2318 2491; x_wconf 89' lang='lat' dir='ltr'><strong>et</strong></span> 
     </span>
     <span class='ocr_line' id='line_1_19' title="bbox 71 2540 2316 2632; baseline -0.001 -22"><span class='ocrx_word' id='word_1_137' title='bbox 71 2565 212 2632; x_wconf 88' lang='lat' dir='ltr'><strong>pro</strong></span> <span class='ocrx_word' id='word_1_138' title='bbox 258 2540 540 2628; x_wconf 87' lang='lat' dir='ltr'><strong>Scajolis</strong></span> <span class='ocrx_word' id='word_1_139' title='bbox 582 2542 836 2619; x_wconf 88' lang='lat' dir='ltr'><strong>Joanne</strong></span> <span class='ocrx_word' id='word_1_140' title='bbox 879 2541 1169 2628; x_wconf 88' lang='lat' dir='ltr'><strong>Bojardo</strong></span> <span class='ocrx_word' id='word_1_141' title='bbox 1225 2540 1585 2610; x_wconf 88' lang='lat' dir='ltr'><strong>Scandiani</strong></span> <span class='ocrx_word' id='word_1_142' title='bbox 1630 2542 1957 2620; x_wconf 86' lang='lat' dir='ltr'><strong>dominis,</strong></span> <span class='ocrx_word' id='word_1_143' title='bbox 2007 2541 2092 2606; x_wconf 87' lang='lat' dir='ltr'><strong>de</strong></span> <span class='ocrx_word' id='word_1_144' title='bbox 2152 2563 2316 2630; x_wconf 86' lang='lat' dir='ltr'><strong>pace</strong></span> 
     </span>
     <span class='ocr_line' id='line_1_20' title="bbox 76 2656 2315 2748; baseline -0.001 -23"><span class='ocrx_word' id='word_1_145' title='bbox 76 2660 202 2747; x_wconf 73' lang='lat' dir='ltr'><strong>agi</strong></span> <span class='ocrx_word' id='word_1_146' title='bbox 246 2670 591 2748; x_wconf 87' lang='lat' dir='ltr'><strong>coeptum,</strong></span> <span class='ocrx_word' id='word_1_147' title='bbox 615 2681 798 2748; x_wconf 73' lang='lat' dir='ltr'><strong>‘quae</strong></span> <span class='ocrx_word' id='word_1_148' title='bbox 830 2658 1102 2725; x_wconf 84' lang='lat' dir='ltr'><strong>tandem</strong></span> <span class='ocrx_word' id='word_1_149' title='bbox 1135 2660 1378 2748; x_wconf 87' lang='lat' dir='ltr'><strong>quinto</strong></span> <span class='ocrx_word' id='word_1_150' title='bbox 1423 2656 1736 2724; x_wconf 86' lang='lat' dir='ltr'><strong>calendas</strong></span> <span class='ocrx_word' id='word_1_151' title='bbox 1781 2656 1935 2741; x_wconf 86' lang='lat' dir='ltr'><strong>julii</strong></span> <span class='ocrx_word' id='word_1_152' title='bbox 1964 2656 2032 2720; x_wconf 72' lang='grc' dir='ltr'><strong>(ι)</strong></span> <span class='ocrx_word' id='word_1_153' title='bbox 2064 2656 2315 2723; x_wconf 86' lang='lat' dir='ltr'><strong>Fratris</strong></span> 
     </span>
     <span class='ocr_line' id='line_1_21' title="bbox 73 2772 2312 2864; baseline -0.001 -23"><span class='ocrx_word' id='word_1_154' title='bbox 73 2775 371 2843; x_wconf 79' lang='lat' dir='ltr'><strong>Antonii</strong></span> <span class='ocrx_word' id='word_1_155' title='bbox 405 2774 656 2846; x_wconf 85' lang='lat' dir='ltr'><strong>Amolii</strong></span> <span class='ocrx_word' id='word_1_156' title='bbox 687 2774 1148 2843; x_wconf 71' lang='lat' dir='ltr'><strong>Cremonensis</strong></span> <span class='ocrx_word' id='word_1_157' title='bbox 1192 2797 1387 2864; x_wconf 86' lang='lat' dir='ltr'><strong>opera</strong></span> <span class='ocrx_word' id='word_1_158' title='bbox 1432 2775 1503 2841; x_wconf 87' lang='lat' dir='ltr'><strong>in</strong></span> <span class='ocrx_word' id='word_1_159' title='bbox 1550 2772 1692 2842; x_wconf 86' lang='lat' dir='ltr'><strong>divi</strong></span> <span class='ocrx_word' id='word_1_160' title='bbox 1734 2773 2099 2863; x_wconf 81' lang='lat' dir='ltr'><strong>Augustini</strong></span> <span class='ocrx_word' id='word_1_161' title='bbox 2144 2783 2312 2839; x_wconf 91' lang='lat' dir='ltr'><strong>tem·</strong></span> 
     </span>
    </p>

    <p class='ocr_par' dir='ltr' id='par_1_3' title="bbox 76 2888 2309 2985">
     <span class='ocr_line' id='line_1_22' title="bbox 76 2888 2309 2985; baseline -0.001 -26"><span class='ocrx_word' id='word_1_162' title='bbox 76 2891 233 2983; x_wconf 88' lang='lat' dir='ltr'><strong>plo,</strong></span> <span class='ocrx_word' id='word_1_163' title='bbox 279 2892 514 2959; x_wconf 88' lang='lat' dir='ltr'><strong>urbem</strong></span> <span class='ocrx_word' id='word_1_164' title='bbox 563 2894 943 2985; x_wconf 74' lang='lat' dir='ltr'><strong>Augustino</strong></span> <span class='ocrx_word' id='word_1_165' title='bbox 989 2892 1175 2961; x_wconf 87' lang='lat' dir='ltr'><strong>Villa</strong></span> <span class='ocrx_word' id='word_1_166' title='bbox 1222 2893 1668 2983; x_wconf 83' lang='lat' dir='ltr'><strong>gubernante,</strong></span> <span class='ocrx_word' id='word_1_167' title='bbox 1711 2889 2106 2960; x_wconf 75' lang='lat' dir='ltr'><strong>confirmata</strong></span> <span class='ocrx_word' id='word_1_168' title='bbox 2150 2888 2309 2958; x_wconf 81' lang='lat' dir='ltr'><strong>fuit.</strong></span> 
     </span>
    </p>

    <p class='ocr_par' dir='ltr' id='par_1_4' title="bbox 80 3006 2305 3099">
     <span class='ocr_line' id='line_1_23' title="bbox 80 3006 2305 3099; baseline -0 -23"><span class='ocrx_word' id='word_1_169' title='bbox 80 3007 747 3099; x_wconf 71' lang='lat' dir='ltr'><strong>Regii‘humaniores</strong></span> <span class='ocrx_word' id='word_1_170' title='bbox 787 3008 1045 3075; x_wconf 87' lang='lat' dir='ltr'><strong>litteras</strong></span> <span class='ocrx_word' id='word_1_171' title='bbox 1089 3021 1255 3075; x_wconf 84' lang='lat' dir='ltr'><strong>tunc</strong></span> <span class='ocrx_word' id='word_1_172' title='bbox 1286 3008 1560 3099; x_wconf 88' lang='lat' dir='ltr'><strong>publice</strong></span> <span class='ocrx_word' id='word_1_173' title='bbox 1589 3007 1860 3076; x_wconf 86' lang='lat' dir='ltr'><strong>Caelius</strong></span> <span class='ocrx_word' id='word_1_174' title='bbox 1889 3006 2305 3097; x_wconf 83' lang='lat' dir='ltr'><strong>Rhodiginus</strong></span> 
     </span>
    </p>

    <p class='ocr_par' dir='ltr' id='par_1_5' title="bbox 80 3123 2312 3216">
     <span class='ocr_line' id='line_1_24' title="bbox 80 3123 2312 3216; baseline -0.001 -23"><span class='ocrx_word' id='word_1_175' title='bbox 80 3127 194 3194; x_wconf 82' lang='lat' dir='ltr'><strong>vir</strong></span> <span class='ocrx_word' id='word_1_176' title='bbox 241 3123 606 3216; x_wconf 85' lang='lat' dir='ltr'><strong>multiplici</strong></span> <span class='ocrx_word' id='word_1_177' title='bbox 649 3124 1021 3194; x_wconf 83' lang='lat' dir='ltr'><strong>eruditione</strong></span> <span class='ocrx_word' id='word_1_178' title='bbox 1065 3127 1337 3215; x_wconf 88' lang='lat' dir='ltr'><strong>insignis</strong></span> <span class='ocrx_word' id='word_1_179' title='bbox 1381 3123 1845 3216; x_wconf 85' lang='lat' dir='ltr'><strong>profitebatur,</strong></span> <span class='ocrx_word' id='word_1_180' title='bbox 1890 3126 2012 3215; x_wconf 88' lang='lat' dir='ltr'><strong>qui</strong></span> <span class='ocrx_word' id='word_1_181' title='bbox 2056 3126 2312 3213; x_wconf 81' lang='lat' dir='ltr'><strong>etipse</strong></span> 
     </span>
    </p>

    <p class='ocr_par' dir='ltr' id='par_1_6' title="bbox 79 3239 1729 3332">
     <span class='ocr_line' id='line_1_25' title="bbox 79 3239 1729 3332; baseline -0.001 -21"><span class='ocrx_word' id='word_1_182' title='bbox 79 3240 441 3311; x_wconf 81' lang='lat' dir='ltr'><strong>scribendo</strong></span> <span class='ocrx_word' id='word_1_183' title='bbox 483 3242 631 3328; x_wconf 86' lang='lat' dir='ltr'><strong>ejus</strong></span> <span class='ocrx_word' id='word_1_184' title='bbox 676 3244 857 3332; x_wconf 85' lang='lat' dir='ltr'><strong>pacis</strong></span> <span class='ocrx_word' id='word_1_185' title='bbox 899 3243 1350 3322; x_wconf 83' lang='lat' dir='ltr'><strong>instrumento</strong></span> <span class='ocrx_word' id='word_1_186' title='bbox 1395 3239 1729 3310; x_wconf 82' lang='lat' dir='ltr'><strong>interfuit.</strong></span> 
     </span>
    </p>

    <p class='ocr_par' dir='ltr' id='par_1_7' title="bbox 85 3356 2329 4032">
     <span class='ocr_line' id='line_1_26' title="bbox 230 3356 2311 3436; baseline 0 -12"><span class='ocrx_word' id='word_1_187' title='bbox 230 3359 329 3424; x_wconf 89' lang='lat' dir='ltr'><strong>At</strong></span> <span class='ocrx_word' id='word_1_188' title='bbox 371 3357 598 3436; x_wconf 88' lang='lat' dir='ltr'><strong>Julius</strong></span> <span class='ocrx_word' id='word_1_189' title='bbox 641 3356 957 3428; x_wconf 79' lang='lat' dir='ltr'><strong>Pontifex</strong></span> <span class='ocrx_word' id='word_1_190' title='bbox 1007 3360 1253 3428; x_wconf 84' lang='lat' dir='ltr'><strong>attritis</strong></span> <span class='ocrx_word' id='word_1_191' title='bbox 1297 3357 1656 3430; x_wconf 77' lang='lat' dir='ltr'><strong>Gallorum</strong></span> <span class='ocrx_word' id='word_1_192' title='bbox 1711 3357 1967 3425; x_wconf 83' lang='lat' dir='ltr'><strong>viribus</strong></span> <span class='ocrx_word' id='word_1_193' title='bbox 2010 3357 2311 3427; x_wconf 86' lang='lat' dir='ltr'><strong>Bononia</strong></span> 
     </span>
     <span class='ocr_line' id='line_1_27' title="bbox 86 3473 2311 3566; baseline 0 -24"><span class='ocrx_word' id='word_1_194' title='bbox 86 3475 221 3542; x_wconf 85' lang='lat' dir='ltr'><strong>bac</strong></span> <span class='ocrx_word' id='word_1_195' title='bbox 265 3478 713 3544; x_wconf 85' lang='lat' dir='ltr'><strong>conventione</strong></span> <span class='ocrx_word' id='word_1_196' title='bbox 757 3479 1013 3566; x_wconf 88' lang='lat' dir='ltr'><strong>potitus</strong></span> <span class='ocrx_word' id='word_1_197' title='bbox 1041 3486 1167 3558; x_wconf 87' lang='lat' dir='ltr'><strong>est,</strong></span> <span class='ocrx_word' id='word_1_198' title='bbox 1200 3487 1280 3543; x_wconf 90' lang='lat' dir='ltr'><strong>ut</strong></span> <span class='ocrx_word' id='word_1_199' title='bbox 1307 3488 1628 3543; x_wconf 85' lang='lat' dir='ltr'><strong>exeuntes</strong></span> <span class='ocrx_word' id='word_1_200' title='bbox 1658 3473 1993 3543; x_wconf 84' lang='lat' dir='ltr'><strong>Bentivoli</strong></span> <span class='ocrx_word' id='word_1_201' title='bbox 2037 3485 2311 3566; x_wconf 84' lang='lat' dir='ltr'><strong>paterna</strong></span> 
     </span>
     <span class='ocr_line' id='line_1_28' title="bbox 87 3585 2329 3685; baseline -0.001 -25"><span class='ocrx_word' id='word_1_202' title='bbox 87 3589 365 3684; x_wconf 86' lang='lat' dir='ltr'><strong>praedia</strong></span> <span class='ocrx_word' id='word_1_203' title='bbox 409 3593 834 3683; x_wconf 87' lang='lat' dir='ltr'><strong>possiderent.</strong></span> <span class='ocrx_word' id='word_1_204' title='bbox 880 3593 1191 3685; x_wconf 84' lang='lat' dir='ltr'><strong>Denique</strong></span> <span class='ocrx_word' id='word_1_205' title='bbox 1235 3593 1424 3662; x_wconf 84' lang='lat' dir='ltr'><strong>Duce</strong></span> <span class='ocrx_word' id='word_1_206' title='bbox 1468 3593 1711 3661; x_wconf 86' lang='lat' dir='ltr'><strong>Urbini</strong></span> <span class='ocrx_word' id='word_1_207' title='bbox 1766 3595 2082 3681; x_wconf 87' lang='lat' dir='ltr'><strong>magistro</strong></span> <span class='ocrx_word' id='word_1_208' title='bbox 2136 3585 2329 3658; x_wconf 85' lang='lat' dir='ltr'><strong>mili-&#39;</strong></span> 
     </span>
     <span class='ocr_line' id='line_1_29' title="bbox 87 3707 2319 3802; baseline -0.001 -25"><span class='ocrx_word' id='word_1_209' title='bbox 87 3723 245 3778; x_wconf 85' lang='lat' dir='ltr'><strong>tum</strong></span> <span class='ocrx_word' id='word_1_210' title='bbox 305 3723 524 3781; x_wconf 84' lang='lat' dir='ltr'><strong>creato</strong></span> <span class='ocrx_word' id='word_1_211' title='bbox 576 3724 808 3781; x_wconf 86' lang='lat' dir='ltr'><strong>contra</strong></span> <span class='ocrx_word' id='word_1_212' title='bbox 860 3711 1149 3802; x_wconf 86' lang='lat' dir='ltr'><strong>Regium</strong></span> <span class='ocrx_word' id='word_1_213' title='bbox 1204 3714 1582 3779; x_wconf 82' lang='lat' dir='ltr'><strong>exercitum</strong></span> <span class='ocrx_word' id='word_1_214' title='bbox 1638 3713 1872 3780; x_wconf 83' lang='lat' dir='ltr'><strong>movit.</strong></span> <span class='ocrx_word' id='word_1_215' title='bbox 1927 3707 2060 3776; x_wconf 87' lang='lat' dir='ltr'><strong>Sed</strong></span> <span class='ocrx_word' id='word_1_216' title='bbox 2103 3710 2319 3799; x_wconf 88' lang='lat' dir='ltr'><strong>prius-</strong></span> 
     </span>
     <span class='ocr_line' id='line_1_30' title="bbox 85 3825 2314 3921; baseline -0.003 -24"><span class='ocrx_word' id='word_1_217' title='bbox 85 3852 302 3920; x_wconf 85' lang='lat' dir='ltr'><strong>quam</strong></span> <span class='ocrx_word' id='word_1_218' title='bbox 349 3828 532 3898; x_wconf 88' lang='lat' dir='ltr'><strong>bello</strong></span> <span class='ocrx_word' id='word_1_219' title='bbox 578 3831 988 3921; x_wconf 83' lang='lat' dir='ltr'><strong>experiretur</strong></span> <span class='ocrx_word' id='word_1_220' title='bbox 1033 3830 1289 3898; x_wconf 81' lang='lat' dir='ltr'><strong>civium</strong></span> <span class='ocrx_word' id='word_1_221' title='bbox 1335 3831 1593 3897; x_wconf 88' lang='lat' dir='ltr'><strong>animos</strong></span> <span class='ocrx_word' id='word_1_222' title='bbox 1635 3827 1762 3894; x_wconf 87' lang='lat' dir='ltr'><strong>sibi</strong></span> <span class='ocrx_word' id='word_1_223' title='bbox 1809 3825 2163 3895; x_wconf 87' lang='lat' dir='ltr'><strong>tentandos</strong></span> <span class='ocrx_word' id='word_1_224' title='bbox 2207 3849 2314 3891; x_wconf 85' lang='lat' dir='ltr'><strong>ra-</strong></span> 
     </span>
     <span class='ocr_line' id='line_1_31' title="bbox 87 3941 2317 4032; baseline -0.001 -20"><span class='ocrx_word' id='word_1_225' title='bbox 87 3958 205 4013; x_wconf 91' lang='lat' dir='ltr'><strong>tus</strong></span> <span class='ocrx_word' id='word_1_226' title='bbox 248 3946 337 4013; x_wconf 90' lang='lat' dir='ltr'><strong>ad</strong></span> <span class='ocrx_word' id='word_1_227' title='bbox 384 3945 757 4016; x_wconf 85' lang='lat' dir='ltr'><strong>Gabellum</strong></span> <span class='ocrx_word' id='word_1_228' title='bbox 825 3945 1077 4015; x_wconf 88' lang='lat' dir='ltr'><strong>flumen</strong></span> <span class='ocrx_word' id='word_1_229' title='bbox 1147 3945 1399 4013; x_wconf 88' lang='lat' dir='ltr'><strong>milites</strong></span> <span class='ocrx_word' id='word_1_230' title='bbox 1464 3944 1806 4013; x_wconf 86' lang='lat' dir='ltr'><strong>subsidere</strong></span> <span class='ocrx_word' id='word_1_231' title='bbox 1869 3943 2110 4032; x_wconf 81' lang='lat' dir='ltr'><strong>jubet3</strong></span> <span class='ocrx_word' id='word_1_232' title='bbox 2160 3941 2317 4010; x_wconf 83' lang='lat' dir='ltr'><strong>inde</strong></span> 
     </span>
    </p>
   </div>
   <div class='ocr_carea' id='block_1_3' title="bbox 167 4197 491 4269">
    <p class='ocr_par' dir='ltr' id='par_1_8' title="bbox 167 4197 491 4269">
     <span class='ocr_line' id='line_1_32' title="bbox 167 4197 491 4269; baseline 0.009 -19"><span class='ocrx_word' id='word_1_233' title='bbox 167 4197 262 4269; x_wconf 75' lang='grc' dir='ltr'><strong>(ι)</strong></span> <span class='ocrx_word' id='word_1_234' title='bbox 293 4215 491 4254; x_wconf 59' lang='lat' dir='ltr'><strong>anxa.</strong></span> 
     </span>
    </p>
   </div>
  </div>
 </body>
</html>
