2950 5017
728 402 855 471 262
1463 419 1701 466 annun
1744 419 2161 465 ancrmwm

716 540 978 611 bellum
1021 549 1282 632 gerunt.
1339 536 1495 608 Non
1551 538 1842 630 amplius
1907 550 2206 630 superest
2272 536 2647 606 Fridericus
2696 540 2837 627 cujus

715 658 826 729 vel
855 661 998 727 vim
1027 660 1381 726 timeamus
1411 655 1525 726 vel
1551 657 1952 746 praesidium
1996 678 2363 746 speremus3
2392 655 2549 741 ejus
2585 678 2839 724 successor
2872 707 2873 734 2

643 765 648 770 ⁴
715 775 1264 864 contendentibus
1309 776 1483 841 inter
1525 796 1593 840 se
1638 773 2035 841 Germaniae
2090 774 2511 862 principibus
2552 771 2743 838 adhuc
2768 776 2836 839 in·

713 904 931 960 certus
974 904 1111 973 est,
1155 889 1264 959 vel
1303 892 1716 980 quicumque
1745 889 2192 957 declarabitur
2220 912 2358 978 quo
2404 891 2482 955 in
2526 912 2641 957 nos
2683 891 2833 958 animo

713 1006 983 1077 futurus
1025 1010 1144 1088 sit,
1187 1009 1589 1096 ignoramus‘.
1636 1006 1776 1075 Cur
1847 1028 1998 1096 ergo
2061 1008 2187 1096 ipsi
2255 1004 2548 1072 reductis
2597 1005 2832 1073 omnibns

712 1128 999 1216 corporis
1061 1125 1364 1213 partibus
1407 1124 1507 1190 ad
1541 1125 1780 1190 mentis
1830 1125 2183 1189 sanitatem
2226 1120 2589 1212 aliquando
2631 1144 2745 1188 nen
2773 1143 2829 1185 re-
2874 1111 2875 1182 ἰ

623 1235 626 1238 ’
711 1244 1090 1311 vertimur?
1135 1252 1206 1306 et
1249 1238 1481 1307 exules
1545 1240 1725 1307 cives
1768 1250 1838 1305 et
1880 1249 2183 1306 nostrum
2249 1239 2456 1307 robur
2521 1260 2650 1304 non
2707 1236 2835 1301 resti·

715 1360 1041 1426 tuamus?
1123 1357 1233 1424 Ita
1301 1358 1484 1424 enim
1552 1351 1961 1425 confirmatis
2028 1344 2280 1424 viribus
2348 1366 2421 1421 et
2494 1363 2833 1420 externorum

681 1475 967 1570 ,auxilio
1003 1473 1199 1543 nobis
1232 1497 1372 1543 non
1400 1469 1754 1554 defuturo,
1797 1470 2240 1541 finitimorum
2284 1471 2582 1540 hostium
2606 1471 2727 1537 vim
2747 1490 2832 1536 non

711 1589 1245 1671 formidabimus,
1289 1588 1698 1680 tandemque
1744 1612 1787 1657 a
1830 1588 2010 1670 diris,
2040 1589 2286 1679 quibus
2329 1587 2632 1678 quotidie
2671 1581 2832 1670 affligi-

712 1730 867 1774 mur
878 1757 899 1788 ,
944 1708 1224 1796 rapinis,
1266 1705 1617 1786 caedibus,
1669 1703 2124 1794 incendiisque
2192 1704 2649 1771 liberabimur.
2694 1699 2770 1765 Ac
2794 1698 2829 1762 si

714 1823 1080 1910 ejectorum·
1123 1824 1322 1890 armis
1361 1821 1781 1912 quandoque
1825 1823 2054 1889 vexati
2101 1818 2383 1901 fuimus,
2412 1820 2484 1886 id
2512 1819 2678 1905 justo
2712 1818 2834 1903 ipso·

714 1961 865 2006 rum
908 1938 1119 2007 dolori
1164 1927 1262 2005 est
1305 1937 1823 2008 condonandum
1843 1987 1864 2018 ,
1908 1959 2028 2003 nec
2071 1938 2199 2027 ipsi
2251 1939 2515 2006 minora
2577 1955 2679 2001 nos
2730 1952 2829 2018 pro·

715 2057 942 2120 meriti
1006 2052 1207 2146 fuisse
1273 2054 1576 2120 videmur
1594 2104 1615 2134 ‚
1658 2055 1778 2143 qui
1823 2075 1932 2120 eos
1975 2052 2188 2121 veluti
2244 2052 2472 2121 hostes
2536 2051 2620 2119 ob
2674 2047 2826 2113 levem

714 2192 984 2238 causam
1031 2172 1281 2247 amicis,
1325 2163 1745 2258 parentibus,
1790 2169 2019 2237 liberis
2039 2219 2058 2251 ,
2100 2169 2560 2259 uxoribusque
2597 2162 2829 2255 spoliatos
2878 2147 2879 2226 ἕ

629 2284 633 2288 ’
716 2296 786 2353 et
815 2286 1126 2376 omnibus
1155 2285 1345 2353 bonis
1375 2283 2132 2374 denudatos'abegimus.
2165 2284 2262 2352 Ut
2290 2287 2499 2375 igitur
2518 2286 2654 2373 pios
2676 2277 2825 2348 deoeb
2878 2323 2879 2338 2

717 2412 787 2468 et
828 2399 1229 2490 reipublicae
1271 2398 1619 2481 conducit,
1647 2402 1852 2480 cives,
1885 2403 2158 2482 amicos,
2191 2423 2270 2467 ac
2299 2400 2587 2490 denique
2624 2391 2828 2477 conjun-

718 2526 862 2584 ctos
903 2517 1137 2604 insigni
1167 2512 1487 2583 beneficio
1517 2514 1863 2582 devinctos
1897 2515 2414 2607 amplectamur.
2447 2517 2583 2609 Hac
2607 2509 2826 2579 oratione

718 2635 1023 2703 omnium
1066 2635 1274 2700 animi
1319 2635 1640 2702 commoti
1673 2645 1743 2699 et
1772 2632 2002 2702 Sessiis
2033 2634 2208 2702 laeta
2239 2657 2404 2724 pace
2435 2602 2587 2700 data
2612 2620 2828 2694 universi
2880 2629 2881 2676 ἶ

719 2748 956 2816 exules
1016 2759 1177 2816 sunt
1236 2751 1559 2816 restituti.
1604 2748 1768 2818 Mox
1814 2749 2140 2817 Gulielmi
2187 2752 2539 2829 antistitis,
2577 2756 2635 2812 et
2664 2734 2826 2827 Egiffii
2878 2683 2881 2776 ἱ

718 2866 1110 2935 Veronensis
1159 2868 1398 2958 egregii
1453 2870 1933 2936 concionatoris
1992 2891 2187 2957 opera
2241 2870 2309 2935 in
2357 2868 2520 2935 Divi
2560 2851 2825 2931 Laurentii

718 2982 972 3073 templo
1018 3005 1258 3073 magno
1303 2985 1562 3063 civium
1604 3008 1932 3053 concursu
1978 2984 2256 3051 Roberti
2294 2983 2521 3051 Sessiis
2558 2968 2826 3046 infensissi-

692 3091 847 3166 'mis
889 3099 1193 3167 hostibus
1237 3099 1574 3167 conciliati
1610 3099 1824 3166 fuere.
1873 3101 2019 3167 Nec
2062 3103 2414 3168 minimam
2445 3099 2611 3166 eain
2636 3114 2692 3158 re
2713 3104 2823 3172 ope-

722 3236 865 3281 ram
919 3213 1066 3302 Ugo
1131 3236 1172 3278 a
1229 3212 1304 3279 S.
1347 3213 1617 3289 Juliana
1683 3213 1961 3281 Praetor·
2015 3219 2410 3305 praestitisse
2470 3213 2711 3282 dieitur,
2742 3195 2823 3286 qui

720 3337 950 3416 postea
994 3338 1310 3415 sequente
1356 3349 1532 3395 anno
1560 3325 1861 3394 Veronae
1901 3330 1987 3394 ab
2018 3331 2355 3399 Actiolino
2402 3352 2550 3396 cum
2588 3313 2821 3388 Ottolino

720 3440 946 3522 fratre,
977 3453 1047 3509 et
1076 3441 1384 3528 undecim
1431 3442 1578 3509 aliis
1622 3458 1895 3510 necatus
1925 3443 2084 3513 fuit.
2116 3447 2296 3514 Gum
2327 3470 2481 3515 vero
2509 3428 2822 3532 primatibus

599 3605 604 3610 -
720 3556 1072 3626 consulatu
1114 3579 1370 3647 semper
1413 3557 1642 3627 delato
1687 3563 1971 3650 opprimi
2014 3562 2201 3652 plebs
2246 3561 2600 3635 videretur,
2625 3562 2685 3617 et
2708 3542 2823 3609 Cae·

637 3682 643 3689 '
720 3676 882 3742 saris
932 3675 1190 3765 legatus
1251 3675 1511 3761 ejectus·
1567 3676 1709 3763 jam
1777 3690 1983 3760 esset,
2029 3678 2160 3745 alia
2210 3675 2598 3769 reipublicae
2641 3662 2822 3731 forma,

671 3815 678 3822 ·
719 3814 925 3880 quam
991 3792 1195 3882 paulo
1260 3804 1416 3859 ante
1480 3793 1848 3862 Florentini
1894 3795 2353 3865 ordinaverant
2383 3797 2483 3874 (τ),
2522 3797 2609 3855 est
2646 3769 2826 3846 consti·

721 3918 893 3975 tuta.
940 3908 1314 3978 Duodecim
1377 3912 1558 3977 enim
1602 3935 1689 3977 ex
1733 3915 1914 3980 omni
1961 3911 2187 3981 ordine
2239 3916 2450 3994 cives,
2491 3906 2599 3998 qui
2649 3889 2822 3962 urbem

795 4160 878 4228 (ι)
908 4141 1097 4214 Bl'ond.
1129 4159 1219 4212 lib.
1254 4178 1393 4228 vm,
1426 4162 1534 4214 dec.
1571 4180 1621 4213 a.
