2950 5017
939 427 1133 476 man
1178 426 1423 476 ramus
2186 411 2264 479 61

56 577 97 622 a
138 552 443 621 caeteris
485 547 839 641 paullatim
885 547 1242 617 derelictus
1260 600 1280 631 ,
1318 548 1593 617 demum
1647 549 1719 616 in
1776 548 1993 620 medio
2042 553 2307 619 itinere·

48 681 311 760 captus
357 664 740 757 jugulatur.
787 664 1025 755 Itaque
1069 668 1137 735 in
1184 663 1443 746 Gallia,
1481 675 1693 755 'quam
1736 665 1805 731 in
1848 687 2042 732 suam
2088 677 2272 756 pote-
2345 675 2350 682 '

49 797 327 852 statem
374 782 794 872 redegerant,
837 779 1101 847 Marcus
1132 773 1473 848 'Antonius
1532 792 1602 846 et
1658 779 1919 847 Marcus
1962 779 2276 848 AEmilius

50 899 385 990 Lepidus
428 896 979 988 Propraetoribus
1008 894 1292 976 relictis,
1322 894 1514 963 velut
1556 898 1625 961 in
1671 899 1950 984 patriam
1997 896 2275 964 redituri

52 1016 375 1086 Romam
418 1037 579 1082 cum
622 1011 949 1103 expeditis
1001 1013 1208 1101 copiis
1274 1009 1714 1080 contendunt.
1756 1012 1935 1079 Inter
1977 1013 2278 1081 eundum

56 1153 239 1200 cum
287 1130 700 1209 Octaviano,
741 1138 825 1193 ut
867 1137 1318 1216 opportunum
1360 1124 1446 1193 de
1491 1126 1876 1216 occupanda
1933 1128 2274 1217 republica

60 1245 439 1316 consilium
484 1247 760 1324 inirent,
801 1245 875 1312 in
919 1241 1208 1310 insulam
1252 1240 1613 1331 quamdam
1659 1241 1926 1310 Labinii
1983 1241 2281 1311 fluminis

66 1385 294 1453 prope
338 1361 711 1429 Bononiam
753 1356 880 1428 soli
924 1360 998 1426 in
1043 1359 1256 1426 amnis
1285 1359 1452 1448 ripa,
1483 1360 1785 1426 omnium
1831 1359 2282 1451 spectantibus

66 1477 460 1570 legionibus
503 1477 936 1545 conveniunt.
981 1467 1173 1542 Prius
1215 1475 1505 1544 invicem
1549 1455 1866 1556 scrutati,
1898 1497 1986 1541 an
2015 1474 2285 1559 occulta
2319 1470 2326 1475 ’

72 1594 213 1662 sub
258 1605 446 1662 veste
490 1614 674 1660 arma
718 1585 1020 1681 gererent
1034 1639 1055 1672 ,
1085 1601 1353 1680 pacatas
1394 1593 1653 1660 romani
1698 1589 1880 1688 orbis·
1916 1592 2289 1681 provincias

74 1712 155 1778 in
198 1709 747 1801 quinquennium
789 1709 960 1774 inter
1001 1728 1093 1786 se
1118 1706 1508 1773 diviserunt.
1540 1705 1971 1774 Nominatim
2017 1696 2287 1775 Caesari

83 1838 390 1917 utraque
452 1825 667 1915 Lybia
692 1875 713 1905 ,
757 1822 1065 1891 Sardinia
1123 1835 1192 1890 et
1252 1822 1483 1891 Sicilia
1551 1824 1927 1905 attributa3
1999 1824 2290 1915 Lepidus
2372 1874 2375 1878 .
2481 1850 2485 1854 ·

86 1942 484 2032 Hispaniam
529 1959 687 2007 cum
727 1939 1142 2007 Narbonensi
1174 1936 1401 2007 Gallia
1419 1988 1440 2020 ‚
1471 1938 1734 2007 Marcus
1761 1940 2096 2009 Antonius
2126 1938 2293 2007 Gal-

83 2057 257 2126 liam
300 2056 714 2147 Cisalpinam
760 2068 828 2123 et
872 2055 1227 2125 Comatam
1275 2056 1603 2124 obtinuit.
1649 2054 1875 2125 Sociis
1929 2055 2012 2124 ad
2072 2056 2246 2123 belli
2270 2107 2292 2138 ,

88 2174 273 2265 quod
315 2197 475 2242 cum
520 2172 816 2241 Caesaris
860 2171 1348 2263 percussoribus
1381 2171 1764 2239 ‚ineundum
1804 2186 1975 2255 erat,
2018 2174 2302 2264 expedi-·

92 2293 342 2360 nonan
412 2287 842 2380 profecturis,
906 2285 1162 2377 Lepido
1214 2290 1285 2355 in
1338 2288 1430 2357 D.
1475 2289 1672 2356 Bruti
1723 2288 1947 2357 locum
1995 2288 2291 2357 Consule

92 2405 474 2498 designato,
516 2404 767 2486 Roma,
808 2405 1250 2493 universaque
1294 2403 1493 2470 Italia
1538 2414 1638 2472 est
1679 2408 2059 2477 commissa.
2111 2406 2296 2473 Haec

98 2545 257 2591 mm
298 2521 731 2611 jurejurando
773 2518 1293 2602 confirmassent,
1339 2520 1668 2616 m'ilitibus
1729 2524 1934 2590 etiam
1981 2513 2146 2613 ipsis
2178 2546 2298 2593 ve·

100 2637 218 2707 lut
244 2639 530 2708 testibus
559 2637 1006 2718 audientibus,
1037 2635 1260 2726 palam
1291 2636 1747 2727 publicarunt.
1790 2639 2032 2729 Itaque
2063 2637 2296 2706 Gallia
2341 2659 2346 2662 “
2415 2713 2419 2717 ,

102 2755 444 2848 Cisalpina
476 2779 518 2823 a
546 2755 771 2823 Marco
799 2754 1092 2822 Antonio
1137 2764 1286 2820 turn
1330 2757 1464 2844 regi
1506 2768 1735 2843 capta,
1770 2766 1840 2822 et
1870 2767 2100 2846 postea
2129 2754 2299 2842 Cajo
2389 2765 2396 2771 ’

105 2871 339 2942 Cassio
384 2885 456 2939 et
496 2872 723 2940 Marco
768 2870 977 2940 Bruto
1024 2872 1284 2951 occisis,
1329 2892 1484 2935 cum
1531 2869 1665 2936 alia
1710 2892 1921 2938 novae
1964 2858 2300 2938 divisionis

109 2989 466 3058 conventio
505 2990 676 3056 inita
733 2999 904 3056 esset
931 3037 950 3067 ,
995 2984 1214 3053 eidem
1281 2989 1525 3052 iterum
1569 2997 1671 3053 est
1712 2986 2069 3053 attributa.
2119 2987 2301 3053 Haec

108 3126 465 3196 regnorum
505 3106 811 3184 societas,
836 3126 1013 3194 quae
1041 3102 1130 3169 ab
1159 3103 1356 3170 insita
1402 3104 1641 3170 animis
1686 3101 2037 3170 hominum
2084 3102 2299 3169 ambi-

110 3223 299 3292 tione
338 3243 487 3290 raro
523 3231 970 3301 conservatur,
998 3242 1130 3287 non
1161 3218 1278 3285 diu
1307 3220 1482 3287 inter
1513 3220 1890 3288 triumviros
1918 3242 2302 3309 permanere

112 3339 364 3429 potuit.
409 3335 658 3405 Fulvia
699 3338 877 3404 enim
919 3336 1124 3404 Marci
1175 3336 1467 3404 Antonii·
1502 3358 1710 3406 uxore
1726 3387 1750 3419 ,
1791 3339 2163 3426 impotente
2206 3334 2303 3404 fe-

108 3455 324 3535 mina,
390 3464 466 3520 et
531 3450 741 3521 Lucio
806 3452 1098 3521 Antonio
1149 3449 1439 3521 Consule
1504 3451 1803 3538 ejusdem
1871 3449 2075 3519 fratre
2141 3475 2299 3519 cum

110 3568 394 3639 cauare
434 3566 913 3651 diffidentibus,
955 3567 1324 3637 redivivum
1368 3571 1543 3635 inter
1587 3591 1696 3637 eos
1744 3567 2002 3635 bellum
2046 3578 2148 3636 est
2188 3591 2303 3636 su-

112 3688 460 3754 scitatum.
503 3684 598 3753 Et
637 3708 793 3753 cum
839 3666 940 3783 tot
983 3684 1232 3753 alendis
1276 3685 1650 3774 legionibus
1677 3684 1934 3753 tributa
1978 3709 2116 3754 non
2158 3681 2305 3752 suf-'

114 3799 411 3883 fiemnt,
439 3801 720 3880 donariis
748 3802 1154 3893 templorum
1180 3825 1268 3870 ex
1298 3814 1444 3871 tota
1473 3801 1701 3869 Gallia
1745 3812 1969 3891 togata
1999 3799 2298 3893 direptis,

116 3917 382 3988 Karous
432 3919 797 3989 Antonius.
826 3921 1160 4010 ingentem
1230 3920 1554 4009 pecuniae
1618 3921 1756 3986 vim
1785 3969 1806 4000 ,
1849 3930 1919 3985 et
1984 3940 2302 4007 magnam

117 4036 411 4105 militnm
443 4060 719 4106 manum
751 4040 1109 4106 contraxit.
1154 4036 1452 4106 Galliam
1482 4060 1637 4105 vero
1664 4049 1956 4106 nostram
2005 4038 2089 4120 Q.
2121 4033 2301 4104 Rufo

122 4150 370 4227 Caleno
414 4152 728 4226 senatori
770 4179 810 4223 a
851 4154 1077 4227 Marco
1122 4154 1418 4225 Antonio
1461 4158 1881 4225 commissam
1931 4158 2146 4244 primo
2188 4175 2304 4243 per
