2950 5017
691 455 694 458 ¹
732 428 855 496 188
1456 442 1691 488 annunt
1748 440 2166 524 nncrnxsrqu

663 633 668 638 .
721 562 1009 655 populus
1050 564 1119 630 in
1151 561 1602 630 Parmensium
1626 547 1807 629 ’fines
1850 573 2005 629 cum
2049 557 2314 630 vexillis
2358 560 2675 649 occurrit,
2711 569 2785 628 et
2825 561 2883 629 in

722 678 867 750 foro
931 680 1379 766 juramentum
1398 727 1417 758 ‚
1461 701 1598 767 quo
1665 676 2039 745 observatio
2105 678 2174 743 in
2232 674 2582 756 Pontifice,
2624 688 2698 743 et
2737 674 2885 743 fides
2922 701 2923 714 ¹

719 819 873 886 erga
899 796 1242 864 Caesarem
1275 794 1810 892 promittebatur,
1855 817 1896 860 a
1938 792 2194 859 civibus
2238 797 2483 886 exegit.
2530 792 2695 859 Inde
2739 793 2878 859 Par-
2922 789 2923 802 *

720 934 903 982 mam
951 907 1223 1000 'legatus
1282 906 1649 1000 profectus,
1696 909 1818 976 ubi
1864 908 2097 976 Actius
2138 906 2523 975 Manfredus
2566 912 2635 992 in
2687 911 2879 998 primo

719 1032 1014 1097 semestri
1056 1028 1323 1106 Praetor
1366 1026 1472 1114 jus
1518 1025 1807 1106 dicebat,
1839 1048 1946 1094 eos
1975 1027 2189 1105 cives,
2217 1023 2671 1093 Mediolanum
2693 1076 2715 1106 ,
2743 1025 2881 1091 Cre-

720 1166 1021 1224 monam,
1066 1142 1359 1232 aliasque
1406 1142 1598 1208 urbes
1638 1141 1823 1221 idem
1868 1140 2087 1226 jurare
2136 1139 2487 1229 compulit.
2530 1138 2876 1206 Caeterum
2922 1191 2923 1198 κ

717 1258 1030 1349 Gregorio
1066 1256 1400 1347 -pluribus
1446 1259 1689 1324 curatis
1734 1258 2052 1346 aegrotis,
2122 1270 2190 1322 et
2252 1255 2624 1322 luminibus
2695 1257 2878 1322 etiam

715 1374 1115 1465 quibusdam
1161 1375 1371 1441 coecis
1414 1373 1734 1441 restitutis
1779 1372 1958 1462 apud
1991 1372 2296 1439 Aretium
2340 1367 2653 1437 defuncto
2701 1369 2876 1437 Inno-

716 1492 973 1556 centius
1017 1487 1082 1556 V
1126 1512 1211 1572 ex
1253 1488 1342 1554 D.
1373 1488 1708 1556 Dominici
1750 1481 1975 1558 ordine
2019 1485 2356 1575 religiosus
2400 1482 2720 1551 suffectus
2763 1481 2881 1550 Ro·
2922 1523 2923 1572 3

716 1627 865 1671 mae
907 1605 1082 1671 intra
1125 1623 1367 1693 paucos
1413 1602 1549 1670 dies
1595 1597 1784 1670 obiit.
1822 1602 2045 1688 Hujus
2090 1623 2415 1668 successor
2445 1599 2776 1666 Adrianus
2805 1598 2880 1678 V,

714 1724 834 1812 qui
876 1723 1055 1812 prius
1087 1720 1485 1790 Othobonus
1514 1719 1768 1789 Fliscus
1800 1719 2193 1799 dicebatur‚·
2220 1721 2397 1786 intra
2436 1717 2579 1783 dies
2626 1719 2879 1805 triginta
2922 1795 2923 1802 ἵ

714 1839 1009 1927 quinque
1053 1837 1231 1927 apud
1261 1837 1620 1906 Viterbum
1665 1848 1733 1903 et
1780 1838 1917 1925 ipse
1960 1827 2296 1902 extinctus
2339 1845 2460 1900 est.
2508 1826 2708 1901 Petro
2754 1833 2884 1898 His-

714 1975 887 2041 pano
951 1965 1178 2041 postea
1220 1952 1543 2032 Pontifice
1593 1963 1848 2032 creato,
1892 1954 2014 2041 qui
2056 1951 2341 2028 Ioannes
2386 1947 2589 2014 XXII
2643 1946 2743 2014 est
2784 1957 2897 2014 vo-'

714 2080 926 2150 catus,
970 2072 1193 2142 evenit
1234 2081 1315 2136 ut
1357 2081 1645 2159 quatuor
1675 2066 2023 2137 Pontifices
2069 2091 2206 2134 uno
2251 2089 2431 2132 anno·
2468 2064 2876 2142 haberentur,

602 2167 609 2173 ’
714 2209 850 2275 quo
894 2209 1157 2254 annona
1200 2189 1494 2252 maxime
1539 2196 1637 2252 est
1677 2184 2088 2264 laboratum,
2119 2206 2271 2250 cum
2308 2184 2449 2262 nix,
2479 2204 2655 2270 quae
2690 2201 2877 2270 usque

713 2301 797 2374 ad
842 2302 1143 2369 calendas
1188 2301 1413 2395 aprilis
1477 2304 1546 2368 in
1615 2312 1789 2369 terra
1851 2300 2175 2368 resederat
2195 2350 2215 2380 ,
2259 2321 2388 2374 non
2436 2284 2636 2389 inodo
2678 2317 2882 2364 omnes

712 2416 931 2507 fruges
972 2423 1386 2514 corrupisset,
1419 2419 1531 2486 sed
1564 2422 1943 2487 universam
1992 2420 2194 2484 etiam
2239 2411 2659 2505 leguminum
2704 2414 2884 2480 satio-

635 2513 640 2519 ·
714 2543 869 2603 nem
914 2534 1373 2625 prohibuisset.
1422 2520 1503 2602 In
1548 2559 1788 2625 magna
1833 2535 2038 2601 tritici
2083 2536 2358 2600 caritate
2402 2531 2729 2597 sextarius
2757 2526 2881 2594 fru-

711 2654 923 2720 menti
967 2677 1099 2720 non
1152 2651 1303 2741 plus
1348 2665 1500 2722 octo
1544 2652 1769 2721 solidis
1816 2650 2250 2740 Regiensibus
2294 2664 2413 2738 pro
2460 2670 2683 2715 eorum
2733 2656 2886 2711 tem-

714 2791 950 2858 porum
995 2768 1257 2836 vilitate
1303 2779 1450 2835 tum
1500 2769 1844 2836 venditum
1879 2765 2081 2834 fuisse
2108 2765 2265 2855 legi,
2293 2785 2697 2853 quamquam
2741 2781 2883 2852 eam

711 2882 913 2974 prope
955 2885 1212 2951 dimidii
1264 2883 1492 2952 floreni
1542 2886 1727 2952 aurei
1775 2884 2305 2950 aestimationem
2348 2878 2553 2946 fuisse
2596 2873 2881 2945 nonnulli

710 3001 1073 3083 affirmant,
1124 3002 1395 3092 plurimi
1442 3005 1645 3069 etiarn
1690 3025 1776 3067 ex
1821 2998 2059 3089 frigida
2102 2998 2501 3075 humiditate
2556 3006 2878 3065 contracto

713 3118 944 3188 morbo
990 3120 1261 3208 periere.'
1304 3119 1626 3184 Decessit
1675 3132 1754 3182 et·
1794 3117 2129 3203 Ugolinus
2174 3114 2541 3182 Folleanas
2568 3116 2690 3180 vir
2728 3115 2884 3176 inter

607 3273 611 3278 -
714 3240 890 3303 cives
936 3228 1192 3300 hostros
1225 3236 1610 3321 primarius.
1657 3229 1881 3319 Quare
1925 3234 2018 3299 ad
2054 3232 2480 3300 avertendum
2520 3231 2743 3297 mortis
2762 3240 2882 3293 'ter-

714 3370 916 3416 rorem
980 3361 1305 3413 statutum
1373 3359 1475 3413 est
1485 3394 1513 3428 ,
1559 3368 1642 3412 ne
1696 3347 1998 3413 mulieres
2061 3348 2380 3414 cadavera
2433 3354 2878 3432 sequerentur,

714 3486 874 3531 neve
917 3462 999 3531 ob
1046 3462 1398 3550 defunctos
1430 3483 1796 3549 campanae
1829 3461 2282 3553 pulsarentur.
2315 3459 2421 3526 Eo
2450 3479 2635 3526 anno
2664 3456 2879 3524 Guido

712 3578 1047 3652 Robertus
1077 3578 1355 3646 Patavii
1384 3576 1675 3645 Praetor
1702 3580 1827 3664 jus
1871 3580 2085 3662 dixit,
2129 3576 2271 3644 sub·
2298 3597 2429 3664 quo
2462 3577 2633 3662 jura
2660 3574 2878 3663 sures,

716 3709 786 3763 et
837 3697 1278 3762 incendiarios
1337 3696 1701 3782 punientia
1768 3694 2038 3770 condita
2088 3691 2289 3780 fuere
2305 3740 2322 3756 .
2388 3690 2516 3756 Per
2584 3712 2696 3757 eos
2761 3686 2879 3752 dies

716 3810 1120 3892 Caesariani,
1166 3811 1366 3878 Petra
1417 3808 1675 3891 Situla‚
1719 3832 1895 3898 quae
1963 3805 2142 3876 nunc
2187 3807 2578 3875 Bismantua
2621 3805 2881 3882 dicitur,

718 3939 787 3993 et
818 3926 1169 3994 Guastal'la
1213 3930 1581 4017 occupatis,
1624 3927 1865 3993 crebris
1911 3923 2372 4015 eruptionibus
2399 3923 2688 4012 Regium
2718 3916 2882 3996 ‘affli-

715 4046 982 4134 gebant.
1045 4045 1241 4113 Cives
1285 4059 1365 4143 ut
1410 4047 1498 4111 ab
1541 4068 1621 4112 ea
1667 4042 1967 4114 molestia
2026 4040 2458 4109 liberarentur
2503 4039 2878 4106 Brixianam

707 4159 1068 4262 Salensem
1108 4162 1316 4253 Regii·
1358 4161 1729 4232 Praetorem
1799 4158 2019 4230 mense
2087 4168 2366 4252 augusto
2433 4155 2878 4227 Bismantuam
