2950 5017
973 409 1170 454 mam
1219 409 1517 458 oon-avus
2201 391 2333 464 555

89 527 841 600 calendasddeoembris
884 530 1059 597 circa
1104 529 1570 614 duodecimam
1642 529 1876 606 horam
1929 534 2142 612 noetis
2192 535 2344 616 vitaa

89 643 388 712 functus
441 660 567 710 est.
1597 719 1604 724 ,
1717 655 1722 660 ’

212 761 360 828 Per
410 760 491 826 id
536 773 804 851 tempus
846 760 1231 860 Mauritius,
1257 762 1444 852 quod
1487 784 1672 835 secer
1701 763 2147 853 Lantgravius
2192 787 2331 834 non

89 877 539 959 liberaretur,
583 902 742 950 cum
789 878 996 949 Gallo
1048 902 1119 947 se
1170 880 1645 967 conjunxerat,
1690 904 1771 949 ac
1813 880 2338 962 contraossaesa-

89 1019 221 1064 rem
275 994 570 1066 bellum
632 995 913 1069 molitus
957 997 1334 1086 Augustam
1381 1009 1451 1067 et
1495 996 1906 1088 Erebergum
1966 1021 2085 1087 per
2139 998 2335 1066 dedi-
2373 1063 2386 1070 -

89 1114 357 1181 tionem
410 1124 708 1201 ceperat.
756 1113 910 1197 Quo
956 1113 1189 1183 audito
1233 1113 1462 1183 Patres
1507 1113 1830 1185 Tridento
1876 1112 2289 1204 aufugerunt
2311 1165 2336 1197 ,

89 1240 147 1293 et
213 1228 493 1298 Caesar
536 1228 935 1319 Oenoponte
999 1230 1341 1299 discedens
1406 1254 1568 1298 cum
1635 1230 2058 1302 Ferdinando
2124 1228 2334 1300 fratre

89 1343 484 1425 villacum,
526 1344 710 1435 quod
770 1359 883 1414 ⁴est
948 1349 1018 1414 in
1073 1346 1310 1419 Carnis
1361 1347 1448 1416 ad
1493 1347 1792 1418 Dravam
1861 1346 2221 1437 oppidum,
2262 1370 2333 1414 se

89 1463 368 1551 recepit.
422 1462 786 1531 Mauritius
827 1462 1295 1553 Oenopontem
1339 1467 1614 1540 veniens
1658 1463 1962 1535 Caesaris
2004 1462 2368 1553 supellec·-

89 1576 274 1644 tilem
346 1578 694 1667 diripuit;
748 1578 1026 1649 demum
1071 1580 1480 1669 Lantgravio
1540 1579 1811 1649 dimisso
1833 1629 1854 1662 ,
1897 1580 2166 1652 Caesari
2232 1592 2335 1648 est

89 1694 527 1766 conciliatus.
559 1695 809 1766 Gallus
852 1712 1079 1767 autem
1112 1698 1347 1767 Metita
1381 1720 1539 1765 eum
1572 1697 2007 1787 Lotoringbia
2051 1695 2335 1788 aliisque
2371 1737 2376 1748 2

90 1811 355 1901 oppidis
406 1815 795 1902 occupavit,
842 1813 927 1880 ad
970 1836 1179 1903 quam
1226 1813 1658 1883 obsidendam
1697 1813 1948 1885 Caesar
1991 1812 2334 1904 profectus

94 1926 475 2017 profligatis
545 1928 852 1998 hostibus
910 1928 1228 1997 Guisium
1246 1980 1269 2011 ,
1338 1930 1555 1997 tribus
1630 1928 1840 1999 illatis
1903 1928 2333 2012 vulneribus,

96 2048 294 2136 cepit.
340 2047 656 2125 Domum
702 2045 975 2136 frigore,
1020 2061 1091 2115 et
1135 2062 1318 2137 peste
1367 2050 1613 2116 amissa
1661 2049 1858 2115 tertia
1912 2058 2101 2138 parte
2146 2071 2334 2120 exer-

97 2163 303 2242 eitus,
363 2187 583 2254 quam
654 2163 1039 2253 quindecim
1112 2164 1404 2231 millium
1477 2163 1823 2254 peditum,
1893 2175 1963 2232 et
2029 2166 2333 2256 quinque

103 2278 397 2348 millium
464 2282 778 2370 equitum
825 2278 1030 2349 fuisse
1077 2277 1347 2361 ferunt,'
1373 2280 1575 2349 Metis
1634 2280 2052 2352 obsidionem·
2106 2279 2332 2351 solvit.

102 2392 277 2464 Inter
320 2395 501 2464 haec
547 2395 898 2478 senenses,
944 2420 1102 2465 cum
1151 2398 1405 2486 Diegus
1449 2396 1837 2466 Praefectus
1880 2398 2173 2466 Romam
2218 2421 2332 2488 pe·

107 2512 329 2592 tiisset,
360 2537 403 2579 a
436 2513 722 2590 Caesare
770 2514 855 2581 ad
894 2513 1175 2582 Gallum
1208 2512 1622 2594 defecerunt,
1667 2514 1754 2581 ad
1799 2536 1969 2603 quos
2013 2513 2332 2604 regendos

110 2623 522 2719 Hippolytus
566 2632 918 2700 Atestinus
963 2631 1338 2702 cardinalis
1401 2628 1740 2719 profectus
1784 2633 2190 2720 quingentos
2234 2628 2334 2698 fa·-

109 2744 397 2816 miliares
444 2771 675 2815 secum
723 2748 1037 2819 adduxit.
1084 2747 1187 2815 Ea
1230 2772 1300 2815 re
1347 2747 1731 2838 indignatus
1762 2747 2004 2815 Caesar
2050 2770 2091 2815 a
2134 2747 2333 2818 Petro

111 2857 358 2932 Toledo
407 2864 699 2954 Neapoli
736 2865 1018 2954 Prorege
1049 2863 1261 2935 Senas
1305 2867 1677 2955 expugnari
1722 2863 1948 2951 jubet,
1993 2866 2116 2956 qui
2162 2863 2331 2932 dum

120 2974 497 3050 Florentiae
565 2982 745 3071 apud
815 3005 1135 3071 generum
1180 3005 1329 3056 eam
1377 2981 1873 3071 expeditionem
1936 2992 2163 3072 parat,
2221 3005 2334 3050 ve-

121 3115 311 3176 neno,
341 3110 426 3165 ut
456 3094 707 3177 ferunt,
736 3095 1067 3168 sublatus,
1088 3098 1387 3169 decessit.
1434 3096 1595 3166 Non
1641 3097 1795 3166 ideo
1828 3100 2055 3165 minus
2083 3096 2332 3165 Caesar

125 3213 237 3297 qui
303 3212 691 3292 Teroanam.
728 3214 1155 3286 Morinorum.
1189 3216 1508 3305 ceperat,
1559 3225 1630 3281 et
1681 3217 1750 3282 in
1807 3214 2333 3284 Pedemontibus

120 3324 374 3398 bellum
421 3333 693 3423 gerebat
715 3383 738 3414 ,
778 3331 988 3401 Senas
1035 3333 1336 3402 obsidere
1380 3334 1685 3414 destitit3
1730 3331 1842 3399 sed
1887 3332 2041 3412 inde
2085 3331 2335 3402 milites

127 3443 204 3510 ad
246 3446 738 3520 defendendum
785 3473 826 3516 a
871 3449 1079 3518 classe
1124 3450 1411 3523 Turcica
1444 3447 1802 3541 Neapolim
1851 3453 2170 3531 revocati,
2214 3451 2334 3519 ob·

125 3560 443 3638 sidionem
511 3566 878 3655 solverunt.
947 3567 1078 3636 Illa
1147 3578 1371 3636 totum
1436 3567 1602 3635 litus
1657 3567 2082 3657 Tyrrhenum
2136 3564 2332 3637 foede

124 3674 622 3767 devastaverat,
664 3687 1058 3779 ingentique
1111 3685 1469 3756 hominum
1536 3696 1607 3752 et
1673 3683 2014 3776 pecudum
2083 3683 2330 3766 abacto

131 3816 397 3871 numero
442 3802 834 3893 opulentam
882 3779 1195 3893 praedam
1228 3800 1564 3882 -fecerat;=
1597 3801 1879 3884 demum
1934 3800 2333 3870 adveniente

132 3907 668 3989 caesarianorum
744 3921 1006 3991 auxilio
1053 3919 1319 4011 repulsa
1343 3971 1363 4001 ,
1407 3915 1831 3986 Bonifacium
1890 3917 2216 4011 oppidum
2260 3921 2330 3985 in

131 4023 383 4101 Corsica
405 4034 592 4103 Galli
623 4038 891 4105 nomine
922 4039 1300 4127 occupavit.
1330 4035 1494 4104 Post
1525 4034 1692 4110 haec
1723 4032 2074 4126 Philippus
2103 4032 2331 4103 Caroli

129 4138 316 4231 filius,
345 4151 582 4237 Maria,
613 4178 788 4245 quae
818 4157 889 4223 in
923 4153 1143 4246 Anglo
1172 4177 1399 4245 regno,
1429 4151 1757 4222 defuncto
1788 4149 1980 4221 fratri
2007 4149 2324 4226 Eduardo
