2950 5017
929 431 1127 482 mnn
1143 427 1497 483 umus
2102 506 2113 516 .
2155 417 2293 510 498

52 556 190 627 mh
225 545 587 635 Ioannino
621 552 879 626 Medico
921 580 1164 649 magno
1204 559 1459 627 civium
1501 549 1925 627 incommodo
1967 555 2295 648 hyberna-

52 685 318 744 tutum
333 701 356 734 κ
369 672 657 762 Regium
714 675 917 742 misit.
972 674 1238 741 Praeter
1296 684 1588 753 tectum,
1637 684 1996 741 stramenta
2011 724 2032 755 ,
2074 674 2297 766 supel-

52 787 419 870 lectilem,
449 801 518 856 et
546 788 754 880 ligna,
784 813 960 880 quae
990 789 1317 858 militibus
1361 787 1984 880 suppeditabantur,
2013 779 2294 881 singulis

52 902 537 994 cataphractis
580 904 884 993 quotidie
926 904 1291 995 quindenos
1336 926 1508 972 asses
1550 902 2098 985 Mediolanenses,
2136 904 2291 974 aliis

52 1018 358 1089 levioris
404 1031 781 1090 armaturae
824 1021 1168 1111 equitibus
1209 1019 1565 1088 dimidium
1619 1020 1764 1107 ejus
1805 1020 2121 1111 stipendii
2167 1018 2298 1092 sol·

53 1159 232 1205 vere
291 1137 734 1228 cogebantur.
779 1136 1084 1206 Montani
1146 1161 1302 1207 vero
1361 1133 1881 1207 facinorosorum
1945 1136 2302 1206 hominum

52 1275 283 1343 opera
337 1265 784 1323 contumaces·
813 1251 976 1323 facti
1020 1253 1149 1322 sibi
1192 1255 1555 1344 assignatos
1594 1252 1843 1324 milites
1873 1252 2301 1343 expulerunta

55 1370 325 1453 Quare.
363 1370 754 1442 decuriones
797 1370 1261 1453 decreverunt,
1290 1383 1373 1439 ut
1409 1373 1530 1464 qui
1576 1394 1665 1440 ex
1706 1369 1842 1439 illis
1884 1369 2169 1461 Regium
2214 1370 2304 1439 ad

57 1484 431 1556 nundinas
495 1490 826 1557 venissent
891 1489 1363 1583 pignerationis
1422 1509 1624 1556 causa
1667 1487 2144 1556 detinerentur.
2182 1485 2305 1563 ‚Oh

59 1601 242 1671 haec
289 1603 583 1688 consilia
625 1603 726 1671 illi
753 1607 1103 1694 perterriti
1162 1606 1233 1671 in
1286 1604 1632 1672 montibus
1672 1627 1746 1672 se
1790 1607 2304 1687 continuerunt,

67 1730 144 1786 et
188 1718 513 1811 singulos
557 1723 735 1790 cives
780 1744 898 1810 pro
942 1718 1206 1810 singulo
1247 1719 1459 1788 boum
1515 1718 1678 1808 jugo
1724 1721 1965 1809 viginti
2011 1731 2305 1809 quatuor

63 1857 246 1903 asses
295 1836 613 1926 quotidie
666 1836 750 1904 ad
805 1835 1080 1908 alendos
1130 1838 1390 1925 equites
1436 1832 1733 1906 conferre
1775 1839 2096 1926 oportuit.
2143 1835 2308 1926 Pyr-

70 1951 239 2022 rhus
306 1951 674 2044 Gonzagus
730 1954 1003 2032 Ioannis
1058 1954 1240 2022 Petri
1305 1952 1520 2035 filine,
1582 1955 1704 2044 qui
1763 1952 2181 2035 Nivolariae,
2235 1963 2308 2021 et

73 2068 372 2160 Bagnoli
421 2070 599 2142 alam
643 2072 954 2161 equitum
1000 2067 1323 2151 habebat,
1365 2092 1551 2160 agros
1586 2073 1840 2141 civium
1879 2070 2306 2160 Regiensium

80 2185 180 2253 ibi
226 2188 399 2257 sitos
444 2185 608 2255 huic
653 2189 833 2255 oneri
879 2185 1192 2272 subjecit.
1222 2186 1510 2276 Jamque
1544 2186 1799 2254 abactis
1842 2171 2190 2276 pecoiihus
2233 2196 2308 2254 et

84 2299 455 2371 frumentis
510 2302 750 2371 ablatis
815 2314 1248 2371 contumaces
1299 2301 1754 2383 multaverat3
1797 2302 1913 2400 sed
1957 2301 2159 2394 legati
2205 2301 2308 2372 tei

84 2417 419 2490 Ticinum
462 2419 551 2488 ad
595 2420 991 2510 Prosperum
1015 2418 1446 2488 ,Columnam
1494 2422 1710 2500 missi,
1761 2419 2067 2513 tandem,
2112 2420 2308 2488 honis

87 2540 402 2628 receptis,
429 2539 733 2627 iniquam
774 2538 1195 2605 exactionem
1240 2534 1677 2604 sustulerunt.
1722 2534 1910 2602 Idem
1957 2534 2305 2606 tributum

85 2655 159 2721 in
202 2657 429 2722 sancti
472 2653 751 2721 Martini
796 2655 1126 2724 territorio
1170 2652 1598 2741 Regiensium
1643 2649 1930 2740 praediis
1959 2650 2309 2718 Atestinus

91 2770 535 2862 imposuerat,
564 2769 745 2861 quod
792 2782 863 2838 et
905 2772 1127 2860 ipsum
1171 2768 1592 2859 imperatoris
1635 2768 1965 2835 exercitus
1992 2765 2308 2857 ›benigni-

91 2899 232 2958 tate
276 2891 660 2957 extinctum
705 2884 862 2956 fuit.

222 3004 381 3073 Sub
423 3006 492 3073 id
538 3017 808 3094 tempus
849 3014 933 3071 ut
976 3001 1341 3072 Rhodanus
1386 3012 1665 3083 torrens,
1700 3002 1820 3092 qui
1865 3024 1953 3069 ex
1995 3000 2309 3070 Bortiani

93 3124 445 3194 montibus
486 3121 853 3204 descendit,
900 3123 1157 3196 exitum
1202 3122 1558 3200 inveniret,
1601 3116 1941 3190 defossum
1985 3118 2217 3187 canale
2260 3142 2306 3187 a

93 3252 300 3329 ponte
348 3240 777 3330 Ruptarum,
823 3236 1022 3308 alveo
1067 3239 1140 3305 in
1206 3238 1462 3327 viginti„
1515 3235 1710 3305 ulnas
1763 3233 2129 3326 patefacto,
2189 3259 2309 3327 per

98 3361 330 3450 campi
358 3359 650 3435 Rainetii
684 3356 888 3425 valles
937 3358 1005 3423 in
1052 3354 1522 3426 Crustumium
1552 3366 1654 3424 est
1682 3354 2094 3436 derivatum,
2121 3352 2309 3444 quod

101 3495 145 3543 a
183 3475 645 3567 magnitudine
686 3472 1119 3543 Canalatium
1163 3471 1369 3563 vulgo
1398 3472 1684 3552 dictum,
1712 3471 2015 3563 Bagnoli,
2062 3481 2135 3539 et
2179 3470 2311 3538 Re·-
2406 3481 2410 3492 '

100 3592 426 3680 giensium
454 3591 617 3661 fines
645 3591 910 3661 dividit.
944 3591 1205 3676 Quarto
1252 3614 1412 3661 vero
1456 3612 1666 3660 nonas
1710 3588 2002 3659 octobris
2044 3589 2310 3654 circiter

102 3704 339 3777 horam
401 3711 617 3779 noctis
682 3710 1040 3799 septimam
1107 3708 1452 3777 tremendo
1506 3715 1925 3774 ‘terraemotu
1990 3723 2311 3770 concussa

107 3824 364 3909 civitas,
391 3828 698 3917 sequenti
727 3829 935 3896 etiam
967 3823 1076 3892 die
1119 3826 1302 3893 circa
1345 3820 1580 3892 horam
1610 3820 1939 3887 decimam
1969 3819 2308 3909 quintam,
2414 3903 2433 3920 ο

109 3942 368 4016 mitiore
412 3953 641 4011 tamen
685 3943 970 4031 repetito
1013 3952 1208 4011 motu
1250 3939 1607 4008 laboravit.
1653 3934 1733 4004 Id
1777 3946 2088 4016 cruenta,
2131 3956 2313 4025 quae

111 4071 331 4127 secuta
396 4070 557 4129 sunt
621 4069 1094 4135 montanorum
1163 4055 1417 4148 praelia
1483 4052 1883 4146 praedixisse
1943 4048 2309 4120 ferebatur.

111 4167 309 4248 Catto
337 4179 542 4262 enim,
570 4199 774 4271 quem
820 4200 863 4247 a
903 4174 1199 4249 Morotto
1244 4195 1512 4246 caesum
1553 4170 1771 4244 fuisse.
1803 4169 2125 4254 diximus,
2155 4164 2307 4237 Vir-
