2950 5017
964 399 1167 452 mana
1212 406 1461 453 812.st
2170 392 2296 476 431

43 550 322 619 regno,
368 524 715 596 Ludovico
760 549 981 597 socero
1022 551 1238 619 nuper
1283 525 1630 611 defuncto,
1673 540 2116 613 successerat,
2158 531 2305 599 bel-

57 644 238 711 lum
269 657 510 732 ¹contra
540 635 1083 712 Maximilianum
1106 627 1432 716 Ludovici
1462 644 1679 714 filium
1712 646 2303 716 Mediolanensium

50 763 355 830 Ducem
404 761 647 831 moliri.
693 764 983 854 Jamque
1037 764 1236 835 rebus
1286 788 1447 833 cum
1491 765 1709 856 Anglo
1763 770 2191 857 compositis,
2235 780 2307 835 et

53 878 352 950 foedere
395 903 553 948 cum
601 881 902 963 Venetis,
946 883 1197 974 quibus
1239 882 1641 953 Cremonam
1690 888 2114 975 promiserat,
2160 908 2309 977 per-

52 1021 315 1080 cusso,
359 998 398 1077 J
402 998 685 1074 acobum
746 998 1152 1082 Triultium,
1200 999 1498 1092 aliosque
1543 1003 1938 1093 proscriptos
1984 1001 2308 1071 Mediola-

51 1137 324 1182 nenses
387 1114 469 1183 ad
530 1116 1047 1206 commovendos
1099 1116 1384 1207 populos
1440 1120 1898 1208 praemiserat.
1955 1118 2198 1187 Ven'eti
2238 1141 2310 1187 se

60 1229 173 1297 ab
207 1232 524 1320 Hispanis
569 1231 881 1300 adversus
926 1244 1259 1301 conventa
1288 1233 1516 1301 Brixia
1543 1229 1967 1325 impudenter
1997 1233 2310 1304 exclusos

59 1347 457 1437 indignati,
510 1347 597 1415 ad
649 1347 928 1416 Gallum
999 1347 1425 1418 transierant.
1488 1349 1742 1420 Contra
1802 1350 2311 1420 Maximilianus

65 1462 347 1533 Sfortia
399 1454 679 1534 foedere
712 1489 870 1533 cum
918 1465 1276 1550 pontifice,
1320 1467 1634 1558 Caesare,
1688 1468 2109 1537 Ferdinando
2163 1470 2314 1540 His-

62 1585 441 1673 paniarum
504 1582 719 1673 Rege,
777 1583 1141 1667 Helvetiis,
1187 1597 1258 1653 et
1310 1586 1502 1652 Duce
1565 1585 1989 1676 Burgundiae
2039 1586 2309 1674 juncto,
2418 1612 2427 1622 ‘

65 1696 444 1768 Gallorum
491 1702 825 1789 impetum
885 1696 1081 1766 facile
1140 1700 1636 1769 sustentaturus
1697 1723 1834 1770 esse
1895 1702 2311 1770 credebatur.

67 1814 480 1883 Matthaeus
534 1837 810 1905 quoque
872 1814 1274 1884 sedunensis
1319 1816 1691 1885 cardinalis
1746 1820 1923 1885 inter
1970 1817 2315 1892 Helvetios

69 1933 401 2022 princeps
430 1930 890 2000 Mediolanum
923 1929 1280 2022 profectus
1324 1957 1522 2003 omne
1563 1933 1744 2004 Duci
1790 1934 2125 2003 auxilium
2171 1933 2316 2024 pol-

69 2047 450 2128 licebatur,
496 2046 1000 2138 Helvetiosque,
1048 2049 1249 2119 modo
1297 2071 1512 2118 unum
1559 2069 1647 2116 ex
1692 2047 2043 2119 foederatis
2091 2053 2316 2140 copia·
2388 2135 2393 2140 .

69 2187 242 2231 rum
311 2166 785 2254 imperatorem
855 2165 1265 2254 acciperent,
1328 2167 1400 2232 in
1447 2164 1988 2234 -Pedemontanis
2050 2169 2315 2265 ‘ingenti

70 2285 390 2351 exercitu
469 2280 687 2350 Gallis
761 2281 1038 2351 obviam
1106 2285 1318 2352 ituros
1393 2284 1865 2375 promittebat.
1932 2284 2049 2352 Eis
2115 2285 2316 2354 datus

71 2401 367 2492 Prosper
411 2399 752 2489 Columna
804 2401 1251 2491 Hispanarum
1322 2405 1668 2492 copiarum
1735 2414 1968 2472 contra
2020 2402 2316 2473 Venetos

78 2543 211 2611 pro
258 2519 443 2609 Rege
488 2519 908 2589 Ferdinando
970 2517 1348 2609 praefectus
1412 2543 1732 2611 magnum
1795 2522 2166 2610 equitatus.
2191 2543 2316 2588 nu-

78 2658 358 2729 rnerum
404 2634 821 2728 Nivolariam
886 2636 1222 2726 perduxit.
1276 2636 1442 2705 Mox
1508 2638 1747 2725 viginti
1814 2641 2108 2726 quatuor
2158 2633 2316 2701 mil-

79 2753 274 2823 libus
320 2751 788 2822 Helvetiorum
851 2757 1144 2844 acceptis
1160 2804 1180 2835 ,
1222 2756 1294 2821 in
1338 2747 1732 2856 Allobroges
1778 2752 1863 2819 ad
1909 2751 2317 2842 Carmagno-

81 2871 233 2938 lam
303 2845 540 2964 contra
585 2870 823 2939 Gallos
891 2873 1266 2938 exercitum
1336 2869 1558 2937 duxit.
1610 2868 1919 2948 Julianus
1978 2881 2317 2959 praeterea

82 2986 387 3057 medices
429 2985 936 3056 Pontificiarum
979 2989 1332 3076 copiarum
1379 2985 1621 3055 ductor
1663 2984 2085 3055 Florentinos
2136 3010 2318 3057 com-

82 3105 312 3197 pulit,
371 3118 458 3173 ut
509 3103 721 3172 alium
779 3117 1009 3172 contra
1077 3102 1311 3176 Gallos
1364 3105 1737 3172 exercitum
1789 3104 2315 3199 conscriberent,

83 3245 304 3313 quem
365 3224 506 3311 ipse
557 3218 815 3298 difficili
877 3219 1119 3289 morbo
1163 3219 1573 3310 implicitus,
1626 3220 1755 3288 sub
1799 3220 2163 3290 Laurentio
2208 3219 2320 3287 de-

85 3336 318 3407 functi
363 3338 545 3406 Petri
590 3335 814 3406 fratris
864 3335 1005 3408 filio
1059 3360 1220 3405 cum
1283 3336 1474 3404 mille
1520 3337 1997 3427 cataphractis,
2042 3349 2112 3403 et
2172 3336 2318 3424 aliis

83 3456 360 3526 levioris
404 3466 792 3523 armaturae
829 3455 1199 3546 equitibus,
1244 3457 1633 3546 ingentique
1677 3456 1984 3545 peditum
2029 3478 2315 3523 numero

83 3575 160 3639 in
211 3571 587 3639 Insubriam
636 3574 840 3640 misit.
886 3573 953 3639 Ii
991 3571 1159 3640 dum
1203 3572 1411 3662 Regio
1456 3583 1837 3653 transeunt,
1881 3574 1953 3638 in
1999 3593 2078 3636 ea
2124 3570 2319 3637 disci-

88 3686 288 3779 plina
331 3710 399 3756 se
442 3693 955 3770 continuerunt,
987 3702 1067 3755 ut
1097 3688 1253 3757 cibo
1287 3701 1593 3780 potuque
1635 3689 1931 3756 contenti
1976 3687 2316 3752 neminem

89 3803 347 3891 injuria
393 3803 755 3874 affecerint.
802 3805 1062 3896 Viginti
1111 3805 1370 3874 dierum
1425 3806 1646 3894 spatio
1708 3814 1889 3871 totus
1946 3804 2316 3884 exercitus,

93 3921 369 3991 vexillis
423 3926 781 4013 separatim
851 3923 1202 4016 praelatis,
1255 3945 1470 4015 usque
1516 3921 1602 3989 ad
1646 3941 1779 3988 xm
1824 3920 2131 3988 calendas
2174 3916 2321 4009 sepss

95 4040 380 4109 tembris
411 4041 538 4108 iter
568 4042 1016 4111 continuavit.
1056 4041 1354 4108 Demum
1385 4040 1787 4109 Laurentius
1805 4023 1972 4129 “ipse
2016 4035 2319 4108 militum

93 4162 413 4253 magister
478 4158 750 4229 Mutina
816 4158 1196 4245 discedens,
1262 4157 1446 4250 apud
1515 4158 1775 4228 Lucam
1842 4152 2319 4227 Fontanellum
