2950 5017
993 383 1354 472 marmio
2057 463 2060 466 Α
2211 426 2262 494 9

90 571 249 628 tune
302 546 726 624 benefitium
765 566 881 618 me
926 561 1318 618 assecutum
1365 564 1515 618 esse
1558 540 1972 631 arbitrabor,
2014 540 2075 616 si
2120 540 2251 615 ali·
2309 595 2312 604 „

85 698 325 775 quarn,
369 687 454 745 nt
501 664 934 766 Trasyhulus
977 664 1282 755 dicebat,
1328 690 1457 764 pro
1501 663 1736 739 multis
1778 689 1955 765 quas
1982 664 2256 738 Patriae

88 795 351 882 debeo,
393 791 685 890 gratiam
749 786 1065 863 retulisse
1118 784 1438 861 videbor.
1505 785 1810 860 Primum
1851 785 2085 884 igitur,
2125 784 2252 884 qui

92 935 248 991 ante
292 918 487 1015 jacta
531 911 724 986 urbis
767 927 1044 987 nostrae
1085 908 1536 982 fundamenta
1564 933 1719 982 eam
1764 925 2015 982 terram
2055 906 2253 983 ineo-

92 1039 378 1127 luerint,
440 1058 906 1135 exponemus3
970 1051 1124 1108 tum
1188 1032 1405 1131 ipsius
1468 1031 1858 1131 primordiis
1931 1030 2254 1105 indicatis

98 1185 584 1264 quaecumque
630 1160 723 1234 ad
770 1159 951 1232 hane
998 1157 1188 1230 diem
1216 1156 1308 1229 de
1335 1142 1784 1252 Regiensinm
1819 1152 2028 1230 rebus
2057 1178 2258 1230 nosse

100 1285 447 1384 potuimus
490 1308 581 1357 ex
622 1281 948 1356 historica
993 1277 1138 1354 fide
1165 1279 1433 1377 integra
1460 1277 1863 1353 referentur.
1894 1277 2156 1352 Verum
2182 1276 2260 1349 in

103 1408 319 1505 prima
366 1422 644 1481 nostrae
697 1401 893 1477 urbis
931 1419 1161 1476 aetate
1206 1400 1648 1501 exponenda,
1691 1418 1774 1473 ut
1814 1399 1890 1472 in
1934 1423 2012 1473 re
2057 1415 2262 1473 vetu-

102 1530 387 1604 stissima
434 1552 617 1630 qnae
663 1526 783 1601 vix
830 1525 921 1600 ad
966 1525 1180 1625 hujus
1231 1524 1493 1599 saeculi
1547 1522 1902 1599 hominum
1946 1522 2263 1598 notitiam

104 1651 442 1750 pervenit,
485 1675 741 1749 pauca,
785 1674 916 1725 neo
946 1647 1092 1723 fere
1121 1648 1251 1722 nisi
1280 1648 1413 1724 toti
1440 1648 1842 1748 provinciae
1870 1646 2262 1723 eommunia

112 1773 359 1847 narrari
398 1787 751 1871 poterunt.
801 1772 882 1843 In
938 1796 1084 1871 quo
1147 1769 1574 1868 geographos
1631 1768 1981 1859 imitabor,
2023 1769 2145 1869 qui
2189 1769 2263 1842 in
2299 1850 2304 1854 ,

108 1893 516 1995 longinquis,
559 1917 708 1966 nee·
737 1890 947 1993 plane
989 1893 1283 1990 cognitis
1327 1891 1723 1989 regionibus
1767 1889 2265 1982 describendis,

106 2042 257 2091 enm
298 2017 615 2092 locorum
661 2014 1036 2114 particulas
1081 2014 1196 2091 vel
1241 2016 1413 2089 situs
1443 2033 1687 2089 exacte
1714 2015 2097 2114 exprimere
2140 2039 2262 2089 ne-

106 2157 384 2238 queant,
429 2163 615 2238 quae
657 2134 805 2213 sola
847 2153 1128 2225 norunt,
1172 2135 1375 2234 longa
1418 2135 1679 2225 littora,
1724 2153 1846 2212 aut
1883 2160 2045 2210 eum
2071 2161 2265 2212 mon-

111 2259 285 2334 tibus
328 2258 689 2359 planitiem
732 2258 1061 2334 referunt.
1109 2258 1217 2331 Ita
1262 2257 1432 2331 mihi
1477 2276 1752 2332 nostrae
1780 2258 2078 2333 civitatis
2122 2258 2268 2357 pri-

109 2365 387 2471 mordia,
430 2406 731 2481 quorum
758 2380 878 2457 vix
908 2378 1144 2479 aliqua
1172 2396 1365 2453 extat
1407 2380 1762 2469 memoria,
1790 2379 2027 2454 rudius
2057 2397 2263 2453 erunt

116 2502 603 2576 adumbranda.
650 2502 1078 2601 Sequentem
1145 2526 1314 2577 vero
1381 2519 1709 2591 aetatem,
1778 2517 1857 2574 ut
1901 2500 2267 2591 notiorem,

111 2625 384 2698 vetustis
427 2622 793 2698 annalibus
837 2648 1114 2722 semper
1156 2623 1526 2698 inhaerens
1563 2648 1723 2698 eum
1753 2625 1894 2697 suis
1922 2621 2265 2722 partibus,

112 2746 302 2834 veris,
340 2745 579 2845 quoad
626 2747 779 2844 ejus
820 2744 969 2819 fieri
1016 2746 1297 2844 poterit,
1343 2744 1693 2821 coloribus
1721 2769 2116 2843 expressam
2146 2744 2257 2816 in-

114 2885 293 2962 tegre
334 2868 726 2965 depingam.
777 2865 975 2966 Opus
1017 2867 1224 2965 igitur
1271 2866 1544 2941 liberali
1589 2868 1817 2941 animo
1880 2865 2083 2941 vobis
2139 2864 2265 2941 oh-

114 2989 323 3061 latnm
364 2990 661 3087 benigne
701 2990 1054 3090 suscipite,
1107 2999 1190 3064 u‘t
1244 2993 1586 3089 majorum
1638 2989 1966 3086 originem
1985 3042 2008 3080 ,
2051 3006 2267 3086 gesta,

117 3136 199 3182 ae
242 3137 359 3185 vos
401 3113 709 3212 denique
751 3111 963 3210 ipsos,
1010 3111 1209 3187 velut
1252 3131 1484 3186 vestra
1521 3111 1820 3209 imagine
1864 3110 1939 3183 in
1981 3108 2266 3209 speculo

116 3236 438 3333 inspecta,
482 3236 938 3333 cognoscatis.
989 3234 1262 3312 Valete.

298 3485 587 3556 Patavii
634 3502 825 3553 an
869 3483 1046 3553 Kal.
1096 3481 1299 3554 Febr.
1326 3434 1617 3553 ‘morx-
