2950 5017
858 406 876 445 ς
934 395 1134 444 maun
1180 395 1457 445 rem-rus
2156 380 2287 451 215

69 516 350 608 quihus
417 511 841 595 manfredus,
883 517 1006 583 nisi
1058 539 1329 607 propere
1372 538 1440 583 se
1484 515 1760 598 dedant,
1804 517 2106 588 vinctu-m
2172 544 2290 613 pa·-

67 646 356 701 renoem
399 635 627 700 statim
673 631 1142 700 trucidandum
1183 635 1503 701 minatur.
1547 629 1841 702 Gemens
1892 632 2134 703 infelix
2174 660 2293 726 pa·-

65 761 184 817 tu·
231 760 318 817 et
363 759 558 819 natos
601 746 1105 816 lacrimantibus
1148 747 1355 817 oculis
1395 750 1767 839 respiciens,
1810 751 1902 818 ab
1945 751 2047 819 his
2059 802 2079 833 ,
2120 776 2292 843 quo-

67 887 252 933 rum
301 867 488 934 vitae
551 886 754 931 causa
812 861 1064 946 fuerat,
1109 868 1320 934 vitam
1388 865 1516 933 sihi
1580 868 1823 934 servari
1868 869 2288 958 expectabat.

65 980 426 1049 Crudeles
468 980 661 1048 liberi
677 1031 697 1062 ,
726 982 863 1047 sive
905 979 981 1048 id
1023 981 1114 1048 ab
1156 981 1348 1051 hoste
1386 993 1469 1049 ut
1511 981 1753 1073 oppido
1780 983 2101 1072 potiretur
2126 983 2291 1076 fingi

63 1097 476 1179 candeant,
515 1100 656 1166 sive
701 1100 907 1165 etiam
972 1101 1284 1187 genitoris
1328 1101 1539 1168 vitam
1601 1099 2035 1190 negligerent,
2075 1105 2293 1192 petita

61 1211 328 1282 Μαῖα
365 1225 776 1283 recusarunt.
815 1212 1207 1285 Manfredus
1245 1219 1497 1284 insonti
1552 1217 1693 1284 seni
1756 1226 1912 1285 ante
1977 1229 2292 1287 natorum

73 1330 337 1399 oculos
403 1330 768 1400 miserando
831 1331 1209 1420 spectaculo
1274 1344 1481 1423 caput
1546 1335 1959 1422 amputavit3
2004 1333 2165 1401 inde
2220 1336 2293 1405 in

74 1448 349 1515 urbem
392 1470 692 1516 reversus
734 1447 926 1519 velut
969 1445 1193 1516 furens
1238 1451 1385 1516 viae
1429 1447 1503 1516 S.
1535 1449 1836 1519 Zenonis·
1863 1448 2087 1531 aedes,
2114 1449 2295 1539 quod

83 1690 240 1758 ret,
281 1677 640 1747 crudeliter
681 1679 983 1749 incendio
1028 1683 1461 1770 consumpsit.
1512 1680 1621 1747 Ita
1663 1680 1994 1750 nobilium
2040 1678 2296 1749 tumul·-

84 1793 296 1861 tibus
358 1794 752 1881 jamdudum
817 1806 1065 1864 vexata
1106 1799 1365 1878 civitas,
1432 1798 1649 1886 iniqui
1717 1799 1923 1862 etiam
1969 1793 2295 1863 Praefecti

84 1906 332 1978 furore
355 1910 765 1978 vastabatur.
809 1910 988 1978 Inter
1030 1910 1156 1980 hos
1198 1925 1420 1979 motus
1449 1912 1701 1979 veritus
1736 1911 1972 1979 Actius
2002 1909 2293 1983 Estensis

85 2049 181 2093 ne
227 2050 274 2093 a
318 2030 829 2118 proscriptorum
874 2031 1202 2118 cognatis,
1231 2044 1299 2095 et
1338 2031 1570 2095 amicis
1613 2031 1846 2097 civitas
1889 2030 2133 2094 recenti
2178 2026 2294 2094 ad·

87 2140 234 2211 huc
277 2140 607 2209 libertatis
666 2146 985 2212 memoria
1049 2155 1303 2211 retenta
1372 2142 1795 2231 proderetur,
1840 2141 2173 2209 Thomam
2220 2153 2291 2209 et

87 2256 582 2327 Gmssendium
624 2258 974 2340 Robertos,
1021 2258 1365 2328 Albenum
1409 2257 1930 2340 Flordebellum,
1978 2257 2296 2325 Francis-

89 2397 250 2443 σιω
293 2374 713 2461 Archetium,
756 2375 1159 2466 Philippum
1201 2401 1246 2443 a
1289 2378 1575 2466 Baysio,
1620 2375 1952 2453 ,Ioannem
1999 2398 2043 2441 a
2088 2373 2296 2443 Man-

91 2493 262 2576 dm,
307 2504 376 2560 et
425 2491 797 2561 Todescum
846 2492 1178 2561 Taculum
1218 2515 1372 2560 cum
1428 2490 1739 2559 affinibus
1797 2492 2056 2558 vinctos
2100 2489 2291 2576 Regii

95 2604 451 2675 custodiae
495 2606 796 2674 tradidit:
845 2630 934 2674 ex
976 2607 1444 2677 Folleanorum
1475 2629 1751 2696 quoque
1795 2602 2049 2671 familia
2095 2625 2294 2691 quos·

95 2743 398 2812 cumque
461 2721 1010 2812 comprehendere
1076 2727 1302 2813 potnit
1367 2720 1642 2788 funibus
1686 2720 2066 2787 constrictos
2112 2717 2298 2783 vehi-

97 2837 283 2904 enlin
305 2838 671 2906 Ferrariam
714 2841 1098 2907 transmisit.
1145 2837 1290 2905 Nec
1333 2835 1552 2904 multo
1587 2845 1737 2923 post
1768 2832 2022 2902 octobri
2066 2855 2294 2899 mense

103 2953 453 3024 viniolam
496 2966 942 3046 occupaturus
986 2978 1144 3022 cum
1183 2954 1609 3042 Regiensium
1654 2951 1949 3017 exercitu
1995 2947 2084 3014 ab
2128 2949 2294 3015 urbe

101 3069 426 3140 discessit.
471 3072 605 3140 Sed
648 3096 803 3140 cum
846 3073 1312 3151 Bononienses‚
1356 3071 1473 3159 qui
1521 3069 1894 3160 proscriptis
1924 3062 2291 3133 Pontificiis

103 3182 466 3270 favebant,
515 3187 861 3280 explicatis
904 3187 1169 3261 vexillis
1232 3186 1542 3254 adversus
1606 3207 1678 3252 se
1743 3185 1835 3249 ire
1903 3180 2292 3273 audivisset,

103 3301 547 3373 Scultennam
608 3304 860 3375 flumen
923 3307 1193 3374 transire
1256 3329 1390 3373 non
1455 3315 1557 3371 est
1625 3323 1851 3371 ausus.
1910 3299 2090 3369 Cum
2135 3321 2297 3367 vero

103 3417 548 3491 Bononienses
589 3422 928 3490 Bazanum
973 3433 1433 3510 occupassent,
1483 3422 1691 3488 iratus
1721 3418 1956 3485 Actius
1988 3415 2294 3483 Guarda·

105 3558 441 3607 aaronem
514 3560 797 3628 parvum
863 3539 1301 3626 municipium
1325 3586 1345 3617 ,
1412 3535 1594 3625 quod
1665 3556 1779 3624 per
1850 3531 2288 3622 quatriduum

107 3655 510 3743 proscriptos
537 3649 884 3745 Regienses
927 3655 1298 3743 recepisset,
1328 3651 1469 3721 solo
1505 3652 1843 3740 aequavit:
1892 3669 1969 3713 ac
2005 3645 2293 3734 Regium

105 3781 443 3837 revertens
485 3768 705 3838 hostes
750 3768 1017 3840 obviam
1064 3765 1278 3837 factos
1344 3769 1695 3835 commisso
1762 3761 2011 3854 praelio
2077 3757 2296 3850 profli-

107 3885 315 3971 gavit.
363 3883 447 3951 In
491 3885 657 3951 urbe
700 3887 905 3952 etiam
950 3884 1256 3952 undecim
1299 3886 1473 3952 cives
1504 3905 1668 3972 quos
1710 3891 2044 3970 suspectos
2090 3875 2295 3942 habe-

109 3996 231 4067 het
271 4003 487 4069 securi
531 4003 850 4092 percussit
865 4053 886 4083 ,
915 4001 1206 4092 aliosque
1238 4024 1371 4069 non
1401 4021 1649 4091 paucos
1691 3998 2090 4089 proscripsit.
2136 3993 2295 4060 Post

111 4110 274 4185 haec
315 4115 621 4187 Folleani
661 4131 734 4187 et
773 4117 1051 4190 Roberti
1094 4116 1526 4188 Caesarianae
1584 4113 1861 4186 factioni
1927 4107 2293 4190 conciliati,
