2950 5017
977 436 1178 484 mann
1223 437 1519 485 oc‘ravus
2207 421 2338 510 579

86 555 481 625 Atestinae
546 554 818 624 laudem
879 577 1099 647 pauca
1162 559 1514 626 recitavit:
1578 568 1730 624 tum
1790 555 2058 624 belluae
2117 562 2339 649 capite

83 696 471 763 percusso,
500 674 800 740 maxima
828 676 1171 763 sanguinis
1197 676 1388 764 copia
1418 676 1562 742 visa
1590 686 1690 742 est
1717 678 1919 748 exire.
1953 673 2340 765 Alphonsus

86 793 282 857 arcis
350 802 617 880 portam
663 792 863 858 variis
906 794 1313 862 ornamentis
1380 790 1784 860 illustratam
1853 795 2184 882 ingressus
2250 792 2337 859 ad

83 903 475 996 lapideum
522 928 751 974 arcum
796 928 991 997 opere
1033 906 1255 976 dorico
1300 905 1389 973 ab
1433 905 1783 997 Alphonso
1814 906 2108 976 Tassono
2155 908 2339 975 urbis

90 1018 478 1091 Praefecto
537 1021 864 1090 elaborari
930 1022 1188 1108 jussum
1256 1025 1580 1112 pervenit.
1624 1021 1703 1089 In
1749 1045 2015 1090 summo
2057 1020 2339 1090 candido

89 1137 464 1207 velamine
510 1151 686 1206 tecta
731 1138 933 1207 Fides
979 1163 1138 1208 cum
1183 1139 1311 1206 hac
1359 1138 1841 1229 subscriptione
1887 1139 2128 1206 dextra
2170 1138 2344 1207 indi-

90 1278 255 1323 cem
333 1255 670 1325 tollebat:
718 1257 933 1324 Anrn.
978 1257 1045 1327 11
1087 1258 1435 1325 Aras-ruso
1494 1258 1893 1324 Aunorrsus
1960 1257 2341 1325 Arnsrnws

92 1372 476 1441 Tassorms
518 1396 689 1442 amn
741 1396 822 1441 nv
873 1396 1022 1444 mm
1075 1397 1262 1442 rrum
1319 1396 1816 1443 monumenta-um
1860 1374 1952 1442 D.
1995 1376 2070 1442 A2
2103 1374 2342 1442 dextra

91 1490 508 1560 turbinatus
545 1491 843 1572 adamas,
872 1493 994 1582 qui
1020 1489 1179 1558 fidei
1202 1505 1685 1582 argumentum
1729 1494 1801 1559 in
1847 1491 2335 1582 hierogliphicis

97 1631 246 1676 esse
291 1608 768 1692 dicitur,‚cnm
800 1609 908 1677 his
952 1609 1174 1677 verbis
1217 1608 1476 1692 locatus
1521 1621 1700 1677 erat:
1750 1609 2108 1677 Parum-rua
2152 1632 2336 1678 rmn-

100 1725 168 1794 A
200 1729 499 1795 sinistra
543 1751 701 1797 vero
756 1727 841 1824 ,ad
903 1728 1145 1796 amoris
1197 1725 1586 1795 firmitatem
1640 1728 2111 1798 ostendendam
2157 1731 2340 1796 canis

99 1843 560 1933 sequentibus
599 1842 841 1914 litteris
881 1844 1176 1912 humeris
1205 1844 1594 1912 columnam
1624 1845 2037 1914 sustinebat:
2070 1847 2339 1913 Amoms

108 1981 522 2028 mammam.
570 1959 720 2030 Sub
764 1958 1018 2030 fornice
1069 1964 1141 2027 in
1202 1961 1440 2029 dextra
1486 1974 1678 2051 parte
1723 1961 2032 2030 Mercurii
2074 1976 2348 2032 statuae·

105 2078 497 2146 caduceum
569 2081 824 2145 tenenti
891 2077 1303 2168 adscriptum
1370 2091 1558 2145 erat:
1608 2077 1750 2146 San
1818 2101 2036 2148 annu
2102 2102 2338 2149 caus.

108 2194 172 2260 A
218 2197 497 2262 sinistra
527 2218 684 2264 vero
713 2194 895 2262 Mars
922 2192 1189 2282 clavam
1232 2218 1390 2261 cum
1439 2195 1543 2263 his
1587 2196 1805 2264 verbis
1847 2196 2153 2287 regebat:
2196 2196 2337 2265 San

111 2330 282 2378 raon
328 2331 674 2387 Qumscas.
730 2310 812 2379 In
867 2335 1059 2381 arcus
1109 2297 1254 2379 basi
1308 2309 1654 2395 Charitas,
1696 2313 1734 2390 J
1743 2316 2005 2395 ustitia,
2048 2313 2227 2394 Pax,
2271 2326 2342 2381 et

110 2427 604 2519 Temperantia
646 2427 953 2519 depictae
997 2429 1467 2534 cernebantur.
1516 2431 1595 2498 In
1649 2453 1918 2499 summo
1974 2434 2347 2521 posterioris

112 2549 323 2635 partis
365 2558 599 2615 statua
643 2549 876 2615 matris
919 2548 1263 2624 custodiae
1309 2548 1492 2615 alata
1535 2546 1773 2615 dextra
1815 2546 2142 2637 regulam,
2187 2550 2345 2615 sini-

116 2674 252 2730 stra
281 2661 601 2733 fraenum
634 2677 865 2732 tenens
907 2665 1038 2733 sub
1083 2665 1363 2756 pedibus
1407 2668 1733 2755 scriptum
1765 2645 2342 2732 habebatz⁵HAun

119 2799 415 2850 Anu-nn:
465 2785 659 2873 quasi
701 2807 839 2853 non
883 2806 1072 2850 secus
1117 2809 1159 2850 a
1202 2805 1271 2850 se
1317 2783 1553 2850 urbem
1603 2785 1739 2873 regi
1766 2781 2110 2851 Tassonus.
2145 2786 2347 2872 signi-

124 2895 384 2966 ficaret.
420 2898 502 2966 In
536 2899 775 2967 dextra
804 2899 934 2968 hoc
964 2921 1232 2967 carmen
1272 2898 1838 2989 conspiciebatur:
1871 2897 2352 2976 Taamonmos

128 3037 353 3083 ranno
417 3039 708 3085 rorunos
765 3039 1151 3093 TERRASQUE
1197 3038 1572 3085 vacamus.
1639 3016 1720 3084 In
1785 3018 2049 3085 sinistra
2116 3015 2348 3084 aliud:

127 3132 440 3216 ῥυπαροῖς.
497 3158 750 3202 nouum
804 3157 1145 3203 rnoraum
1196 3157 1432 3204 nosen·
1476 3157 1602 3201 rna
1646 3157 1749 3202 mn
1793 3155 2012 3211 ‚sm-Qun
2057 3158 2350 3203 mummi.

127 3247 205 3316 In
270 3254 416 3320 ima
485 3253 645 3320 base
713 3252 1049 3333 Victoria,
1109 3252 1356 3332 Fama,
1426 3251 1780 3321 Fortitudo
1811 3275 1816 3282 ·
1847 3265 1919 3319 et
1981 3251 2349 3320 Prudentia
2431 3283 2436 3298 ·

130 3369 636 3455 spectabantur.
681 3365 894 3436 Arcus
939 3367 1279 3459 reliquum
1324 3370 1526 3436 variis
1571 3368 1886 3449 historiis,
1931 3365 2346 3460 fabulisque,
2453 3449 2458 3454 p

130 3504 295 3569 quas
338 3485 625 3575 longum
670 3501 839 3553 esset
884 3484 1149 3568 referre,
1179 3485 1459 3576 plenum
1508 3497 1672 3554 erat.
1719 3483 1986 3552 Exinde
2032 3483 2117 3552 ad
2164 3484 2349 3575 pala-

136 3599 310 3665 tium
358 3600 628 3671 delatus
673 3601 1058 3693 Alphonsus
1119 3600 1205 3669 ad
1271 3614 1493 3692 postes
1561 3626 1604 3669 a
1659 3601 1924 3669 duabus
1968 3600 2352 3691 ingentibus

139 3721 379 3787 statuis
427 3718 896 3787 AEternitatem
952 3744 1110 3789 cum
1159 3720 1493 3810 Tempore
1554 3731 2001 3790 sustentatam
2047 3720 2351 3798 invenit3

138 3852 425 3918 quarum
497 3836 627 3902 sub
695 3837 978 3927 pedibus
1045 3860 1271 3907 versus
1339 3850 1525 3904 erat:
1573 3834 1926 3901 Imranrmu
1979 3855 2134 3900 snm
2189 3855 2353 3901 rma

144 3965 330 4015 nam.
375 3951 487 4019 Ad
533 3952 839 4021 dextram
886 3977 1087 4044 supra
1130 3977 1361 4043 gruem
1416 3948 1732 4042 lapillum
1792 3948 2077 4039 pedibus
2124 3961 2353 4016 tenen-

144 4072 280 4130 tem
309 4067 680 4160 Vigilantia
725 4094 885 4139 cum
930 4071 1059 4139 hoc
1107 4070 1625 4161 apophtegmate
1669 4067 1849 4138 leoni
1891 4066 2130 4152 juncta
2161 4077 2341 4133 erat:

147 4174 422 4252 Saurea
465 4211 677 4257 vrcu..
725 4188 835 4256 Ad
878 4191 1212 4268 sinistram
1243 4187 1566 4258 Custodia
1608 4209 1811 4278 supra
1855 4183 2123 4254 laurum
2165 4185 2354 4254 navis
2417 4201 2422 4206 ’
