2950 5017
872 377 1070 460 unna
1112 414 1387 460 manns
1433 474 1456 502 ο
2090 396 2216 485 189

46 561 188 608 cnm
216 537 530 605 exercitu
560 521 900 603 miserunt.
947 532 1212 602 Incolae
1256 533 1377 600 ubi
1420 555 1488 599 se
1531 530 1826 622 undique
1869 529 2218 601 obsidione

46 656 234 746 premi
279 652 638 732 viderunt,
681 660 988 719 comeatu
1031 648 1414 732 deficiente,
1437 648 1862 738 ‚Regiensium
1903 626 2218 738 potestati

46 795 104 839 se
140 771 648 838 commiserunt.
675 765 1021 835 'Albineae
1074 788 1335 856 quoque
1381 766 1754 855 palatium,
1823 779 1892 833 et
1959 761 2220 833 moenia

47 909 114 956 eo
152 908 335 954 anno
396 898 560 953 sunt
616 884 976 973 aedificata
992 931 1009 950 .
1052 883 1209 950 Post
1261 880 1426 949 haec
1472 904 1628 948 cum
1674 857 2221 950 Cremonensibus

47 999 265 1070 foedus
306 1001 595 1078 initum,
640 1010 719 1066 ut
763 998 1076 1065 Taleatae
1123 1000 1535 1066 emissarium
1603 996 2059 1079 clauderetur,
2102 995 2220 1065 sed

47 1115 141 1184 ini
166 1129 309 1207 post
335 1115 512 1183 duos
541 1136 818 1181 menses.
839 1113 1146 1181 adversus
1190 1124 1514 1182 conventa
1538 1163 1557 1192 ,
1586 1136 1759 1203 quae
1789 1115 1857 1179 in
1890 1135 2010 1181 sua
2038 1115 2223 1182 curia

48 1229 612 1308 confirmaverant,
642 1240 910 1297 auctore
941 1227 1404 1296 cavalcabove
1447 1250 1679 1295 eorum
1727 1239 2039 1316 tyranno,
2084 1238 2226 1298 tur·-

57 1348 214 1436 piter
252 1369 292 1412 a
333 1354 690 1413 contractu
735 1357 1074 1423 recessere,
1105 1354 1174 1409 et
1204 1345 1404 1410 nostri
1450 1357 1709 1431 praeter
1736 1344 1967 1421 inanes
1994 1364 2223 1431 operas

57 1464 243 1528 etiam
286 1462 391 1528 bis
435 1459 628 1527 mille
673 1459 819 1545 ejus
865 1470 1167 1526 monetae
1211 1458 1534 1525 librarum
1580 1461 1647 1525 in
1693 1458 2029 1527 diruendis
2073 1481 2227 1548 ope-

65 1576 229 1644 ribus
269 1576 601 1664 jacturam
649 1572 979 1644 fecerunt.
1029 1572 1328 1640 Eandem
1374 1572 1615 1641 fossam
1674 1586 1987 1670 sequente
2023 1573 2226 1644 ‘anno

65 1693 127 1757 in
164 1713 277 1766 sno
318 1714 476 1780 agro
520 1690 869 1778 Regienses
913 1687 1414 1777 complanaturi,
1433 1687 1615 1755 ultra
1643 1688 1965 1756 librarum
1994 1690 2225 1755 decem
2293 1665 2296 1669 Δ

69 1806 272 1873 millia
332 1805 833 1897 impenderunt.
903 1804 1177 1873 Interea
1244 1808 1463 1872 undae
1534 1819 1993 1874 excrescentes
2058 1827 2229 1896 opus

74 1925 336 1990 nondum
362 1923 743 2014 perfectum
785 1924 1150 1989 diruerunt.

193 2036 384 2104 Aliud
431 2049 766 2127 praeterea
812 2035 1309 2105 incommodum
1364 2038 1526 2105 urbs
1584 2046 1805 2108 nostra
1868 2037 2099 2118 sensit}
2143 2039 2231 2105 si-

77 2153 315 2242 quidem
358 2154 468 2220 his
502 2153 737 2220 diebus
767 2155 992 2220 evenit
1020 2152 1296 2243 Napum
1329 2154 1732 2226 Turrianum
1763 2151 2228 2244 Guelphorum

75 2266 394 2336 mediolani
444 2271 804 2359 principem
837 2268 925 2335 ab
960 2268 1230 2337 Othone
1260 2269 1675 2337 vicecomite
1705 2268 2001 2356 ejusdem
2049 2268 2231 2336 urbis

78 2384 549 2476 Archipraesule
578 2384 927 2476 profligari.
977 2388 1198 2471 Quare
1227 2387 1607 2455 Caesariani
1653 2390 1936 2455 nominis
1979 2384 2233 2458 nobiles

79 2501 141 2568 in
177 2526 308 2570 eam
349 2504 589 2572 urbem
634 2508 913 2595 recepti,
956 2502 1390 2595 finitimisque
1442 2504 1832 2572 civitatibus
1873 2504 1955 2570 ad
2002 2502 2233 2570 Gibel-

79 2615 242 2687 linos·
283 2619 774 2703 deficientibus,
841 2624 1098 2711 magnis
1164 2633 1517 2712 potentum
1586 2624 1913 2689 sociorum
1980 2621 2235 2687 viribus

83 2732 390 2826 Regienses
437 2737 743 2807 destituti
788 2735 999 2804 fuere.
1045 2738 1147 2805 Ea
1208 2750 1403 2807 nocte
1471 2761 1608 2828 qua
1669 2738 1897 2827 opima
1959 2738 2273 2826 ‘victoria‘

83 2849 488 2922 vicecomites
523 2852 697 2934 ‘fusis
739 2855 1045 2923 hostibus
1086 2855 1266 2923 sunt'
1292 2856 1526 2944 potiti,
1560 2846 1904 2921 Matthaeo
1947 2852 2234 2920 Othonis

83 2989 164 3032 ex
202 2966 376 3037 fiatis
415 2975 641 3062 nepoti
685 2984 882 3040 natus
909 2970 1128 3052 =filius,
1173 2971 1292 3061 qui
1338 2974 1656 3060 quoniam
1703 2974 1772 3036 in
1818 2969 2040 3036 lucem
2086 2992 2234 3059 pro·

87 3081 290 3153 dennti
325 3088 544 3178 plures
571 3088 757 3157 Galli
786 3087 1050 3180 saepius
1096 3090 1378 3179 repetito
1425 3099 1634 3155 cantu
1674 3090 1870 3178 quasi
1917 3086 2231 3177 gratulati

87 3213 305 3286 esent,
341 3204 721 3274 Galleatius
764 3220 861 3273 est
905 3204 1304 3296 appellatus.
1369 3203 1470 3272 Ea
1518 3201 1706 3270 clade
1752 3217 2023 3294 accepta
2067 3204 2237 3270 Tur-

90 3317 224 3385 riani
260 3324 609 3414 recipiendi
640 3325 1043 3414 principatus
1071 3345 1187 3413 spe
1216 3321 1588 3390 decidentes
1622 3319 1709 3387 ad
1740 3301 2233 3401 Cremonenses,
2310 3348 2316 3357 ·

91 3427 558 3529 Parmensesque
598 3441 832 3520 socios,
862 3452 934 3506 et
965 3438 1387 3530 Aquileiam,
1433 3438 1556 3505 ubi
1600 3438 2037 3528 Raymundus
2068 3438 2237 3505 Tur-

93 3548 273 3619 rianus
297 3565 438 3622 erat
470 3553 870 3636 Patriarcha,
916 3553 1382 3646 confugerunt.
1434 3553 1768 3644 Guelphis
1813 3576 1993 3634 vero,
2033 3555 2152 3644 qui
2195 3576 2236 3619 a

93 3659 582 3738 vicecomitibus
611 3675 681 3739 in
712 3672 953 3762 Papiae
983 3695 1231 3753 arcem,
1262 3693 1436 3762 quae
1466 3672 1664 3738 Pixta
1697 3671 2235 3760 nuncupabatur,

97 3778 292 3851 inclusi
335 3797 556 3869 erant,
602 3787 947 3878 Regienses
1012 3812 1168 3855 cum
1238 3788 1562 3855 Brixianis
1632 3798 1701 3853 et
1774 3784 2236 3854 Parmensibus

97 3895 247 3963 mdis
284 3901 609 3969 auxilium
656 3902 997 3971 tulerunt:
1068 3903 1180 3971 sed
1252 3902 1507 3971 Othoni
1579 3903 1899 3969 arridente
1969 3899 2236 3969 fortuna

99 4010 278 4082 minus
313 4041 611 4110 prospere
658 4033 1147 4110 pugnaverunt.
1205 4019 1470 4088 Exinde
1533 4020 1875 4112 Regienses
1935 4043 2053 4109 pro
2113 4016 2238 4085 Bo-

102 4130 477 4204 mnieusihns
545 4137 722 4228 apud
788 4139 1036 4209 Forum
1105 4138 1392 4214 Cornelii
1461 4136 1697 4207 diebus
1770 4159 1959 4204 xxxv
2026 4146 2237 4203 castra
