<?xml version="1.0" encoding="UTF-8"?>
<!DOCTYPE html PUBLIC "-//W3C//DTD XHTML 1.0 Transitional//EN"
    "http://www.w3.org/TR/xhtml1/DTD/xhtml1-transitional.dtd">
<html xmlns="http://www.w3.org/1999/xhtml" xml:lang="en" lang="en">
 <head>
  <title>
</title>
<meta http-equiv="Content-Type" content="text/html;charset=utf-8" />
  <meta name='ocr-system' content='tesseract 3.04.00' />
  <meta name='ocr-capabilities' content='ocr_page ocr_carea ocr_par ocr_line ocrx_word'/>
</head>
<body>
  <div class='ocr_page' id='page_1' title='image "./rerumhistoricar00unkngoog_0344.png"; bbox 0 0 2950 5017; ppageno 0'>
   <div class='ocr_carea' id='block_1_1' title="bbox 629 407 2086 496">
    <p class='ocr_par' dir='ltr' id='par_1_1' title="bbox 629 407 2086 496">
     <span class='ocr_line' id='line_1_1' title="bbox 629 407 2086 496; baseline -0.003 -22"><span class='ocrx_word' id='word_1_1' title='bbox 629 407 758 496; x_wconf 68' lang='lat'><strong>330</strong></span> <span class='ocrx_word' id='word_1_2' title='bbox 1377 422 1619 470; x_wconf 67' lang='lat' dir='ltr'><strong>aarum</strong></span> <span class='ocrx_word' id='word_1_3' title='bbox 1662 421 2086 470; x_wconf 69' lang='lat' dir='ltr'><strong>ateramum</strong></span> 
     </span>
    </p>
   </div>
   <div class='ocr_carea' id='block_1_2' title="bbox 587 542 2919 4033">
    <p class='ocr_par' dir='ltr' id='par_1_2' title="bbox 587 542 2919 2954">
     <span class='ocr_line' id='line_1_2' title="bbox 624 542 2917 631; baseline 0 -17"><span class='ocrx_word' id='word_1_4' title='bbox 624 546 747 614; x_wconf 88' lang='lat' dir='ltr'><strong>uhi</strong></span> <span class='ocrx_word' id='word_1_5' title='bbox 792 542 1270 614; x_wconf 84' lang='lat' dir='ltr'><strong>Saxolensibus</strong></span> <span class='ocrx_word' id='word_1_6' title='bbox 1337 543 1740 631; x_wconf 88' lang='lat' dir='ltr'><strong>conjunctus</strong></span> <span class='ocrx_word' id='word_1_7' title='bbox 1809 545 2024 613; x_wconf 86' lang='lat' dir='ltr'><strong>tribus</strong></span> <span class='ocrx_word' id='word_1_8' title='bbox 2088 545 2425 613; x_wconf 83' lang='lat' dir='ltr'><strong>continuis</strong></span> <span class='ocrx_word' id='word_1_9' title='bbox 2494 545 2847 615; x_wconf 81' lang='lat' dir='ltr'><strong>mensibus</strong></span> <span class='ocrx_word' id='word_1_10' title='bbox 2916 571 2917 594; x_wconf 60' lang='lat'>¹</span> 
     </span>
     <span class='ocr_line' id='line_1_3' title="bbox 622 662 2917 753; baseline 0 -21"><span class='ocrx_word' id='word_1_11' title='bbox 622 662 804 732; x_wconf 87' lang='lat' dir='ltr'><strong>bello</strong></span> <span class='ocrx_word' id='word_1_12' title='bbox 835 662 1244 731; x_wconf 79' lang='lat' dir='ltr'><strong>Mutinenses</strong></span> <span class='ocrx_word' id='word_1_13' title='bbox 1281 664 1578 730; x_wconf 82' lang='lat' dir='ltr'><strong>vexavit.</strong></span> <span class='ocrx_word' id='word_1_14' title='bbox 1611 663 1766 747; x_wconf 87' lang='lat' dir='ltr'><strong>Quo</strong></span> <span class='ocrx_word' id='word_1_15' title='bbox 1803 675 2103 753; x_wconf 81' lang='lat' dir='ltr'><strong>tempore</strong></span> <span class='ocrx_word' id='word_1_16' title='bbox 2137 662 2537 730; x_wconf 83' lang='lat' dir='ltr'><strong>Thehaldus</strong></span> <span class='ocrx_word' id='word_1_17' title='bbox 2567 662 2849 746; x_wconf 80' lang='lat' dir='ltr'><strong>Sessius,</strong></span> <span class='ocrx_word' id='word_1_18' title='bbox 2914 701 2917 712; x_wconf 93' lang='lat'>·</span> 
     </span>
     <span class='ocr_line' id='line_1_4' title="bbox 621 777 2843 871; baseline 0 -23"><span class='ocrx_word' id='word_1_19' title='bbox 621 778 909 871; x_wconf 82' lang='lat' dir='ltr'><strong>Ugolino</strong></span> <span class='ocrx_word' id='word_1_20' title='bbox 955 781 1237 850; x_wconf 84' lang='lat' dir='ltr'><strong>antistiti</strong></span> <span class='ocrx_word' id='word_1_21' title='bbox 1283 777 1644 861; x_wconf 84' lang='lat' dir='ltr'><strong>defuncto,</strong></span> <span class='ocrx_word' id='word_1_22' title='bbox 1692 779 1918 849; x_wconf 88' lang='lat' dir='ltr'><strong>adhuc</strong></span> <span class='ocrx_word' id='word_1_23' title='bbox 1962 779 2225 867; x_wconf 86' lang='lat' dir='ltr'><strong>juvenis</strong></span> <span class='ocrx_word' id='word_1_24' title='bbox 2270 780 2589 871; x_wconf 85' lang='lat' dir='ltr'><strong>Regiensi</strong></span> <span class='ocrx_word' id='word_1_25' title='bbox 2644 780 2843 849; x_wconf 81' lang='lat' dir='ltr'><strong>eecle-</strong></span> 
     </span>
     <span class='ocr_line' id='line_1_5' title="bbox 621 893 2919 987; baseline 0 -22"><span class='ocrx_word' id='word_1_26' title='bbox 621 899 758 965; x_wconf 86' lang='lat' dir='ltr'><strong>siae</strong></span> <span class='ocrx_word' id='word_1_27' title='bbox 804 893 1179 987; x_wconf 74' lang='lat' dir='ltr'><strong>praefectus</strong></span> <span class='ocrx_word' id='word_1_28' title='bbox 1224 893 1381 963; x_wconf 86' lang='lat' dir='ltr'><strong>fuit.</strong></span> <span class='ocrx_word' id='word_1_29' title='bbox 1427 895 1560 963; x_wconf 85' lang='lat' dir='ltr'><strong>Sed</strong></span> <span class='ocrx_word' id='word_1_30' title='bbox 1609 897 1849 963; x_wconf 85' lang='lat' dir='ltr'><strong>Actius</strong></span> <span class='ocrx_word' id='word_1_31' title='bbox 1895 895 1978 963; x_wconf 88' lang='lat' dir='ltr'><strong>de</strong></span> <span class='ocrx_word' id='word_1_32' title='bbox 2025 896 2406 985; x_wconf 86' lang='lat' dir='ltr'><strong>recipienda</strong></span> <span class='ocrx_word' id='word_1_33' title='bbox 2465 919 2587 987; x_wconf 87' lang='lat' dir='ltr'><strong>per</strong></span> <span class='ocrx_word' id='word_1_34' title='bbox 2636 898 2845 987; x_wconf 86' lang='lat' dir='ltr'><strong>prodi-</strong></span> <span class='ocrx_word' id='word_1_35' title='bbox 2918 957 2919 980; x_wconf 59' lang='grc'>,</span> 
     </span>
     <span class='ocr_line' id='line_1_6' title="bbox 624 991 2845 1102; baseline 0.001 -22"><span class='ocrx_word' id='word_1_36' title='bbox 624 1016 873 1082; x_wconf 86' lang='lat' dir='ltr'><strong>tionem</strong></span> <span class='ocrx_word' id='word_1_37' title='bbox 918 991 1217 1081; x_wconf 68' lang='lat' dir='ltr'><strong>Ferraria</strong></span> <span class='ocrx_word' id='word_1_38' title='bbox 1261 1015 1331 1080; x_wconf 91' lang='lat' dir='ltr'><strong>in</strong></span> <span class='ocrx_word' id='word_1_39' title='bbox 1377 1036 1566 1102; x_wconf 87' lang='lat' dir='ltr'><strong>spem</strong></span> <span class='ocrx_word' id='word_1_40' title='bbox 1613 1012 1862 1080; x_wconf 86' lang='lat' dir='ltr'><strong>duetus</strong></span> <span class='ocrx_word' id='word_1_41' title='bbox 1891 1011 2159 1081; x_wconf 85' lang='lat' dir='ltr'><strong>Nicolai</strong></span> <span class='ocrx_word' id='word_1_42' title='bbox 2193 1013 2607 1083; x_wconf 84' lang='lat' dir='ltr'><strong>Marchionis</strong></span> <span class='ocrx_word' id='word_1_43' title='bbox 2657 1012 2845 1082; x_wconf 80' lang='lat' dir='ltr'><strong>fami-</strong></span> 
     </span>
     <span class='ocr_line' id='line_1_7' title="bbox 622 1128 2843 1228; baseline 0 -30"><span class='ocrx_word' id='word_1_44' title='bbox 622 1130 882 1212; x_wconf 86' lang='lat' dir='ltr'><strong>liarem,</strong></span> <span class='ocrx_word' id='word_1_45' title='bbox 926 1143 1009 1198; x_wconf 94' lang='lat' dir='ltr'><strong>ut</strong></span> <span class='ocrx_word' id='word_1_46' title='bbox 1052 1129 1290 1198; x_wconf 87' lang='lat' dir='ltr'><strong>urbem</strong></span> <span class='ocrx_word' id='word_1_47' title='bbox 1335 1128 1491 1198; x_wconf 88' lang='lat' dir='ltr'><strong>dolo</strong></span> <span class='ocrx_word' id='word_1_48' title='bbox 1536 1133 1989 1221; x_wconf 78' lang='lat' dir='ltr'><strong>interciperet,</strong></span> <span class='ocrx_word' id='word_1_49' title='bbox 2035 1134 2293 1221; x_wconf 84' lang='lat' dir='ltr'><strong>maguis</strong></span> <span class='ocrx_word' id='word_1_50' title='bbox 2340 1130 2843 1228; x_wconf 80' lang='lat' dir='ltr'><strong>pollicitationi-</strong></span> 
     </span>
     <span class='ocr_line' id='line_1_8' title="bbox 621 1245 2845 1339; baseline 0.001 -25"><span class='ocrx_word' id='word_1_51' title='bbox 621 1246 753 1315; x_wconf 84' lang='lat' dir='ltr'><strong>bus</strong></span> <span class='ocrx_word' id='word_1_52' title='bbox 794 1245 1039 1316; x_wconf 84' lang='lat' dir='ltr'><strong>frustra</strong></span> <span class='ocrx_word' id='word_1_53' title='bbox 1083 1247 1502 1316; x_wconf 83' lang='lat' dir='ltr'><strong>sollicitavit.</strong></span> <span class='ocrx_word' id='word_1_54' title='bbox 1534 1247 1834 1315; x_wconf 89' lang='lat' dir='ltr'><strong>Demum</strong></span> <span class='ocrx_word' id='word_1_55' title='bbox 1868 1248 2132 1314; x_wconf 85' lang='lat' dir='ltr'><strong>Lucum</strong></span> <span class='ocrx_word' id='word_1_56' title='bbox 2178 1271 2339 1315; x_wconf 91' lang='lat' dir='ltr'><strong>cum</strong></span> <span class='ocrx_word' id='word_1_57' title='bbox 2386 1250 2708 1338; x_wconf 76' lang='lat' dir='ltr'><strong>proximo</strong></span> <span class='ocrx_word' id='word_1_58' title='bbox 2737 1272 2845 1339; x_wconf 88' lang='lat' dir='ltr'><strong>op-</strong></span> 
     </span>
     <span class='ocr_line' id='line_1_9' title="bbox 620 1364 2844 1455; baseline 0 -23"><span class='ocrx_word' id='word_1_59' title='bbox 620 1364 808 1455; x_wconf 86' lang='lat' dir='ltr'><strong>pido,</strong></span> <span class='ocrx_word' id='word_1_60' title='bbox 855 1365 976 1432; x_wconf 88' lang='lat' dir='ltr'><strong>uhi</strong></span> <span class='ocrx_word' id='word_1_61' title='bbox 1020 1366 1483 1433; x_wconf 87' lang='lat' dir='ltr'><strong>Atestinorum</strong></span> <span class='ocrx_word' id='word_1_62' title='bbox 1530 1388 1687 1455; x_wconf 87' lang='lat' dir='ltr'><strong>opes</strong></span> <span class='ocrx_word' id='word_1_63' title='bbox 1732 1364 2036 1433; x_wconf 86' lang='lat' dir='ltr'><strong>conditae</strong></span> <span class='ocrx_word' id='word_1_64' title='bbox 2091 1375 2320 1444; x_wconf 89' lang='lat' dir='ltr'><strong>erant,</strong></span> <span class='ocrx_word' id='word_1_65' title='bbox 2364 1364 2512 1450; x_wconf 89' lang='lat' dir='ltr'><strong>ejus</strong></span> <span class='ocrx_word' id='word_1_66' title='bbox 2572 1368 2844 1432; x_wconf 85' lang='lat' dir='ltr'><strong>nomine</strong></span> 
     </span>
     <span class='ocr_line' id='line_1_10' title="bbox 622 1480 2851 1571; baseline -0 -22"><span class='ocrx_word' id='word_1_67' title='bbox 622 1480 993 1549; x_wconf 76' lang='lat' dir='ltr'><strong>Balbinum</strong></span> <span class='ocrx_word' id='word_1_68' title='bbox 1036 1482 1323 1561; x_wconf 80' lang='lat' dir='ltr'><strong>invasit3</strong></span> <span class='ocrx_word' id='word_1_69' title='bbox 1368 1480 1482 1547; x_wconf 77' lang='lat' dir='ltr'><strong>sed</strong></span> <span class='ocrx_word' id='word_1_70' title='bbox 1529 1484 1591 1547; x_wconf 90' lang='lat' dir='ltr'><strong>ei</strong></span> <span class='ocrx_word' id='word_1_71' title='bbox 1639 1482 1962 1570; x_wconf 87' lang='lat' dir='ltr'><strong>praesidio</strong></span> <span class='ocrx_word' id='word_1_72' title='bbox 2006 1481 2188 1571; x_wconf 88' lang='lat' dir='ltr'><strong>quod</strong></span> <span class='ocrx_word' id='word_1_73' title='bbox 2231 1481 2595 1549; x_wconf 82' lang='lat' dir='ltr'><strong>Ravennae</strong></span> <span class='ocrx_word' id='word_1_74' title='bbox 2647 1482 2851 1548; x_wconf 89' lang='lat' dir='ltr'><strong>habe-</strong></span> 
     </span>
     <span class='ocr_line' id='line_1_11' title="bbox 620 1597 2891 1689; baseline 0 -23"><span class='ocrx_word' id='word_1_75' title='bbox 620 1598 746 1666; x_wconf 82' lang='lat' dir='ltr'><strong>bat</strong></span> <span class='ocrx_word' id='word_1_76' title='bbox 790 1601 1144 1689; x_wconf 86' lang='lat' dir='ltr'><strong>imposito,</strong></span> <span class='ocrx_word' id='word_1_77' title='bbox 1187 1599 1257 1665; x_wconf 89' lang='lat' dir='ltr'><strong>in</strong></span> <span class='ocrx_word' id='word_1_78' title='bbox 1316 1610 1655 1687; x_wconf 71' lang='lat' dir='ltr'><strong>potestate</strong></span> <span class='ocrx_word' id='word_1_79' title='bbox 1701 1621 1820 1665; x_wconf 87' lang='lat' dir='ltr'><strong>sua</strong></span> <span class='ocrx_word' id='word_1_80' title='bbox 1866 1597 2144 1665; x_wconf 80' lang='lat' dir='ltr'><strong>castella</strong></span> <span class='ocrx_word' id='word_1_81' title='bbox 2204 1600 2518 1665; x_wconf 84' lang='lat' dir='ltr'><strong>retinuit.</strong></span> <span class='ocrx_word' id='word_1_82' title='bbox 2565 1598 2711 1665; x_wconf 88' lang='lat' dir='ltr'><strong>Alii</strong></span> <span class='ocrx_word' id='word_1_83' title='bbox 2754 1597 2891 1668; x_wconf 75' lang='lat' dir='ltr'><strong>fe·.</strong></span> 
     </span>
     <span class='ocr_line' id='line_1_12' title="bbox 620 1713 2847 1803; baseline 0 -21"><span class='ocrx_word' id='word_1_84' title='bbox 620 1728 780 1782; x_wconf 88' lang='lat' dir='ltr'><strong>runt</strong></span> <span class='ocrx_word' id='word_1_85' title='bbox 810 1718 878 1781; x_wconf 67' lang='grc' dir='ltr'><strong>(Ι)</strong></span> <span class='ocrx_word' id='word_1_86' title='bbox 923 1739 1003 1781; x_wconf 89' lang='lat' dir='ltr'><strong>ea</strong></span> <span class='ocrx_word' id='word_1_87' title='bbox 1048 1714 1199 1783; x_wconf 86' lang='lat' dir='ltr'><strong>loca</strong></span> <span class='ocrx_word' id='word_1_88' title='bbox 1243 1713 1555 1781; x_wconf 83' lang='lat' dir='ltr'><strong>Alberico</strong></span> <span class='ocrx_word' id='word_1_89' title='bbox 1602 1718 1922 1803; x_wconf 85' lang='lat' dir='ltr'><strong>promissa</strong></span> <span class='ocrx_word' id='word_1_90' title='bbox 1967 1716 2022 1781; x_wconf 89' lang='lat' dir='ltr'><strong>si</strong></span> <span class='ocrx_word' id='word_1_91' title='bbox 2069 1716 2344 1782; x_wconf 86' lang='lat' dir='ltr'><strong>Aetium</strong></span> <span class='ocrx_word' id='word_1_92' title='bbox 2404 1714 2847 1795; x_wconf 87' lang='lat' dir='ltr'><strong>interficeret,</strong></span> 
     </span>
     <span class='ocr_line' id='line_1_13' title="bbox 587 1829 2849 1921; baseline 0.001 -22"><span class='ocrx_word' id='word_1_93' title='bbox 587 1831 735 1899; x_wconf 84' lang='lat' dir='ltr'><strong>·sed</strong></span> <span class='ocrx_word' id='word_1_94' title='bbox 764 1831 880 1899; x_wconf 91' lang='lat' dir='ltr'><strong>ille</strong></span> <span class='ocrx_word' id='word_1_95' title='bbox 911 1829 1138 1898; x_wconf 85' lang='lat' dir='ltr'><strong>fallaci</strong></span> <span class='ocrx_word' id='word_1_96' title='bbox 1171 1843 1339 1911; x_wconf 87' lang='lat' dir='ltr'><strong>arte,</strong></span> <span class='ocrx_word' id='word_1_97' title='bbox 1372 1830 1586 1899; x_wconf 88' lang='lat' dir='ltr'><strong>altero</strong></span> <span class='ocrx_word' id='word_1_98' title='bbox 1616 1834 1734 1920; x_wconf 89' lang='lat' dir='ltr'><strong>qui</strong></span> <span class='ocrx_word' id='word_1_99' title='bbox 1767 1832 1970 1898; x_wconf 87' lang='lat' dir='ltr'><strong>Aetio</strong></span> <span class='ocrx_word' id='word_1_100' title='bbox 2000 1829 2356 1921; x_wconf 78' lang='lat' dir='ltr'><strong>persimilis</strong></span> <span class='ocrx_word' id='word_1_101' title='bbox 2403 1843 2548 1899; x_wconf 86' lang='lat' dir='ltr'><strong>erat</strong></span> <span class='ocrx_word' id='word_1_102' title='bbox 2588 1836 2849 1912; x_wconf 86' lang='lat' dir='ltr'><strong>occiso,</strong></span> 
     </span>
     <span class='ocr_line' id='line_1_14' title="bbox 619 1947 2849 2038; baseline 0 -22"><span class='ocrx_word' id='word_1_103' title='bbox 619 1949 910 2016; x_wconf 88' lang='lat' dir='ltr'><strong>Lucum·</strong></span> <span class='ocrx_word' id='word_1_104' title='bbox 962 1964 1036 2014; x_wconf 89' lang='lat' dir='ltr'><strong>et</strong></span> <span class='ocrx_word' id='word_1_105' title='bbox 1100 1947 1509 2017; x_wconf 73' lang='lat' dir='ltr'><strong>Consilicem</strong></span> <span class='ocrx_word' id='word_1_106' title='bbox 1568 1947 1904 2028; x_wconf 72' lang='lat' dir='ltr'><strong>obtinuit,</strong></span> <span class='ocrx_word' id='word_1_107' title='bbox 1952 1948 2409 2038; x_wconf 87' lang='lat' dir='ltr'><strong>productoque</strong></span> <span class='ocrx_word' id='word_1_108' title='bbox 2474 1963 2713 2038; x_wconf 87' lang='lat' dir='ltr'><strong>postea</strong></span> <span class='ocrx_word' id='word_1_109' title='bbox 2777 1953 2849 2017; x_wconf 87' lang='lat' dir='ltr'><strong>in</strong></span> 
     </span>
     <span class='ocr_line' id='line_1_15' title="bbox 620 2062 2849 2155; baseline 0.001 -25"><span class='ocrx_word' id='word_1_110' title='bbox 620 2062 971 2154; x_wconf 85' lang='lat' dir='ltr'><strong>publicum</strong></span> <span class='ocrx_word' id='word_1_111' title='bbox 1021 2064 1222 2131; x_wconf 83' lang='lat' dir='ltr'><strong>Actio</strong></span> <span class='ocrx_word' id='word_1_112' title='bbox 1266 2062 1629 2131; x_wconf 83' lang='lat' dir='ltr'><strong>Nicolaum</strong></span> <span class='ocrx_word' id='word_1_113' title='bbox 1656 2064 1897 2130; x_wconf 80' lang='lat' dir='ltr'><strong>elusit.</strong></span> <span class='ocrx_word' id='word_1_114' title='bbox 1945 2064 2069 2131; x_wconf 83' lang='lat' dir='ltr'><strong>His</strong></span> <span class='ocrx_word' id='word_1_115' title='bbox 2114 2067 2309 2152; x_wconf 83' lang='lat' dir='ltr'><strong>gestis</strong></span> <span class='ocrx_word' id='word_1_116' title='bbox 2356 2066 2594 2132; x_wconf 83' lang='lat' dir='ltr'><strong>Actius</strong></span> <span class='ocrx_word' id='word_1_117' title='bbox 2643 2068 2849 2155; x_wconf 85' lang='lat' dir='ltr'><strong>quin-</strong></span> 
     </span>
     <span class='ocr_line' id='line_1_16' title="bbox 620 2180 2848 2272; baseline 0.002 -25"><span class='ocrx_word' id='word_1_118' title='bbox 620 2184 833 2272; x_wconf 82' lang='lat' dir='ltr'><strong>gentis</strong></span> <span class='ocrx_word' id='word_1_119' title='bbox 878 2182 1250 2272; x_wconf 85' lang='lat' dir='ltr'><strong>equitibus,</strong></span> <span class='ocrx_word' id='word_1_120' title='bbox 1284 2193 1353 2248; x_wconf 85' lang='lat' dir='ltr'><strong>et</strong></span> <span class='ocrx_word' id='word_1_121' title='bbox 1383 2180 1489 2247; x_wconf 86' lang='lat' dir='ltr'><strong>his</strong></span> <span class='ocrx_word' id='word_1_122' title='bbox 1520 2181 1705 2247; x_wconf 88' lang='lat' dir='ltr'><strong>mille</strong></span> <span class='ocrx_word' id='word_1_123' title='bbox 1740 2182 2075 2272; x_wconf 78' lang='lat' dir='ltr'><strong>peditibus</strong></span> <span class='ocrx_word' id='word_1_124' title='bbox 2105 2181 2367 2248; x_wconf 89' lang='lat' dir='ltr'><strong>Padum</strong></span> <span class='ocrx_word' id='word_1_125' title='bbox 2403 2194 2848 2272; x_wconf 84' lang='lat' dir='ltr'><strong>transgressus</strong></span> 
     </span>
     <span class='ocr_line' id='line_1_17' title="bbox 619 2298 2850 2388; baseline 0.001 -23"><span class='ocrx_word' id='word_1_126' title='bbox 619 2301 692 2365; x_wconf 85' lang='lat' dir='ltr'><strong>in</strong></span> <span class='ocrx_word' id='word_1_127' title='bbox 758 2321 947 2388; x_wconf 89' lang='lat' dir='ltr'><strong>spem</strong></span> <span class='ocrx_word' id='word_1_128' title='bbox 1018 2298 1382 2387; x_wconf 81' lang='lat' dir='ltr'><strong>capiendae</strong></span> <span class='ocrx_word' id='word_1_129' title='bbox 1429 2300 1769 2387; x_wconf 85' lang='lat' dir='ltr'><strong>Argentae</strong></span> <span class='ocrx_word' id='word_1_130' title='bbox 1840 2301 2049 2365; x_wconf 82' lang='lat' dir='ltr'><strong>venit.</strong></span> <span class='ocrx_word' id='word_1_131' title='bbox 2119 2299 2586 2381; x_wconf 85' lang='lat' dir='ltr'><strong>Ferrarienses,</strong></span> <span class='ocrx_word' id='word_1_132' title='bbox 2632 2300 2850 2372; x_wconf 72' lang='lat' dir='ltr'><strong>hostis</strong></span> 
     </span>
     <span class='ocr_line' id='line_1_18' title="bbox 620 2414 2848 2507; baseline 0.001 -23"><span class='ocrx_word' id='word_1_133' title='bbox 620 2414 897 2485; x_wconf 83' lang='lat' dir='ltr'><strong>consilio</strong></span> <span class='ocrx_word' id='word_1_134' title='bbox 941 2419 1231 2505; x_wconf 80' lang='lat' dir='ltr'><strong>cognito,</strong></span> <span class='ocrx_word' id='word_1_135' title='bbox 1277 2439 1520 2505; x_wconf 85' lang='lat' dir='ltr'><strong>magna</strong></span> <span class='ocrx_word' id='word_1_136' title='bbox 1566 2416 1866 2483; x_wconf 88' lang='lat' dir='ltr'><strong>militum</strong></span> <span class='ocrx_word' id='word_1_137' title='bbox 1936 2440 2145 2484; x_wconf 86' lang='lat' dir='ltr'><strong>manu</strong></span> <span class='ocrx_word' id='word_1_138' title='bbox 2208 2415 2672 2507; x_wconf 82' lang='lat' dir='ltr'><strong>egrediuntur:</strong></span> <span class='ocrx_word' id='word_1_139' title='bbox 2722 2420 2848 2488; x_wconf 87' lang='lat' dir='ltr'><strong>uhi</strong></span> 
     </span>
     <span class='ocr_line' id='line_1_19' title="bbox 619 2532 2849 2624; baseline 0.001 -25"><span class='ocrx_word' id='word_1_140' title='bbox 619 2532 985 2622; x_wconf 78' lang='lat' dir='ltr'><strong>Argentam</strong></span> <span class='ocrx_word' id='word_1_141' title='bbox 1034 2546 1311 2600; x_wconf 79' lang='lat' dir='ltr'><strong>ventum</strong></span> <span class='ocrx_word' id='word_1_142' title='bbox 1361 2547 1497 2613; x_wconf 86' lang='lat' dir='ltr'><strong>est,</strong></span> <span class='ocrx_word' id='word_1_143' title='bbox 1543 2547 1821 2601; x_wconf 88' lang='lat' dir='ltr'><strong>cruento</strong></span> <span class='ocrx_word' id='word_1_144' title='bbox 1866 2537 2221 2602; x_wconf 85' lang='lat' dir='ltr'><strong>commisso</strong></span> <span class='ocrx_word' id='word_1_145' title='bbox 2287 2533 2536 2624; x_wconf 85' lang='lat' dir='ltr'><strong>praelio</strong></span> <span class='ocrx_word' id='word_1_146' title='bbox 2596 2547 2849 2624; x_wconf 85' lang='lat' dir='ltr'><strong>captus</strong></span> 
     </span>
     <span class='ocr_line' id='line_1_20' title="bbox 618 2649 2849 2741; baseline 0.001 -25"><span class='ocrx_word' id='word_1_147' title='bbox 618 2650 856 2718; x_wconf 87' lang='lat' dir='ltr'><strong>Aetius</strong></span> <span class='ocrx_word' id='word_1_148' title='bbox 899 2663 969 2717; x_wconf 91' lang='lat' dir='ltr'><strong>et</strong></span> <span class='ocrx_word' id='word_1_149' title='bbox 1015 2650 1412 2717; x_wconf 83' lang='lat' dir='ltr'><strong>Faventiam</strong></span> <span class='ocrx_word' id='word_1_150' title='bbox 1458 2649 1787 2717; x_wconf 88' lang='lat' dir='ltr'><strong>deductus</strong></span> <span class='ocrx_word' id='word_1_151' title='bbox 1843 2651 2133 2740; x_wconf 85' lang='lat' dir='ltr'><strong>Astorgii</strong></span> <span class='ocrx_word' id='word_1_152' title='bbox 2172 2649 2521 2718; x_wconf 69' lang='lat' dir='ltr'><strong>Maufredi</strong></span> <span class='ocrx_word' id='word_1_153' title='bbox 2550 2655 2674 2741; x_wconf 89' lang='lat' dir='ltr'><strong>qui</strong></span> <span class='ocrx_word' id='word_1_154' title='bbox 2722 2675 2849 2741; x_wconf 84' lang='lat' dir='ltr'><strong>per</strong></span> 
     </span>
     <span class='ocr_line' id='line_1_21' title="bbox 621 2767 2845 2860; baseline 0.001 -24"><span class='ocrx_word' id='word_1_155' title='bbox 621 2768 959 2836; x_wconf 83' lang='lat' dir='ltr'><strong>Bavarum</strong></span> <span class='ocrx_word' id='word_1_156' title='bbox 1005 2767 1150 2854; x_wconf 85' lang='lat' dir='ltr'><strong>ejus</strong></span> <span class='ocrx_word' id='word_1_157' title='bbox 1195 2769 1379 2852; x_wconf 81' lang='lat' dir='ltr'><strong>urhis</strong></span> <span class='ocrx_word' id='word_1_158' title='bbox 1424 2769 1875 2859; x_wconf 82' lang='lat' dir='ltr'><strong>principatum</strong></span> <span class='ocrx_word' id='word_1_159' title='bbox 1932 2768 2210 2860; x_wconf 86' lang='lat' dir='ltr'><strong>adeptus</strong></span> <span class='ocrx_word' id='word_1_160' title='bbox 2264 2781 2441 2848; x_wconf 90' lang='lat' dir='ltr'><strong>erat,</strong></span> <span class='ocrx_word' id='word_1_161' title='bbox 2486 2770 2845 2839; x_wconf 78' lang='lat' dir='ltr'><strong>custodiae</strong></span> 
     </span>
     <span class='ocr_line' id='line_1_22' title="bbox 623 2883 2403 2954; baseline -0.001 -2"><span class='ocrx_word' id='word_1_162' title='bbox 623 2888 1017 2954; x_wconf 83' lang='lat' dir='ltr'><strong>commissus</strong></span> <span class='ocrx_word' id='word_1_163' title='bbox 1065 2883 1225 2954; x_wconf 86' lang='lat' dir='ltr'><strong>fuit.</strong></span> <span class='ocrx_word' id='word_1_164' title='bbox 2397 2886 2403 2894; x_wconf 80' lang='grc'><em>’</em></span> 
     </span>
    </p>

    <p class='ocr_par' dir='ltr' id='par_1_3' title="bbox 620 2997 2849 4033">
     <span class='ocr_line' id='line_1_23' title="bbox 758 2997 2849 3079; baseline 0.001 -11"><span class='ocrx_word' id='word_1_165' title='bbox 758 3002 1021 3068; x_wconf 87' lang='lat' dir='ltr'><strong>Interea</strong></span> <span class='ocrx_word' id='word_1_166' title='bbox 1064 3002 1351 3079; x_wconf 89' lang='lat' dir='ltr'><strong>Joannes</strong></span> <span class='ocrx_word' id='word_1_167' title='bbox 1410 3000 1795 3072; x_wconf 79' lang='lat' dir='ltr'><strong>Galleacius</strong></span> <span class='ocrx_word' id='word_1_168' title='bbox 1852 3000 2218 3068; x_wconf 88' lang='lat' dir='ltr'><strong>Valentina</strong></span> <span class='ocrx_word' id='word_1_169' title='bbox 2283 2997 2443 3068; x_wconf 65' lang='lat' dir='ltr'><strong>filia-</strong></span> <span class='ocrx_word' id='word_1_170' title='bbox 2493 3000 2849 3071; x_wconf 82' lang='lat' dir='ltr'><strong>Ludovico</strong></span> 
     </span>
     <span class='ocr_line' id='line_1_24' title="bbox 621 3105 2844 3209; baseline 0 -24"><span class='ocrx_word' id='word_1_171' title='bbox 621 3118 1139 3188; x_wconf 85' lang='lat' dir='ltr'><strong>Aurelianorum</strong></span> <span class='ocrx_word' id='word_1_172' title='bbox 1171 3118 1464 3209; x_wconf 84' lang='lat' dir='ltr'><strong>Principi</strong></span> <span class='ocrx_word' id='word_1_173' title='bbox 1498 3105 1852 3187; x_wconf 83' lang='lat' dir='ltr'><strong>Gallorum</strong></span> <span class='ocrx_word' id='word_1_174' title='bbox 1885 3119 2087 3208; x_wconf 83' lang='lat' dir='ltr'><strong>Regis</strong></span> <span class='ocrx_word' id='word_1_175' title='bbox 2116 3118 2256 3188; x_wconf 89' lang='lat' dir='ltr'><strong>filio</strong></span> <span class='ocrx_word' id='word_1_176' title='bbox 2304 3121 2549 3209; x_wconf 83' lang='lat' dir='ltr'><strong>nuptui</strong></span> <span class='ocrx_word' id='word_1_177' title='bbox 2593 3117 2844 3200; x_wconf 86' lang='lat' dir='ltr'><strong>loeata‚</strong></span> 
     </span>
     <span class='ocr_line' id='line_1_25' title="bbox 623 3232 2843 3315; baseline 0.001 -14"><span class='ocrx_word' id='word_1_178' title='bbox 623 3233 1235 3304; x_wconf 74' lang='lat' dir='ltr'><strong>Astam‘coloniam</strong></span> <span class='ocrx_word' id='word_1_179' title='bbox 1283 3233 1455 3301; x_wconf 91' lang='lat' dir='ltr'><strong>dotis</strong></span> <span class='ocrx_word' id='word_1_180' title='bbox 1502 3238 1772 3303; x_wconf 90' lang='lat' dir='ltr'><strong>nomine</strong></span> <span class='ocrx_word' id='word_1_181' title='bbox 1809 3234 2020 3315; x_wconf 88' lang='lat' dir='ltr'><strong>dedit,</strong></span> <span class='ocrx_word' id='word_1_182' title='bbox 2065 3259 2145 3301; x_wconf 87' lang='lat' dir='ltr'><strong>ae</strong></span> <span class='ocrx_word' id='word_1_183' title='bbox 2189 3232 2488 3301; x_wconf 81' lang='lat' dir='ltr'><strong>familiae</strong></span> <span class='ocrx_word' id='word_1_184' title='bbox 2532 3258 2697 3303; x_wconf 88' lang='lat' dir='ltr'><strong>suae</strong></span> <span class='ocrx_word' id='word_1_185' title='bbox 2745 3238 2843 3303; x_wconf 84' lang='lat' dir='ltr'><strong>in-</strong></span> 
     </span>
     <span class='ocr_line' id='line_1_26' title="bbox 620 3350 2838 3442; baseline 0 -22"><span class='ocrx_word' id='word_1_186' title='bbox 620 3354 861 3439; x_wconf 78' lang='lat' dir='ltr'><strong>signia,</strong></span> <span class='ocrx_word' id='word_1_187' title='bbox 906 3375 1082 3441; x_wconf 86' lang='lat' dir='ltr'><strong>quae</strong></span> <span class='ocrx_word' id='word_1_188' title='bbox 1113 3354 1411 3440; x_wconf 86' lang='lat' dir='ltr'><strong>viperam</strong></span> <span class='ocrx_word' id='word_1_189' title='bbox 1446 3353 1517 3418; x_wconf 90' lang='lat' dir='ltr'><strong>in</strong></span> <span class='ocrx_word' id='word_1_190' title='bbox 1548 3350 1922 3441; x_wconf 84' lang='lat' dir='ltr'><strong>quadrifido</strong></span> <span class='ocrx_word' id='word_1_191' title='bbox 1966 3365 2158 3420; x_wconf 83' lang='lat' dir='ltr'><strong>scuto</strong></span> <span class='ocrx_word' id='word_1_192' title='bbox 2205 3352 2677 3433; x_wconf 81' lang='lat' dir='ltr'><strong>ostendebant,</strong></span> <span class='ocrx_word' id='word_1_193' title='bbox 2726 3376 2838 3442; x_wconf 90' lang='lat' dir='ltr'><strong>pro</strong></span> 
     </span>
     <span class='ocr_line' id='line_1_27' title="bbox 622 3467 2840 3560; baseline -0.001 -22"><span class='ocrx_word' id='word_1_194' title='bbox 622 3468 939 3538; x_wconf 80' lang='lat' dir='ltr'><strong>omnibus</strong></span> <span class='ocrx_word' id='word_1_195' title='bbox 987 3470 1247 3557; x_wconf 89' lang='lat' dir='ltr'><strong>imperii</strong></span> <span class='ocrx_word' id='word_1_196' title='bbox 1305 3471 1409 3535; x_wconf 90' lang='lat' dir='ltr'><strong>sui</strong></span> <span class='ocrx_word' id='word_1_197' title='bbox 1473 3469 1746 3551; x_wconf 77' lang='lat' dir='ltr'><strong>urbium</strong></span> <span class='ocrx_word' id='word_1_198' title='bbox 1818 3467 1977 3538; x_wconf 82' lang='lat' dir='ltr'><strong>foris</strong></span> <span class='ocrx_word' id='word_1_199' title='bbox 2041 3493 2198 3536; x_wconf 85' lang='lat' dir='ltr'><strong>eum</strong></span> <span class='ocrx_word' id='word_1_200' title='bbox 2266 3472 2460 3559; x_wconf 84' lang='lat' dir='ltr'><strong>regiis</strong></span> <span class='ocrx_word' id='word_1_201' title='bbox 2528 3469 2840 3560; x_wconf 83' lang='lat' dir='ltr'><strong>suspendi</strong></span> 
     </span>
     <span class='ocr_line' id='line_1_28' title="bbox 620 3585 2840 3677; baseline 0 -24"><span class='ocrx_word' id='word_1_202' title='bbox 620 3585 840 3673; x_wconf 78' lang='lat' dir='ltr'><strong>jussit.</strong></span> <span class='ocrx_word' id='word_1_203' title='bbox 887 3587 1067 3654; x_wconf 84' lang='lat' dir='ltr'><strong>Haec</strong></span> <span class='ocrx_word' id='word_1_204' title='bbox 1097 3595 1433 3677; x_wconf 87' lang='lat' dir='ltr'><strong>spectatae</strong></span> <span class='ocrx_word' id='word_1_205' title='bbox 1466 3589 1734 3655; x_wconf 87' lang='lat' dir='ltr'><strong>virtutis</strong></span> <span class='ocrx_word' id='word_1_206' title='bbox 1765 3601 2126 3656; x_wconf 87' lang='lat' dir='ltr'><strong>stemmata</strong></span> <span class='ocrx_word' id='word_1_207' title='bbox 2173 3588 2358 3657; x_wconf 88' lang='lat' dir='ltr'><strong>Otho</strong></span> <span class='ocrx_word' id='word_1_208' title='bbox 2404 3586 2644 3656; x_wconf 89' lang='lat' dir='ltr'><strong>multis</strong></span> <span class='ocrx_word' id='word_1_209' title='bbox 2691 3600 2840 3658; x_wconf 85' lang='lat' dir='ltr'><strong>ante</strong></span> 
     </span>
     <span class='ocr_line' id='line_1_29' title="bbox 624 3701 2839 3796; baseline 0 -25"><span class='ocrx_word' id='word_1_210' title='bbox 624 3707 843 3785; x_wconf 83' lang='lat' dir='ltr'><strong>annis,</strong></span> <span class='ocrx_word' id='word_1_211' title='bbox 867 3727 1061 3773; x_wconf 84' lang='lat' dir='ltr'><strong>caeso</strong></span> <span class='ocrx_word' id='word_1_212' title='bbox 1108 3701 1311 3773; x_wconf 81' lang='lat' dir='ltr'><strong>feroci</strong></span> <span class='ocrx_word' id='word_1_213' title='bbox 1356 3704 1668 3787; x_wconf 84' lang='lat' dir='ltr'><strong>barbaro,</strong></span> <span class='ocrx_word' id='word_1_214' title='bbox 1716 3706 1799 3786; x_wconf 89' lang='lat' dir='ltr'><strong>ad</strong></span> <span class='ocrx_word' id='word_1_215' title='bbox 1849 3720 2141 3796; x_wconf 87' lang='lat' dir='ltr'><strong>posteros</strong></span> <span class='ocrx_word' id='word_1_216' title='bbox 2186 3707 2682 3785; x_wconf 83' lang='lat' dir='ltr'><strong>transmiserat3</strong></span> <span class='ocrx_word' id='word_1_217' title='bbox 2726 3706 2839 3795; x_wconf 89' lang='lat' dir='ltr'><strong>qui</strong></span> 
     </span>
     <span class='ocr_line' id='line_1_30' title="bbox 623 3820 2840 3913; baseline -0 -23"><span class='ocrx_word' id='word_1_218' title='bbox 623 3821 1119 3911; x_wconf 83' lang='lat' dir='ltr'><strong>Hierosolymas</strong></span> <span class='ocrx_word' id='word_1_219' title='bbox 1179 3835 1607 3913; x_wconf 85' lang='lat' dir='ltr'><strong>oppugnante</strong></span> <span class='ocrx_word' id='word_1_220' title='bbox 1653 3821 2054 3893; x_wconf 84' lang='lat' dir='ltr'><strong>Gothifredo</strong></span> <span class='ocrx_word' id='word_1_221' title='bbox 2102 3845 2144 3888; x_wconf 96' lang='lat' dir='ltr'><strong>a</strong></span> <span class='ocrx_word' id='word_1_222' title='bbox 2188 3820 2840 3890; x_wconf 84' lang='lat' dir='ltr'><strong>Voluci·Saraceno-</strong></span> 
     </span>
     <span class='ocr_line' id='line_1_31' title="bbox 627 3923 2837 4033; baseline 0 -26"><span class='ocrx_word' id='word_1_223' title='bbox 627 3959 780 4007; x_wconf 86' lang='lat' dir='ltr'><strong>rum</strong></span> <span class='ocrx_word' id='word_1_224' title='bbox 845 3939 1021 4008; x_wconf 87' lang='lat' dir='ltr'><strong>duee</strong></span> <span class='ocrx_word' id='word_1_225' title='bbox 1088 3940 1174 4009; x_wconf 90' lang='lat' dir='ltr'><strong>ad</strong></span> <span class='ocrx_word' id='word_1_226' title='bbox 1241 3941 1575 4033; x_wconf 84' lang='lat' dir='ltr'><strong>singulare</strong></span> <span class='ocrx_word' id='word_1_227' title='bbox 1644 3956 1981 4011; x_wconf 87' lang='lat' dir='ltr'><strong>certarnen</strong></span> <span class='ocrx_word' id='word_1_228' title='bbox 2051 3953 2473 4032; x_wconf 87' lang='lat' dir='ltr'><strong>provocatus,</strong></span> <span class='ocrx_word' id='word_1_229' title='bbox 2541 3923 2837 4010; x_wconf 83' lang='lat' dir='ltr'><strong>confosso</strong></span> 
     </span>
    </p>
   </div>
   <div class='ocr_carea' id='block_1_3' title="bbox 700 4199 1478 4274">
    <p class='ocr_par' dir='ltr' id='par_1_4' title="bbox 700 4199 1478 4274">
     <span class='ocr_line' id='line_1_32' title="bbox 700 4199 1478 4274; baseline 0.006 -21"><span class='ocrx_word' id='word_1_230' title='bbox 700 4199 786 4274; x_wconf 86' lang='grc' dir='ltr'><strong>(ι)</strong></span> <span class='ocrx_word' id='word_1_231' title='bbox 822 4202 949 4257; x_wconf 75' lang='lat' dir='ltr'><strong>Plat-</strong></span> <span class='ocrx_word' id='word_1_232' title='bbox 983 4202 1042 4257; x_wconf 85' lang='lat' dir='ltr'><strong>in</strong></span> <span class='ocrx_word' id='word_1_233' title='bbox 1075 4203 1347 4260; x_wconf 67' lang='lat' dir='ltr'><strong>Bonifatio</strong></span> <span class='ocrx_word' id='word_1_234' title='bbox 1380 4205 1478 4258; x_wconf 77' lang='lat' dir='ltr'><strong>lx.</strong></span> 
     </span>
    </p>
   </div>
  </div>
 </body>
</html>
