2950 5017
933 448 1133 494 marm
1179 448 1469 504 emm-us
1873 402 1880 408 ⁹
2182 435 2305 526 37¹

39 589 112 631 —x
177 587 497 634 saccaro
531 563 791 633 effictae
825 566 1129 636 Herculis
1175 569 1434 638 labores
1478 572 1549 638 in
1596 591 1822 639 mensa
1865 585 2314 665 repraesenta·

38 699 368 751 rerunt.
418 682 623 750 Tanti
693 683 895 751 luxus
939 685 1174 753 Petrus
1209 679 1498 753 'Riarius
1564 686 1742 755 sixti
1807 713 2014 780 nepos
2081 702 2314 762 auctor

39 824 174 868 sse
243 803 652 880 dicebatur,
697 805 818 890 qui
859 801 1129 870 duobus
1176 805 1678 894 annis‚k1uibus
1714 804 2054 874 Cardinali
2097 809 2309 899 digni-

38 932 187 983 nte
258 916 563 986 functus
591 931 724 997 est,
766 917 916 1006 plus
962 931 1259 986 trecenta
1305 920 1520 987 millia
1564 944 1920 989 aureorum
1965 924 2311 994 luxuriose

39 1037 581 1125 *onsumpsisse
628 1033 917 1101 creditus
970 1047 1090 1102 est.
1129 1036 1326 1102 Varii
1395 1049 1628 1126 postea
1695 1060 1811 1127 per
1865 1038 2128 1128 aliquot
2173 1040 2310 1109 dies

38 1177 90 1220 n
159 1176 404 1220 scena
449 1154 613 1220 editi
662 1152 833 1234 ludi,
874 1167 945 1220 et
987 1157 1368 1223 morionum
1401 1157 1704 1236 dicteria,
1733 1154 1905 1242 joci,
1937 1160 2310 1249 musicique

38 1283 328 1337 :antus
394 1268 674 1337 mirifice
743 1271 1090 1338 audientes
1157 1270 1690 1348 oblectaverunt.
1763 1271 2005 1340 Paucis
2075 1273 2313 1343 diebus

38 1387 345 1455 Romae
376 1397 635 1456 motata
663 1387 989 1459 Eleonora
1022 1412 1060 1456 a
1092 1387 1288 1456 Sixto
1320 1392 1515 1456 venia
1546 1392 1759 1480 petita
1790 1415 2033 1482 magna
2062 1416 2313 1485 pompa

38 1505 451 1572 ?errariam
483 1508 852 1574 concessit.

191 1622 498 1690 Interim
529 1622 853 1691 Nicolaus
884 1621 1189 1689 Leonelli
1228 1619 1408 1691 filius
1447 1622 1557 1688 die
1602 1635 1945 1714 noctuque
1978 1626 2311 1714 ‘recipien-

38 1739 134 1806 ΞΙο
227 1753 519 1830 paterno
584 1741 864 1829 imperio
931 1733 1331 1827 invigilans,
1401 1742 1659 1828 magnis
1725 1745 1927 1807 etiarn
1976 1739 2310 1827 Gallepcii

38 1857 679 1926 mediolanensium
726 1858 941 1924 Ducis
1004 1855 1609 1946 pollicitationibus
1673 1857 2004 1947 impulsus
2074 1870 2311 1927 coacta

38 1978 486 2045 rusticorum
558 1975 1087 2043 Mantuanorum
1159 1999 1370 2043 manu
1439 1976 1724 2044 navibus
1790 1975 1985 2045 foeno
2052 1979 2310 2045 onustis

38 2094 380 2162 secundo
423 2092 607 2162 Pado
652 2094 1027 2161 Ferrariam
1070 2093 1463 2174 devehitur,
1509 2096 1633 2162 ubi
1679 2118 1767 2162 ex
1817 2107 2117 2185 tempore
2161 2119 2311 2186 por·

39 2223 220 2279 tam
273 2214 600 2302 ingressus
643 2209 865 2279 forum
911 2234 990 2278 ac
1039 2209 1266 2298 majus
1304 2211 1641 2303 templum
1688 2214 2066 2302 occupavit.
2113 2210 2311 2280 Eleo·
2350 2221 2363 2250 '

43 2351 252 2396 nora
299 2327 622 2395 tumultu·
658 2327 887 2397 andito
926 2351 1085 2395 cum
1119 2324 1373 2396 infante
1404 2328 1544 2396 filio
1574 2332 1645 2397 in
1678 2353 1900 2397 arcem
1933 2353 2004 2397 se
2036 2331 2307 2419 recepit.

47 2444 559 2537 sigismundus
588 2469 742 2514 vero
770 2445 1074 2513 Herculis
1110 2443 1313 2514 frater
1344 2446 1426 2513 ad
1457 2447 1883 2515 Ravennates
1929 2444 2309 2537 profugiens

47 2562 533 2653 cogendarum
578 2564 918 2652 copiarum
970 2574 1238 2652 tempus
1282 2561 1547 2630 habuit.
1588 2564 1919 2632 Reversus
1953 2561 2308 2629 ex'subur-

53 2682 213 2748 biis
251 2702 714 2771 quoscumque
758 2685 983 2770 potuit
1030 2679 1420 2750 hominibus
1463 2680 1765 2748 collectis
1813 2680 2048 2746 urbem
2095 2681 2308 2770 ingre-

55 2796 298 2880 ditur,
341 2821 421 2865 ac
463 2821 624 2866 cum
670 2798 1036 2879 Rainaldo,
1077 2801 1197 2890 qui
1241 2799 1308 2866 in
1359 2804 1513 2866 arce
1551 2797 1932 2866 castrinovi
1976 2820 2048 2865 se
2093 2798 2309 2866 conti-

63 2917 332 2999 nebat,
375 2920 446 2986 in
505 2915 727 2986 forum
795 2939 1086 3008 egressus
1152 2916 1372 2986 hostes
1418 2914 1607 2984 fusos
1647 2916 2047 2985 Bondenum
2094 2935 2307 3005 usque

69 3049 188 3104 est
233 3048 657 3127 prosecutus:
691 3037 786 3104 ibi
819 3035 1139 3106 Nicolaus
1183 3037 1254 3103 in
1302 3035 1582 3126 palustri
1627 3058 1808 3125 aqua
1832 3047 2067 3103 ¹mento
2108 3047 2306 3103 tenus

68 3155 363 3223 latitans
434 3157 744 3224 inventus
812 3153 1224 3234 extrahitur,
1279 3153 2087 3244 Ferrariamque·ductus
2159 3165 2357 3243 post·

70 3283 241 3341 octo
288 3271 426 3340 dies
469 3267 684 3340 s'ecuri
732 3249 1228 3363 percussnsfaet
1269 3272 1588 3362 principis
1635 3294 1818 3340 more
1857 3272 2071 3338 aureis
2101 3271 2302 3338 vesti-

75 3391 213 3458 bus
276 3389 557 3458 indutus
597 3394 696 3470 ,in
765 3392 1097 3478 majorum
1166 3390 1470 3481 sepulcro
1541 3389 1850 3458 conditus
1892 3386 2050 3457 fuit.
2099 3389 2309 3457 Hoste

79 3505 500 3575 formidabili
566 3509 863 3576 extincto
925 3504 1248 3575 Hercules
1317 3492 1407 3573 ad
1472 3508 2019 3598 propagationem
2086 3507 2306 3595 stirpis

79 3621 246 3693 suae
289 3638 589 3716 spectans
633 3629 901 3694 Annam
947 3624 1273 3701 Galleacii
1318 3624 1530 3693 filiam
1574 3624 1924 3716 Alphonso
1981 3625 2306 3720 primoge-

85 3745 233 3812 nito
280 3742 654 3833 despondit.
701 3742 849 3809 Nec
894 3725 1114 3810 multo
1179 3752 1331 3833 post
1397 3764 1577 3811 novo
1640 3752 1874 3810 exorto
1921 3737 2100 3807 bello
2145 3737 2306 3807 Flo-

89 3861 504 3928 rentinorum
548 3861 755 3951 copiis
801 3858 1115 3927 Hercules
1163 3853 1540 3950 praefectus
1595 3879 1907 3948 magnam
1964 3853 2308 3924 ostenden-

90 3977 215 4042 dae
261 3979 526 4044 virtutis
572 3979 987 4046 occasionem
1034 3975 1297 4043 habuit.
1343 3974 1542 4042 Tunc
1587 3975 1767 4042 enim
1807 3975 2102 4064 primum
2132 3974 2308 4039 inter
2374 4032 2395 4068 Ι,

91 4119 318 4164 omnes
364 4095 740 4165 Florentiae
784 4097 964 4163 cives
1007 4094 1234 4165 locum
1280 4093 1684 4162 Laurentius
1714 4091 2031 4171 Mediees,
2077 4103 2148 4159 et
2188 4089 2310 4167 Ju-

95 4210 309 4281 lianus
375 4210 582 4281 frater
651 4211 1087 4295 obtinebant,
1155 4235 1449 4303 quorum
1520 4211 1860 4302 potentiae
1927 4203 2302 4277 invidentes
