2950 5017
934 427 1133 474 nmen
1174 428 1420 475 ramus
2178 431 2264 499 27

74 548 374 641 Delphos
420 547 592 619 alios
635 545 865 616 Gallos
889 549 1212 637 accepisse
1238 570 1438 638 supra
1466 547 1876 637 memoravi)
1918 551 2267 619 commisso

73 666 351 758 praelio,
396 687 778 756 magnaque
821 663 1316 755 Tyrrhenorum
1371 678 1558 754 parte
1606 687 1797 733 caesa
1851 675 1921 731 et
1961 667 2087 756 ipsi
2129 662 2264 733 fere

74 806 305 852 omncs
349 794 523 851 sunt
566 779 902 849 trucidati.
947 781 1092 847 Hac
1134 782 1383 871 ingenti
1426 779 1615 848 clade
1660 794 1951 870 accepta,
1994 804 2151 849 cum
2195 805 2263 849 se

72 895 341 968 funesto
386 900 748 966 certamine
794 901 1059 965 attritos
1104 919 1242 964 esse
1283 907 1644 982 cernerent,
1673 920 1900 986 pacem
1931 920 2084 964 cum
2132 896 2265 964 Ro-

74 1017 289 1082 manis
334 1016 507 1081 inire
550 1012 898 1103 compulsi,
942 1011 1026 1079 ad
1071 1011 1503 1103 qnadraginta
1530 1014 1829 1103 quinque
1859 1035 2060 1082 annos
2090 1024 2266 1079 tran·-
2289 1009 2304 1016 ”
2355 989 2360 998 ’

76 1130 289 1221 quino
320 1134 395 1198 in
427 1133 568 1199 otio
609 1133 1028 1221 quieverunt.
1069 1130 1163 1195 At
1201 1128 1494 1198 Senones
1546 1128 1958 1197 Samnitibus
1994 1129 2270 1216 conjun-

81 1251 198 1329 cti,
239 1248 557 1317 redivivo
601 1246 785 1315 bello
814 1270 969 1314 cum
999 1246 1220 1338 plures
1247 1246 1583 1316 Romanos
1610 1247 2017 1327 occidissent,
2047 1259 2269 1337 postea

82 1364 169 1430 ab
212 1366 299 1431 A.
348 1362 691 1444 Cornelio,
738 1376 807 1430 et
851 1363 1000 1431 aliis
1043 1366 1183 1430 acie
1225 1367 1485 1454 saepius
1526 1365 1715 1442 victi,
1747 1386 1919 1430 anno
1950 1362 2035 1429 ab
2064 1362 2152 1429 U.
2183 1363 2266 1430 0.

80 1481 340 1546 circiter
390 1480 922 1569 quingentesimo
967 1479 1220 1547 decimo
1266 1490 1527 1559 octavo,
1576 1476 2078 1568 quatuordecim
2123 1476 2273 1544 mil-

84 1593 253 1661 libus
300 1598 582 1674 amissis,
626 1597 1000 1662 universam
1046 1617 1257 1685 usque
1303 1594 1387 1661 ad
1430 1594 1621 1661 Boios
1652 1596 2056 1683 provinciam
2102 1596 2272 1660 ami-

82 1722 307 1776 serunt
352 1710 437 1780 (¹)
463 1758 483 1777 .
529 1709 710 1776 Tum
754 1708 1042 1778 Romani
1072 1710 1377 1777 Arimino
1408 1712 1587 1799 prius
1616 1712 1684 1776 in
1716 1708 2022 1788 Umbria,
2053 1720 2120 1775 et
2149 1708 2272 1774 Be-

86 1836 379 1893 nevento
419 1827 488 1892 in
531 1824 802 1894 Samnio
846 1825 1125 1893 urbibus
1169 1826 1254 1892 ad
1296 1826 1726 1894 continendos
1768 1829 1838 1892 in
1884 1823 2105 1894 officio
2148 1847 2272 1913 po-

86 1940 299 2030 pulos,
346 1941 651 2023 conditis,
682 1939 1158 2031 Senogalliam‚
1200 1964 1407 2033 quam
1451 1944 1523 2009 in
1565 1942 1883 2009 Adriatici
1913 1944 2112 2009 maris
2153 1940 2269 2008 lit-

92 2071 233 2128 tore
276 2070 481 2127 antea
524 2057 710 2126 Galli
740 2071 1197 2141 extruxerant,
1225 2059 1551 2129 coloniam
1584 2059 1943 2127 deducunt.
1975 2059 2118 2127 Boii
2146 2060 2271 2125 etsi

90 2185 390 2263 potentes
432 2172 655 2241 hostes
697 2173 1015 2243 finitimos
1066 2197 1254 2264 aegre
1310 2187 1714 2264 paterentur,
1771 2197 1999 2243 eorum
2043 2185 2270 2241 tamen
2341 2177 2344 2180 ’

94 2310 271 2355 uma
313 2311 454 2357 non
500 2287 707 2355 semel
750 2291 1003 2378 experti
1045 2288 1155 2358 vel
1195 2291 1390 2357 inviti
1439 2290 1890 2379 quiescebant.
1937 2286 2068 2354 Sed
2109 2310 2271 2355 cum

90 2408 373 2494 primum
418 2428 607 2472 senes
649 2409 766 2496 qui
806 2405 1019 2472 dubia
1065 2405 1393 2475 bellorum
1428 2406 1745 2496 pericula,
1774 2417 1843 2473 et
1886 2405 2269 2474 luctuosum
2352 2453 2356 2458 ·

90 2522 368 2590 Martem
411 2527 678 2613 saepius
718 2526 1193 2605 sustinuerant,
1236 2536 1514 2592 naturae
1558 2546 1960 2607 concessere,
2003 2523 2265 2613 ingenio

97 2635 336 2708 feroces
380 2640 684 2727 juvenes,
737 2640 1154 2730 transalpinis
1214 2645 1287 2708 in
1352 2640 1687 2709 auxilium
1736 2644 2012 2723 vocatis,
2065 2666 2273 2711 novas

94 2777 193 2822 rc·
232 2755 453 2825 moliri
498 2768 872 2846 caeperunt.
919 2758 1143 2824 Duces
1185 2757 1256 2822 id
1299 2755 1674 2826 inconsulta
1718 2757 1914 2847 plebe
1944 2771 2273 2826 tractave-

98 2883 267 2951 rant,
305 2894 481 2962 quae
526 2883 606 2938 ut
634 2872 1012 2939 Ariminum
1042 2875 1365 2963 pervenit,
1393 2895 1464 2940 se
1493 2884 1722 2940 contra
1752 2873 2086 2940 Romanos
2115 2873 2271 2940 duci

94 2984 485 3075 intelligens,
526 2986 795 3076 Regulis
825 2985 1220 3069 interfectis,
1244 3010 1401 3054 cum
1433 2987 1894 3077 superstitibus
1922 2986 2269 3056 nobilibus

93 3102 405 3172 conflixit.
460 3105 810 3173 Caeterum
879 3107 1115 3196 quinto
1180 3117 1330 3195 post
1395 3128 1593 3185 anno,
1647 3128 1851 3195 quam
1907 3104 2072 3173 haec
2117 3117 2271 3172 acta

94 3215 380 3303 fuerant,
408 3222 504 3289 M.
528 3221 780 3311 Lepido
806 3221 1118 3304 Consule,
1148 3221 1354 3308 Oajus
1374 3221 1742 3289 Flaminius
1769 3221 2023 3289 Romae
2051 3220 2271 3313 legem
2373 3209 2377 3213 ¹

94 3335 276 3417 tulit,
318 3349 401 3403 nt
445 3335 788 3405 Senonum
843 3340 1049 3426 regio,
1098 3350 1295 3404 antea
1346 3337 1690 3419 Picenum,
1740 3360 1923 3405 nunc
1976 3336 2272 3405 Marchia

94 3453 504 3522 Anconitana
549 3466 812 3534 vocata,
856 3457 1026 3521 inter
1055 3454 1299 3522 milites
1327 3455 1767 3535 divideretur-3
1797 3479 1971 3545 quae
2002 3479 2100 3523 res
2129 3478 2274 3521 cae-

96 3570 245 3636 teri·
288 3567 534 3650 Gallis,
576 3581 648 3635 et
687 3571 1036 3659 praecipue
1082 3572 1397 3659 proximis
1440 3570 1644 3650 Boiis,
1689 3573 1808 3661 qui
1850 3593 1923 3638 se
1965 3570 2274 3639 omnibus

98 3682 307 3767 bonis,
350 3698 421 3752 et
462 3688 772 3754 universo
819 3710 972 3776 agro
1027 3687 1167 3774 jam
1222 3686 1584 3777 spoliatum
1627 3690 1708 3754 iri
1753 3687 2271 3767 arbitrabantur,

100 3801 427 3888 ingentem
471 3804 781 3902 timorem
826 3805 1122 3870 incussit.
1166 3801 1313 3870 Nec
1358 3803 1576 3871 multo
1631 3815 1779 3893 post
1828 3802 2272 3871 inhumanum

102 3913 348 3983 Romae
388 3928 727 4007 patratum
773 3915 1058 4001 facinus,
1100 3931 1497 4009 conceptum
1541 3932 1798 3987 metum
1843 3944 1975 3989 non
2020 3922 2271 3989 medio-

174 4144 257 4216 (ι)
290 4145 501 4218 eutrop.
534 4147 629 4200 lib.
661 4166 712 4200 ι.
