2950 5017
651 408 786 495 2⁴6
1396 422 1635 468 annun
1678 422 2096 469 ateramum

651 551 862 617 etiam
919 543 1221 613 homines
1287 543 1645 632 perierunt.
1717 541 2014 610 Demum
2079 562 2239 609 cum
2302 538 2483 611 bello
2556 540 2843 633 Regium

650 662 935 755 graviter
977 669 1417 750 premeretur,
1443 657 1824 727 Parmense·
1837 707 1857 738 ,
1887 658 2007 747 qui
2050 669 2121 724 et
2163 658 2289 748 ipsi
2332 669 2569 726 auctas
2617 671 2840 748 tyran-

646 801 894 850 norum
936 778 1105 846 vires
1151 773 1505 853 timebant,
1546 796 1663 863 per
1704 797 1821 842 sex
1863 771 2217 842 nobiliores
2280 776 2452 841 cives
2524 774 2616 841 de
2686 799 2840 865 paee

647 918 807 963 oum
851 889 1183 982 scaligero
1235 900 1551 981 egerunt3
1595 891 1716 979 qui
1762 887 2025 971 Sessiis,
2070 903 2150 957 ut
2195 880 2549 969 volebant,
2598 895 2831 981 quinto

646 1008 957 1078 calendas
999 1008 1169 1083 maii
1211 1007 1559 1084 restitutio,
1607 1004 1695 1070 ab
1737 1004 2078 1073 obsidione
2105 1004 2454 1095 Regienses
2496 1005 2829 1075 liberavit.

646 1127 1023 1195 Passerinus
1068 1123 1189 1191 ubi
1252 1121 1666 1212 recipiendae
1710 1121 2017 1190 Mutinae
2082 1145 2198 1213 spe
2265 1122 2512 1191 excidit
2526 1174 2546 1204 ,
2604 1123 2835 1193 Brochi

646 1242 997 1332 carpensis
1061 1236 1653 1328 Archipraesbiteri
1729 1260 1930 1328 opera
1948 1288 1968 1320 ,
2035 1237 2332 1329 Carpum
2396 1241 2680 1307 invasit.
2751 1239 2837 1308 At

644 1357 845 1427 Sunii
889 1360 962 1425 in
1008 1356 1241 1424 urbem
1285 1356 1583 1423 revocati
1616 1353 1761 1434 ubi,
1790 1366 1873 1420 ut
1902 1366 2410 1437 consueverant,
2434 1358 2836 1446 impotenter

644 1473 971 1545 dominari
1017 1470 1402 1551 voluerunt,
1445 1469 2038 1561 novandarumque
2091 1494 2314 1539 rerum
2380 1494 2448 1539 se
2514 1472 2836 1540 studiosos

646 1590 1080 1662 ostenderunt
1106 1588 1328 1657 denuo
1355 1587 1587 1675 ejecti,
1614 1586 1929 1676 Scaligeri
1974 1600 2046 1654 et
2087 1587 2462 1657 Bonacoffl
2506 1588 2838 1655 auxilium

648 1706 1133 1798 implorarunt,
1179 1717 1250 1773 et
1291 1717 1532 1773 octavo
1576 1702 1882 1772 calendas
1927 1705 2088 1771 maii
2131 1726 2286 1771 cum
2330 1703 2624 1772 duorum
2670 1707 2839 1793 prin·

646 1826 876 1913 cipum
923 1823 1131 1912 copiis
1186 1823 1426 1891 reversi
1480 1831 1695 1887 castra
1745 1819 1923 1909 apud
1966 1818 2238 1887 Portam
2281 1817 2583 1886 Sanctae*
2613 1818 2839 1887 Crucis

646 1952 1035 2030 posuerunt.
1080 1938 1521 2007 Bononienses
1540 1988 1560 2018 ,
1604 1935 1724 2003 ubi
1768 1938 2136 2004 amicorum
2191 1934 2565 2025 periculum
2614 1936 2835 2003 audie-

646 2067 833 2135 runt,
875 2053 1202 2123 ducentos
1268 2055 1678 2142 sagittarios,
1743 2067 2018 2119 centnm
2085 2051 2335 2141 pedites
2398 2050 2728 2133 hastatos,
2768 2063 2832 2118 et

643 2168 1116 2261 quadrigentos
1145 2171 1401 2258 equites
1429 2167 1872 2256 Regiensibus
1914 2166 2207 2235 subsidio
2250 2168 2605 2232 miserunt:
2634 2189 2833 2256 quare

644 2287 994 2376 desperata
1057 2286 1372 2363 victoria,
1420 2283 1643 2351 hostes
1710 2294 1900 2351 sexto
1966 2294 2322 2373 postquam
2364 2296 2693 2350 venerant
2731 2283 2830 2350 die

643 2403 1012 2469 discessere.
1066 2399 1170 2469 Eo
1221 2399 1405 2468 bello
1469 2399 1795 2489 implicita
1840 2401 2145 2480 civitate,
2187 2399 2227 2476 J
2230 2398 2484 2473 acobus
2521 2397 2829 2467 Rodelius

645 2540 766 2606 per
809 2538 958 2583 eam
1005 2516 1426 2583 occasionem
1470 2513 1778 2581 Castrum
1813 2514 2236 2594 Arianorum,
2279 2516 2390 2580 cui
2435 2513 2831 2600 jamdudum

644 2630 1043 2712 inhiaverat,
1090 2630 1359 2699 adortus
1400 2640 1522 2696 est.
1570 2628 1867 2698 Achilles
1901 2627 2116 2696 Atiles
2156 2627 2245 2695 ad
2289 2627 2423 2697 loci
2467 2629 2833 2699 custodiam

644 2748 914 2819 relictus
985 2750 1312 2838 praesenti
1387 2748 1612 2815 animo
1687 2745 2103 2837 aliquamdiu
2166 2768 2238 2814 se
2303 2743 2647 2827 defendit3
2709 2747 2831 2814 sed

647 2875 976 2933 crescente
1020 2865 1561 2957 oppugnantium
1603 2861 2041 2931 multitudine
2092 2863 2290 2951 pauci
2332 2861 2637 2952 pluribus
2679 2865 2837 2929 resi-

641 2992 810 3048 stere
850 3003 988 3049 non
1032 2983 1176 3048 ausi
1218 2978 1449 3060 locum
1490 2977 1773 3046 dedunt.
1831 2976 2216 3068 Regebatur
2283 2987 2448 3045 tunc
2516 2980 2831 3067 temporis

639 3120 883 3188 magna
947 3096 1303 3186 prudentia
1366 3098 1603 3164 civitas
1618 3144 1640 3176 ,
1680 3098 1751 3162 in
1813 3117 1952 3183 qua
2009 3095 2387 3184 sapientum
2428 3091 2828 3164 Senatorum

640 3212 986 3302 diligentia
1028 3209 1204 3277 nulli
1248 3232 1469 3277 rerum
1514 3208 1979 3278 novandarum
2022 3210 2282 3279 occasio
2341 3209 2823 3300 praebebatur:

640 3350 851 3417 quare
891 3324 1274 3393 Gulielmus
1318 3323 1760 3415 Canussiique
1816 3348 1982 3393 cum
2053 3327 2304 3417 agnatis
2371 3323 2623 3394 fractas
2665 3329 2827 3395 vires

638 3466 794 3512 suas
837 3454 1176 3539 cernentes
1235 3441 1404 3511 urbe
1468 3440 1646 3509 clam
1712 3445 1966 3526 exiere,
2008 3457 2078 3512 et
2118 3447 2189 3511 in
2233 3467 2358 3513 sua
2420 3467 2493 3512 se
2558 3443 2829 3512 castella

639 3571 1068 3650 receperunt:
1114 3558 1292 3626 idem
1335 3557 1666 3627 Robertus
1709 3571 1778 3625 ct
1820 3560 1860 3637 J
1861 3584 2104 3629 oannes
2147 3561 2449 3630 Folleani
2492 3558 2813 3628 fecerunt.

793 3679 977 3746 Inter
1039 3677 1208 3745 haec
1271 3677 1554 3755 Joannes
1618 3676 1815 3743 XXII
1885 3692 2139 3746 creatus
2208 3675 2528 3747 Pontifex
2596 3701 2818 3747 omnes

635 3792 875 3860 Italiae
916 3792 1275 3884 Principes,
1306 3796 1425 3883 qui
1451 3793 1862 3862 Gibelliuam
1907 3792 2266 3863 factionem
2311 3792 2821 3884 profitebantur,

636 3893 927 3989 monuit,
972 3921 1054 3976 ut
1096 3909 1330 3978 relicto
1374 3910 1654 3978 Caesare
1719 3934 1870 3979 suas
1935 3923 2152 4001 partes
2195 3921 2651 4003 sequerentur.
2696 3909 2820 3977 Sed

632 4024 736 4092 illi
782 4024 933 4112 jure
974 4048 1044 4092 se
1089 4025 1178 4090 ab
1220 4025 1527 4115 Augusto
1577 4027 1882 4097 Vicarios
1927 4038 2179 4096 creatos
2192 4077 2214 4109 ,
2279 4051 2407 4098 uec
2466 4049 2815 4117 regnorum

633 4139 967 4257 ditionem
1007 4138 1096 4209 ad
1125 4138 1335 4209 alium
1349 4192 1371 4224 ,
1399 4165 1606 4233 quam
1636 4143 1723 4213 ad
1750 4141 2095 4214 Caesarem
2124 4145 2480 4236 pertinere,
2510 4143 2812 4213 audacter
