2950 5017
613 399 742 466 328
1351 412 1592 461 unium
1634 411 2058 460 utcumnm

610 538 924 607 adversus
966 534 1188 606 hostes
1217 538 1427 604 tutari
1460 537 1822 626 coeperint,
1849 533 1964 604 sed
1998 536 2204 601 etiam
2231 532 2562 605 barbaros
2596 557 2827 601 omnes

606 652 869 724 fortiter
912 654 1249 741 ejecerint.
1298 652 1363 720 Is
1411 676 1500 719 ex
1544 651 1779 722 schola
1819 653 2096 729 Joannis
2129 652 2382 718 Auenti
2429 651 2641 740 Angli
2686 676 2835 741 pro-

605 770 845 852 dierat,
866 773 986 861 qui
1018 783 1345 861 tanquam
1392 782 1671 836 exactus
1718 768 1997 835 militiae
2045 771 2355 857 magister
2402 771 2670 856 magnis
2714 772 2832 834 sti-

609 887 869 979 pendiis
924 887 1105 978 apud
1163 886 1585 954 Galleacium
1655 886 1721 952 11
1789 884 2280 952 vicecomitem
2346 895 2699 965 socerum,
2762 899 2831 949 et

608 1004 1003 1095 Gregorium
1035 1002 1463 1082 Pontificem,
1486 1003 1902 1070 Florentinos
1925 1003 2329 1092 Pisanosque
2361 1025 2637 1069 summa
2671 1025 2828 1068 cum

610 1120 811 1189 laude
857 1131 1225 1188 meruerat.
1271 1119 1456 1186 Idem
1506 1117 1826 1186 Sfortiam
1884 1118 2271 1200 Braccium,
2313 1117 2643 1187 Carolum
2694 1119 2833 1185 Ma-

608 1236 956 1318 latestam,
1000 1235 1292 1314 Paulum
1347 1234 1706 1315 Ursinum,
1750 1246 1820 1301 et
1862 1233 2267 1325 Mostardam
2341 1233 2659 1304 alumnos
2720 1235 2836 1301 ha-

608 1356 789 1436 buit,
834 1355 1278 1443 magisterque
1324 1356 1643 1443 equitum
1674 1365 1977 1432 creatus,
2006 1356 2125 1441 qui
2158 1375 2511 1442 supremus
2545 1353 2833 1419 militiae

614 1469 824 1540 honos
853 1468 1033 1562 apud
1064 1467 1543 1559 Neapolitanos
1572 1467 1886 1549 habetur,
1917 1481 1986 1534 et
2016 1467 2484 1536 comestabilis
2518 1484 2834 1548 vocatur,

611 1601 906 1680 quatuor
949 1586 1167 1654 millia
1210 1586 1828 1677 cataphractorum,
1871 1601 1942 1652 et
1989 1586 2270 1654 totidem
2316 1586 2478 1655 levis
2528 1604 2835 1653 armatu-

611 1729 725 1775 rae
768 1708 1105 1796 equitum,
1135 1707 1255 1795 qui
1285 1704 1368 1771 ad
1402 1727 1559 1771 eum
1603 1718 1837 1793 sponte
1880 1701 2331 1784 confluebant,
2361 1705 2521 1772 Divi
2554 1704 2834 1793 Georgii

610 1824 920 1912 auspiciis
962 1822 1091 1889 sub
1135 1823 1333 1911 signis
1379 1821 1576 1888 aluit.
1623 1820 1711 1887 Hi
1755 1832 2176 1889 sacramento
2224 1815 2481 1900 adacti,
2535 1844 2603 1888 se
2654 1845 2835 1888 nun-

607 1959 817 2031 quam
883 1939 1064 2007 hosti
1134 1951 1317 2027 terga
1362 1938 1637 2006 daturos
1691 1939 2228 2025 conjuraverant.
2276 1938 2536 2005 Primus
2583 1938 2838 2005 cassidi

608 2055 1060 2125 subductilem
1106 2055 1431 2122 buculam
1481 2055 1774 2135 addidit,
1807 2079 1885 2121 ac
1919 2067 2288 2123 transversa
2336 2068 2608 2123 tantum
2658 2059 2838 2122 rima

611 2172 699 2241 ad
743 2171 1277 2263 prospiciendum
1321 2171 1552 2240 relicta
1599 2171 1895 2238 militum
1943 2197 2059 2240 ora
2103 2175 2425 2264 protexit,
2470 2197 2621 2240 eam
2675 2196 2841 2242 con-

609 2289 903 2372 clusam,
946 2290 1418 2380 duplicemque
1472 2289 1734 2378 galeam
1781 2290 2080 2359 Gothico
2127 2292 2456 2361 vocabulo
2516 2290 2842 2358 Helmet·

612 2420 766 2476 tum
808 2431 1155 2477 vocamus.
1201 2408 1440 2475 Ferreo
1497 2420 1834 2498 praeterea
1895 2406 2223 2496 gutturali
2291 2408 2608 2498 jugulum
2684 2433 2841 2475 mu-

610 2529 798 2595 niens
841 2525 1074 2617 galeae
1116 2526 1391 2595 loricam
1438 2527 1837 2614 conjunxit,
1871 2550 1949 2593 ac
1983 2531 2386 2617 tegumentis
2431 2551 2540 2594 ex·
2563 2541 2838 2595 recocto

613 2646 792 2713 corio
858 2643 1223 2726 deauratis,
1267 2656 1336 2710 et
1395 2644 1483 2711 ad
1528 2642 1832 2712 decorem
1901 2648 2164 2734 pictura
2230 2645 2599 2724 distinctis,
2644 2668 2840 2735 quae

609 2761 849 2829 bardas
889 2761 1209 2843 dicimus,
1258 2785 1465 2853 equos
1510 2785 1724 2852 usque
1797 2762 1882 2828 ad
1951 2785 2170 2851 genua
2217 2765 2537 2843 armavit,
2580 2765 2844 2851 promi-

608 2891 813 2947 nente
861 2879 1039 2969 stylo
1098 2879 1505 2948 frontalibus
1572 2878 1797 2947 ferreis
1848 2880 2120 2960 addito,
2165 2904 2301 2970 quo
2354 2882 2421 2947 in
2477 2903 2840 2968 congressu

607 2995 831 3065 hostes
861 2994 1238 3066 ferirentur.
1286 2998 1351 3065 Is
1394 2999 1837 3067 barbarorum
1874 2997 2221 3065 licentiam
2255 2998 2339 3063 ad
2372 2997 2838 3086 praedandum

609 3137 729 3204 per
772 3113 1043 3183 Italiam
1088 3115 1601 3182 discurrentium
1658 3113 1980 3197 frenavit,
2034 3115 2334 3204 adeoque
2392 3113 2714 3194 feliciter,
2761 3128 2835 3181 et

609 3233 875 3320 saepius
941 3231 1353 3321 profligavit,
1430 3244 1507 3297 ut
1574 3246 1957 3322 corruptam
2025 3231 2351 3300 Italorum
2407 3231 2831 3321 disciplinam

610 3348 856 3435 insigni
925 3371 1084 3414 cum
1150 3347 1353 3414 laude
1420 3351 1812 3417 restitueret.
1859 3350 2017 3418 Non·
2064 3373 2199 3417 uno
2246 3352 2316 3416 in
2362 3349 2513 3418 loco
2559 3347 2829 3429 Gallos,

605 3462 984 3544 Britannos,
1034 3463 1538 3555 Germanosque
1582 3469 1962 3556 superavit3
2011 3466 2369 3556 Hispanos,
2401 3464 2824 3554 Allobroges,

608 3577 992 3670 Anglosquc
1039 3603 1119 3647 ea
1166 3582 1416 3648 virtute
1459 3582 1739 3665 delevit,
1786 3598 1865 3651 ut
1910 3583 2341 3651 clarissimam
2390 3585 2689 3650 nominis
2733 3580 2829 3647 fa-

608 3699 792 3763 mam
824 3720 1089 3763 summa
1121 3719 1277 3763 cum
1313 3697 1514 3765 laude
1546 3704 2006 3789 promeruerit.
2054 3698 2202 3766 Sub
2248 3723 2327 3767 eo
2374 3696 2732 3779 Sfortiani,
2761 3710 2827 3763 et

609 3813 954 3881 Braeciani
1025 3813 1275 3881 milites
1346 3815 1613 3883 educati
1661 3820 1731 3884 in
1776 3818 2063 3886 diversas
2108 3814 2428 3885 factiones
2477 3816 2825 3894 abierunt3

608 3952 900 4020 quorum
949 3955 1135 3997 arma
1182 3943 1447 3999 tantum
1517 3936 1801 4002 nominis
1871 3933 2050 4023 apud
2118 3956 2345 4003 omnes
2402 3932 2828 4010 habuerunt,

611 4058 693 4113 ut
735 4059 993 4118 exteras
1039 4063 1262 4141 gentes
1308 4051 1519 4120 nobili
1566 4076 1785 4118 rerum
1835 4065 2168 4141 gestarum
2217 4051 2405 4117 fama
2460 4062 2824 4141 perterrue-

611 4167 768 4233 rint.
814 4166 1176 4237 Balbianus
1232 4169 1321 4236 ab
1381 4171 1626 4259 exiguo
1669 4168 1933 4237 Galliae
1981 4169 2362 4259 Cisalpinae
2411 4167 2669 4259 oppido
2715 4190 2823 4234 vo-
