2950 5017
921 413 1122 458 mssa
1167 413 1455 470 omarus
1519 491 1523 495 ,
2153 399 2283 486 345

64 530 430 604 nefectus
450 583 475 615 ‚
556 557 718 602 mox
781 534 961 625 apud
1008 535 1364 605 Albertum
1411 525 1799 605 Atestinum
1860 537 2081 625 justae
2139 541 2287 610 alae

64 650 370 720 'exillum
425 653 797 720 sustinuit.
841 651 1106 720 Deinde
1151 652 1329 743 apud
1376 654 1727 722 Perusinos
1759 667 1827 722 et
1857 653 2285 726 Galleacium

64 769 568 837 Iicecomitem
629 770 952 858 pugnacis
995 768 1183 837 ducis
1226 792 1473 838 nomen
1521 780 1919 839 consecutus
1962 771 2289 846 Florenti·

64 889 128 956 1is
167 897 380 954 tanto
435 882 679 953 famae
722 885 1072 976 splendore
1117 886 1464 969 militavit,
1497 901 1578 956 ut
1607 887 1796 957 Nerii
1830 888 2112 981 Caponii
2145 915 2290 961 ma·-

62 1028 128 1073 1u
171 1004 269 1073 ob
316 1003 689 1095 Angelum
736 1003 1187 1095 Pergulanum
1250 1004 1548 1073 bostium
1590 1004 1838 1073 ducem
1899 1020 2289 1098 superatum

64 1146 197 1191 zum
235 1120 486 1191 liliato
540 1120 793 1191 vexillo
835 1121 1135 1190 lauream
1183 1146 1622 1214 annuumque
1669 1124 2066 1193 donativum
2113 1127 2292 1195 obti-

64 1239 288 1306 merit.
339 1237 544 1306 Eam
591 1238 883 1329 denique
927 1242 1202 1307 virtutis
1254 1237 1538 1307 bellicae
1589 1237 1859 1308 laudem
1913 1231 2294 1331 promerue-

64 1367 185 1435 rat,
229 1367 315 1421 ut
360 1356 566 1422 inter
628 1353 1022 1423 clarissimos
1087 1359 1191 1423 sui
1263 1358 1578 1446 temporis
1629 1354 1834 1424 duces
1899 1355 2291 1440 haberetur,
2415 1376 2421 1384 ·

62 1472 516 1563 speciosisque
585 1469 883 1539 familiae
948 1472 1141 1559 jactis
1207 1470 1664 1540 fundamentis
1730 1471 1875 1542 filio
1945 1474 2293 1543 obtinendi

62 1592 468 1678 principatus
519 1587 1037 1658 Mediolanensis
1083 1591 1261 1658 viam
1311 1593 1664 1681 aperuerit.
1712 1590 1893 1659 Cum
1942 1613 2101 1661 vero
2134 1593 2289 1662 Flo-

66 1710 295 1774 rentini
351 1706 453 1776 ob
512 1707 793 1775 Pisanos
861 1705 1150 1775 domitos
1216 1710 1703 1798 aquiescerent,
1772 1707 1858 1773 ad
1914 1708 2292 1777 'Nicolaum

67 1823 448 1891 atestinum
496 1846 577 1891 se
613 1822 931 1902 contulit,
963 1846 1041 1890 ac
1074 1822 1410 1891 Mutinam
1441 1827 1771 1912 ingressus
1804 1824 1894 1891 ab
1925 1823 2294 1896 Othobono

74 1962 212 2007 cum
254 1945 583 2032 quinque
628 1937 926 2008 millibus
972 1945 1309 2032 equitum,
1339 1953 1411 2007 et
1440 1940 1894 2031 quadrigentis
1941 1941 2285 2032 peditibus

71 2068 162 2124 est
219 2057 577 2125 obsessus.
639 2058 892 2127 Contra
952 2058 1305 2138 Nicolaus,
1354 2058 1552 2126 Actio
1597 2057 1934 2141 Rodellia,
1981 2057 2294 2129 Gnidone

75 2172 294 2254 Paulo,
322 2187 394 2243 et
424 2175 706 2244 Thoma
737 2174 1074 2244 Folleanis
1121 2179 1193 2242 in
1239 2198 1393 2242 suas
1440 2188 1662 2265 partes
1703 2175 2050 2258 traductis,
2085 2180 2294 2243 etiam

76 2289 417 2360 Nicolaum
479 2293 932 2373 Ganussium,
980 2291 1406 2361 Galleottum
1462 2291 1952 2376 Valisnerium,
2009 2292 2290 2362 Petrum

84 2405 470 2491 Robertum,
545 2434 709 2477 curn
776 2409 1032 2486 Jacobo
1099 2407 1300 2476 fratre
1367 2409 1606 2476 Lunae
1660 2409 1992 2501 Episcopo
2057 2424 2290 2479 contra

93 2520 324 2594 hostem
363 2529 761 2596 concitavit.
810 2526 1073 2593 Deinde
1118 2525 1203 2593 ad
1250 2525 1687 2595 obsidendam
1719 2525 2105 2593 Her-beriam
2149 2550 2297 2616 pro-

93 2635 284 2708 fectus
311 2656 701 2734 opportuno
732 2642 987 2711 auxilio
1018 2640 1340 2711 Sfortiam
1381 2641 1746 2710 liberatum
1778 2641 1862 2707 ad
1893 2640 2298 2731 diripiendos

96 2754 419 2847 Regienses
465 2774 539 2828 et
586 2761 976 2828 Par-menses
1020 2760 1299 2827 dimisit.

208 2875 462 2946 Interea
492 2878 734 2949 Guido
764 2877 1123 2947 Folleanus
1154 2876 1466 2967 Gypsum
1500 2855 1677 2943 'cum
1723 2877 2066 2965 sexaginta
2110 2877 2300 2965 equi-

101 2988 255 3058 tibus
294 2963 644 3063 contemsit
688 3006 770 3062 ut
813 2992 1338 3061 Scandiancnses
1396 2992 1809 3061 vindemiam
1855 2989 2151 3059 facturos
2195 2994 2299 3059 in-

104 3113 437 3201 terciperet.
484 3114 566 3181 Id
612 3112 840 3182 Guido
888 3103 1379 3181 Torellus'tum
1414 3110 1610 3200 Regii
1640 3109 2024 3178 Praefectus
2068 3112 2295 3191 sensit,

103 3236 162 3288 et
196 3225 361 3297 clam
405 3243 605 3301 nocte
672 3254 830 3299 cum
901 3231 1213 3297 trecentis
1257 3229 1601 3320 equitibus
1646 3225 2100 3297 Scandianum
2145 3251 2299 3317 pro-

107 3334 291 3412 fectus
330 3370 397 3415 se
443 3352 512 3418 in
561 3349 815 3417 insidiis
860 3348 1168 3418 collocat.
1201 3347 1400 3415 Mane
1444 3359 1769 3414 exeuntes
1823 3348 2145 3414 vinitores
2178 3350 2299 3414 tri-

110 3458 266 3543 ginta
304 3468 561 3555 equites
589 3466 914 3558 praesidio
943 3464 1158 3532 futuri
1192 3465 1706 3555 praecedebant,
1737 3465 1806 3532 in
1839 3485 2008 3553 quos
2036 3465 2293 3534 irruens

111 3571 432 3651 Folleanus
478 3583 742 3674 aliquot
781 3585 984 3673 cepit.
1031 3581 1212 3649 Tum
1260 3581 1553 3650 clamore
1584 3584 1958 3671 irrumpens
1988 3578 2298 3648 Torellus

115 3707 429 3765 cruentum
471 3715 808 3769 certamen
857 3695 1229 3780 commisit3
1276 3697 1550 3766 tandem
1593 3721 1752 3770 curn
1798 3698 2144 3786 sexaginta
2178 3695 2300 3764 ho·

115 3809 299 3881 stibus
340 3824 550 3909 captis
595 3823 811 3890 victor
854 3820 1089 3887 evasit.
1127 3818 1335 3888 ‚Porro
1381 3814 1635 3886 Sfortia
1692 3813 2063 3885 abolendae
2110 3818 2302 3905 igno-

120 3928 328 4000 miniae
356 3939 637 4028 cupidus
657 3939 938 4008 Actium
960 3935 1340 4007 Rodelliam
1371 3958 1531 4003 cum
1563 3936 1917 4004 Francisco
1948 3959 1991 4001 a
2019 3931 2298 4016 Saxolo,

122 4037 639 4139 Gorngiensibus,
684 4068 753 4122 et
796 4052 1435 4134 Mirandulensibus,
1495 4051 1584 4119 ad
1630 4051 2021 4120 Valestrum
2067 4049 2298 4118 Caroli
2360 4117 2369 4130 „

126 4154 420 4254 Folleani‚
462 4176 581 4263 qui
624 4172 973 4244 othoboni
1025 4194 1208 4243 socer
1262 4181 1443 4255 erat,
1488 4167 1811 4261 oppidum
1857 4166 2297 4239 evertendum
