<?xml version="1.0" encoding="UTF-8"?>
<!DOCTYPE html PUBLIC "-//W3C//DTD XHTML 1.0 Transitional//EN"
    "http://www.w3.org/TR/xhtml1/DTD/xhtml1-transitional.dtd">
<html xmlns="http://www.w3.org/1999/xhtml" xml:lang="en" lang="en">
 <head>
  <title>
</title>
<meta http-equiv="Content-Type" content="text/html;charset=utf-8" />
  <meta name='ocr-system' content='tesseract 3.04.00' />
  <meta name='ocr-capabilities' content='ocr_page ocr_carea ocr_par ocr_line ocrx_word'/>
</head>
<body>
  <div class='ocr_page' id='page_1' title='image "./rerumhistoricar00unkngoog_0296.png"; bbox 0 0 2950 5017; ppageno 0'>
   <div class='ocr_carea' id='block_1_1' title="bbox 724 391 2158 458">
    <p class='ocr_par' dir='ltr' id='par_1_1' title="bbox 724 391 2158 458">
     <span class='ocr_line' id='line_1_1' title="bbox 724 391 2158 458; baseline -0.001 -1"><span class='ocrx_word' id='word_1_1' title='bbox 724 391 857 458; x_wconf 68' lang='lat'><strong>282</strong></span> <span class='ocrx_word' id='word_1_2' title='bbox 1459 408 1696 456; x_wconf 73' lang='lat' dir='ltr'><strong>anun</strong></span> <span class='ocrx_word' id='word_1_3' title='bbox 1736 408 2158 457; x_wconf 72' lang='lat' dir='ltr'><strong>ucmsmn</strong></span> 
     </span>
    </p>
   </div>
   <div class='ocr_carea' id='block_1_2' title="bbox 569 527 2887 4205">
    <p class='ocr_par' dir='ltr' id='par_1_2' title="bbox 569 527 2887 4205">
     <span class='ocr_line' id='line_1_2' title="bbox 854 527 2862 621; baseline 0.002 -23"><span class='ocrx_word' id='word_1_4' title='bbox 854 529 1001 599; x_wconf 77' lang='lat' dir='ltr'><strong>Hac</strong></span> <span class='ocrx_word' id='word_1_5' title='bbox 1040 527 1229 598; x_wconf 81' lang='lat' dir='ltr'><strong>clade</strong></span> <span class='ocrx_word' id='word_1_6' title='bbox 1270 541 1572 621; x_wconf 78' lang='lat' dir='ltr'><strong>accepta,</strong></span> <span class='ocrx_word' id='word_1_7' title='bbox 1599 530 1910 612; x_wconf 80' lang='lat' dir='ltr'><strong>Ioannes,</strong></span> <span class='ocrx_word' id='word_1_8' title='bbox 1940 543 2009 599; x_wconf 84' lang='lat' dir='ltr'><strong>et</strong></span> <span class='ocrx_word' id='word_1_9' title='bbox 2037 528 2284 599; x_wconf 85' lang='lat' dir='ltr'><strong>Guido</strong></span> <span class='ocrx_word' id='word_1_10' title='bbox 2316 529 2639 598; x_wconf 82' lang='lat' dir='ltr'><strong>Folleani</strong></span> <span class='ocrx_word' id='word_1_11' title='bbox 2665 529 2862 603; x_wconf 75' lang='lat' dir='ltr'><strong>Giherti</strong></span> 
     </span>
     <span class='ocr_line' id='line_1_3' title="bbox 718 643 2860 738; baseline 0 -26"><span class='ocrx_word' id='word_1_12' title='bbox 718 643 936 713; x_wconf 82' lang='lat' dir='ltr'><strong>fratris</strong></span> <span class='ocrx_word' id='word_1_13' title='bbox 975 643 1241 714; x_wconf 81' lang='lat' dir='ltr'><strong>consilio</strong></span> <span class='ocrx_word' id='word_1_14' title='bbox 1269 643 1511 714; x_wconf 80' lang='lat' dir='ltr'><strong>Obicio</strong></span> <span class='ocrx_word' id='word_1_15' title='bbox 1542 645 1845 715; x_wconf 82' lang='lat' dir='ltr'><strong>Atestino</strong></span> <span class='ocrx_word' id='word_1_16' title='bbox 1872 657 1942 712; x_wconf 85' lang='lat' dir='ltr'><strong>et</strong></span> <span class='ocrx_word' id='word_1_17' title='bbox 1970 643 2348 736; x_wconf 83' lang='lat' dir='ltr'><strong>Scaligeris</strong></span> <span class='ocrx_word' id='word_1_18' title='bbox 2383 668 2463 712; x_wconf 86' lang='lat' dir='ltr'><strong>se</strong></span> <span class='ocrx_word' id='word_1_19' title='bbox 2492 644 2860 738; x_wconf 74' lang='lat' dir='ltr'><strong>conjungunt.</strong></span> 
     </span>
     <span class='ocr_line' id='line_1_4' title="bbox 716 745 2887 853; baseline 0.002 -24"><span class='ocrx_word' id='word_1_20' title='bbox 716 745 1033 830; x_wconf 77' lang='lat' dir='ltr'><strong>Gibertus</strong></span> <span class='ocrx_word' id='word_1_21' title='bbox 1062 764 1308 829; x_wconf 83' lang='lat' dir='ltr'><strong>virtute</strong></span> <span class='ocrx_word' id='word_1_22' title='bbox 1335 760 1495 829; x_wconf 85' lang='lat' dir='ltr'><strong>belli</strong></span> <span class='ocrx_word' id='word_1_23' title='bbox 1523 759 1737 829; x_wconf 86' lang='lat' dir='ltr'><strong>clarus</strong></span> <span class='ocrx_word' id='word_1_24' title='bbox 1780 765 2108 852; x_wconf 74' lang='lat' dir='ltr'><strong>egregiam</strong></span> <span class='ocrx_word' id='word_1_25' title='bbox 2154 785 2464 853; x_wconf 81' lang='lat' dir='ltr'>operam</span> <span class='ocrx_word' id='word_1_26' title='bbox 2513 764 2586 829; x_wconf 91' lang='lat' dir='ltr'><strong>in</strong></span> <span class='ocrx_word' id='word_1_27' title='bbox 2628 762 2887 851; x_wconf 75' lang='lat' dir='ltr'><strong>pluribus}</strong></span> 
     </span>
     <span class='ocr_line' id='line_1_5' title="bbox 714 875 2854 967; baseline 0.001 -24"><span class='ocrx_word' id='word_1_28' title='bbox 714 876 977 967; x_wconf 85' lang='lat' dir='ltr'><strong>praeliis</strong></span> <span class='ocrx_word' id='word_1_29' title='bbox 1033 876 1425 957; x_wconf 76' lang='lat' dir='ltr'><strong>ostenderat,</strong></span> <span class='ocrx_word' id='word_1_30' title='bbox 1467 875 2033 967; x_wconf 79' lang='lat' dir='ltr'><strong>Thaddaeumque</strong></span> <span class='ocrx_word' id='word_1_31' title='bbox 2074 876 2451 966; x_wconf 71' lang='lat' dir='ltr'><strong>Populum</strong></span> <span class='ocrx_word' id='word_1_32' title='bbox 2520 876 2854 962; x_wconf 79' lang='lat' dir='ltr'><strong>jureconsul-</strong></span> 
     </span>
     <span class='ocr_line' id='line_1_6' title="bbox 715 992 2887 1084; baseline 0.001 -23"><span class='ocrx_word' id='word_1_33' title='bbox 715 1006 861 1061; x_wconf 84' lang='lat' dir='ltr'><strong>tum</strong></span> <span class='ocrx_word' id='word_1_34' title='bbox 880 1043 900 1075; x_wconf 96' lang='lat'><strong>,</strong></span> <span class='ocrx_word' id='word_1_35' title='bbox 940 997 1056 1084; x_wconf 86' lang='lat' dir='ltr'><strong>qui</strong></span> <span class='ocrx_word' id='word_1_36' title='bbox 1099 993 1460 1063; x_wconf 81' lang='lat' dir='ltr'><strong>Bononiam</strong></span> <span class='ocrx_word' id='word_1_37' title='bbox 1513 1004 1865 1082; x_wconf 73' lang='lat' dir='ltr'><strong>oecuparat</strong></span> <span class='ocrx_word' id='word_1_38' title='bbox 1883 1044 1903 1075; x_wconf 91' lang='lat'><strong>,</strong></span> <span class='ocrx_word' id='word_1_39' title='bbox 1949 993 2287 1062; x_wconf 85' lang='lat' dir='ltr'><strong>adversus</strong></span> <span class='ocrx_word' id='word_1_40' title='bbox 2344 992 2754 1062; x_wconf 83' lang='lat' dir='ltr'><strong>Florentinos</strong></span> <span class='ocrx_word' id='word_1_41' title='bbox 2788 1019 2852 1063; x_wconf 81' lang='grc' dir='ltr'><strong>ω-</strong></span> <span class='ocrx_word' id='word_1_42' title='bbox 2886 1074 2887 1081; x_wconf 13' lang='lat'>¹</span> 
     </span>
     <span class='ocr_line' id='line_1_7' title="bbox 714 1107 2846 1200; baseline -0.001 -19"><span class='ocrx_word' id='word_1_43' title='bbox 714 1111 974 1200; x_wconf 75' lang='lat' dir='ltr'><strong>piarum</strong></span> <span class='ocrx_word' id='word_1_44' title='bbox 1018 1109 1368 1200; x_wconf 81' lang='lat' dir='ltr'><strong>imperator</strong></span> <span class='ocrx_word' id='word_1_45' title='bbox 1409 1132 1542 1177; x_wconf 89' lang='lat' dir='ltr'><strong>non</strong></span> <span class='ocrx_word' id='word_1_46' title='bbox 1582 1108 1798 1177; x_wconf 86' lang='lat' dir='ltr'><strong>solum</strong></span> <span class='ocrx_word' id='word_1_47' title='bbox 1827 1121 2091 1177; x_wconf 84' lang='lat' dir='ltr'><strong>strenue</strong></span> <span class='ocrx_word' id='word_1_48' title='bbox 2119 1107 2577 1190; x_wconf 73' lang='lat' dir='ltr'><strong>defenderat,</strong></span> <span class='ocrx_word' id='word_1_49' title='bbox 2602 1108 2707 1177; x_wconf 89' lang='lat' dir='ltr'><strong>sed</strong></span> <span class='ocrx_word' id='word_1_50' title='bbox 2731 1110 2846 1178; x_wconf 74' lang='lat' dir='ltr'><strong>ultro</strong></span> 
     </span>
     <span class='ocr_line' id='line_1_8' title="bbox 712 1220 2845 1314; baseline 0 -23"><span class='ocrx_word' id='word_1_51' title='bbox 712 1226 912 1291; x_wconf 84' lang='lat' dir='ltr'><strong>etiam</strong></span> <span class='ocrx_word' id='word_1_52' title='bbox 956 1223 1173 1292; x_wconf 87' lang='lat' dir='ltr'><strong>hostes</strong></span> <span class='ocrx_word' id='word_1_53' title='bbox 1234 1227 1492 1313; x_wconf 82' lang='lat' dir='ltr'><strong>saepius</strong></span> <span class='ocrx_word' id='word_1_54' title='bbox 1557 1220 1904 1292; x_wconf 83' lang='lat' dir='ltr'><strong>afflixerat.</strong></span> <span class='ocrx_word' id='word_1_55' title='bbox 1972 1225 2228 1294; x_wconf 84' lang='lat' dir='ltr'><strong>Postea</strong></span> <span class='ocrx_word' id='word_1_56' title='bbox 2306 1247 2482 1293; x_wconf 83' lang='lat' dir='ltr'><strong>vero</strong></span> <span class='ocrx_word' id='word_1_57' title='bbox 2546 1223 2845 1314; x_wconf 79' lang='lat' dir='ltr'><strong>quindecim</strong></span> 
     </span>
     <span class='ocr_line' id='line_1_9' title="bbox 709 1337 2848 1413; baseline -0.001 -7"><span class='ocrx_word' id='word_1_58' title='bbox 709 1338 999 1406; x_wconf 88' lang='lat' dir='ltr'><strong>millium</strong></span> <span class='ocrx_word' id='word_1_59' title='bbox 1043 1337 1436 1407; x_wconf 85' lang='lat' dir='ltr'><strong>florenorum</strong></span> <span class='ocrx_word' id='word_1_60' title='bbox 1487 1337 1829 1408; x_wconf 73' lang='lat' dir='ltr'><strong>honorario</strong></span> <span class='ocrx_word' id='word_1_61' title='bbox 1886 1339 2116 1411; x_wconf 84' lang='lat' dir='ltr'><strong>oblato</strong></span> <span class='ocrx_word' id='word_1_62' title='bbox 2160 1340 2225 1413; x_wconf 83' lang='lat' dir='ltr'><strong>F</strong></span> <span class='ocrx_word' id='word_1_63' title='bbox 2226 1338 2717 1408; x_wconf 82' lang='lat' dir='ltr'><strong>lorentinorum</strong></span> <span class='ocrx_word' id='word_1_64' title='bbox 2754 1338 2848 1404; x_wconf 83' lang='lat' dir='ltr'><strong>dux</strong></span> 
     </span>
     <span class='ocr_line' id='line_1_10' title="bbox 714 1434 2839 1547; baseline -0.002 -22"><span class='ocrx_word' id='word_1_65' title='bbox 714 1467 973 1525; x_wconf 84' lang='lat' dir='ltr'><strong>creatus</strong></span> <span class='ocrx_word' id='word_1_66' title='bbox 1025 1434 1310 1535; x_wconf 80' lang='lat' dir='ltr'><strong>Lucam,</strong></span> <span class='ocrx_word' id='word_1_67' title='bbox 1352 1478 1557 1545; x_wconf 86' lang='lat' dir='ltr'><strong>quam</strong></span> <span class='ocrx_word' id='word_1_68' title='bbox 1623 1455 1723 1522; x_wconf 88' lang='lat' dir='ltr'><strong>illi</strong></span> <span class='ocrx_word' id='word_1_69' title='bbox 1788 1471 2063 1524; x_wconf 83' lang='lat' dir='ltr'><strong>centum</strong></span> <span class='ocrx_word' id='word_1_70' title='bbox 2135 1459 2551 1547; x_wconf 68' lang='lat' dir='ltr'><strong>octuaginta</strong></span> <span class='ocrx_word' id='word_1_71' title='bbox 2614 1454 2839 1521; x_wconf 79' lang='lat' dir='ltr'><strong>milli-bus</strong></span> 
     </span>
     <span class='ocr_line' id='line_1_11' title="bbox 708 1571 2842 1653; baseline -0.004 -11"><span class='ocrx_word' id='word_1_72' title='bbox 708 1571 1108 1642; x_wconf 85' lang='lat' dir='ltr'><strong>florenorum</strong></span> <span class='ocrx_word' id='word_1_73' title='bbox 1154 1596 1194 1638; x_wconf 87' lang='lat' dir='ltr'><strong>a</strong></span> <span class='ocrx_word' id='word_1_74' title='bbox 1235 1571 1521 1641; x_wconf 83' lang='lat' dir='ltr'><strong>Mastino</strong></span> <span class='ocrx_word' id='word_1_75' title='bbox 1551 1582 1872 1653; x_wconf 87' lang='lat' dir='ltr'><strong>emerant,</strong></span> <span class='ocrx_word' id='word_1_76' title='bbox 1900 1571 2219 1641; x_wconf 80' lang='lat' dir='ltr'><strong>adversus</strong></span> <span class='ocrx_word' id='word_1_77' title='bbox 2254 1572 2538 1640; x_wconf 84' lang='lat' dir='ltr'><strong>Pisanos</strong></span> <span class='ocrx_word' id='word_1_78' title='bbox 2578 1593 2717 1636; x_wconf 87' lang='lat' dir='ltr'><strong>cum</strong></span> <span class='ocrx_word' id='word_1_79' title='bbox 2750 1571 2842 1636; x_wconf 63' lang='lat'>1²11-</span> 
     </span>
     <span class='ocr_line' id='line_1_12' title="bbox 708 1682 2836 1777; baseline -0.002 -22"><span class='ocrx_word' id='word_1_80' title='bbox 708 1711 929 1777; x_wconf 86' lang='lat' dir='ltr'><strong>gnano</strong></span> <span class='ocrx_word' id='word_1_81' title='bbox 957 1686 1191 1768; x_wconf 91' lang='lat' dir='ltr'><strong>Sessio,</strong></span> <span class='ocrx_word' id='word_1_82' title='bbox 1218 1690 1336 1777; x_wconf 88' lang='lat' dir='ltr'><strong>qui</strong></span> <span class='ocrx_word' id='word_1_83' title='bbox 1365 1699 1593 1777; x_wconf 88' lang='lat' dir='ltr'><strong>postea</strong></span> <span class='ocrx_word' id='word_1_84' title='bbox 1622 1689 1689 1754; x_wconf 91' lang='lat' dir='ltr'><strong>in</strong></span> <span class='ocrx_word' id='word_1_85' title='bbox 1723 1685 1970 1777; x_wconf 85' lang='lat' dir='ltr'><strong>praelio</strong></span> <span class='ocrx_word' id='word_1_86' title='bbox 1998 1710 2235 1755; x_wconf 88' lang='lat' dir='ltr'><strong>caesus</strong></span> <span class='ocrx_word' id='word_1_87' title='bbox 2272 1699 2411 1768; x_wconf 85' lang='lat' dir='ltr'><strong>est,</strong></span> <span class='ocrx_word' id='word_1_88' title='bbox 2440 1685 2559 1753; x_wconf 87' lang='lat' dir='ltr'><strong>diu</strong></span> <span class='ocrx_word' id='word_1_89' title='bbox 2587 1682 2836 1751; x_wconf 83' lang='lat' dir='ltr'><strong>defendit.</strong></span> 
     </span>
     <span class='ocr_line' id='line_1_13' title="bbox 703 1803 2835 1895; baseline -0.002 -24"><span class='ocrx_word' id='word_1_90' title='bbox 703 1804 1005 1872; x_wconf 83' lang='lat' dir='ltr'><strong>Tandem</strong></span> <span class='ocrx_word' id='word_1_91' title='bbox 1038 1827 1195 1871; x_wconf 89' lang='lat' dir='ltr'><strong>cum</strong></span> <span class='ocrx_word' id='word_1_92' title='bbox 1224 1807 1610 1895; x_wconf 86' lang='lat' dir='ltr'><strong>promissum</strong></span> <span class='ocrx_word' id='word_1_93' title='bbox 1641 1804 2047 1895; x_wconf 89' lang='lat' dir='ltr'><strong>stipendium</strong></span> <span class='ocrx_word' id='word_1_94' title='bbox 2078 1803 2557 1873; x_wconf 75' lang='lat' dir='ltr'><strong>retardaretur</strong></span> <span class='ocrx_word' id='word_1_95' title='bbox 2580 1803 2835 1870; x_wconf 77' lang='lat' dir='ltr'><strong>Lucenses</strong></span> 
     </span>
     <span class='ocr_line' id='line_1_14' title="bbox 702 1916 2831 2011; baseline -0.003 -24"><span class='ocrx_word' id='word_1_96' title='bbox 702 1919 939 2009; x_wconf 85' lang='lat' dir='ltr'><strong>longae</strong></span> <span class='ocrx_word' id='word_1_97' title='bbox 980 1920 1334 1990; x_wconf 70' lang='lat' dir='ltr'><strong>obsidionis</strong></span> <span class='ocrx_word' id='word_1_98' title='bbox 1375 1923 1651 2010; x_wconf 87' lang='lat' dir='ltr'><strong>pertaesi</strong></span> <span class='ocrx_word' id='word_1_99' title='bbox 1694 1944 1734 1987; x_wconf 91' lang='lat' dir='ltr'><strong>a</strong></span> <span class='ocrx_word' id='word_1_100' title='bbox 1771 1919 2049 1990; x_wconf 85' lang='lat' dir='ltr'><strong>Giberto</strong></span> <span class='ocrx_word' id='word_1_101' title='bbox 2094 1924 2518 2011; x_wconf 87' lang='lat' dir='ltr'><strong>impetrant,</strong></span> <span class='ocrx_word' id='word_1_102' title='bbox 2544 1931 2643 1998; x_wconf 92' lang='lat' dir='ltr'><strong>ut,</strong></span> <span class='ocrx_word' id='word_1_103' title='bbox 2667 1916 2831 1984; x_wconf 74' lang='lat' dir='ltr'><strong>debita</strong></span> 
     </span>
     <span class='ocr_line' id='line_1_15' title="bbox 705 2034 2826 2128; baseline -0.003 -25"><span class='ocrx_word' id='word_1_104' title='bbox 705 2048 972 2126; x_wconf 85' lang='lat' dir='ltr'><strong>accepta</strong></span> <span class='ocrx_word' id='word_1_105' title='bbox 1023 2034 1341 2126; x_wconf 85' lang='lat' dir='ltr'><strong>pecunia,</strong></span> <span class='ocrx_word' id='word_1_106' title='bbox 1383 2036 1700 2105; x_wconf 83' lang='lat' dir='ltr'><strong>discedat.</strong></span> <span class='ocrx_word' id='word_1_107' title='bbox 1745 2037 1981 2128; x_wconf 86' lang='lat' dir='ltr'><strong>Itaque</strong></span> <span class='ocrx_word' id='word_1_108' title='bbox 2026 2036 2332 2118; x_wconf 75' lang='lat' dir='ltr'><strong>florenos</strong></span> <span class='ocrx_word' id='word_1_109' title='bbox 2379 2061 2421 2102; x_wconf 90' lang='lat' dir='ltr'><strong>a</strong></span> <span class='ocrx_word' id='word_1_110' title='bbox 2463 2035 2694 2103; x_wconf 83' lang='lat' dir='ltr'><strong>Pisanis</strong></span> <span class='ocrx_word' id='word_1_111' title='bbox 2726 2055 2826 2099; x_wconf 88' lang='lat' dir='ltr'><strong>mu·</strong></span> 
     </span>
     <span class='ocr_line' id='line_1_16' title="bbox 705 2151 2825 2243; baseline -0.003 -24"><span class='ocrx_word' id='word_1_112' title='bbox 705 2156 880 2219; x_wconf 87' lang='lat' dir='ltr'><strong>tuati</strong></span> <span class='ocrx_word' id='word_1_113' title='bbox 923 2175 1076 2219; x_wconf 87' lang='lat' dir='ltr'><strong>eum</strong></span> <span class='ocrx_word' id='word_1_114' title='bbox 1121 2151 1337 2221; x_wconf 93' lang='lat' dir='ltr'><strong>soluto</strong></span> <span class='ocrx_word' id='word_1_115' title='bbox 1394 2156 1706 2243; x_wconf 86' lang='lat' dir='ltr'><strong>promisso</strong></span> <span class='ocrx_word' id='word_1_116' title='bbox 1748 2154 1983 2222; x_wconf 88' lang='lat' dir='ltr'><strong>salario</strong></span> <span class='ocrx_word' id='word_1_117' title='bbox 2025 2154 2480 2234; x_wconf 83' lang='lat' dir='ltr'><strong>dimiserunt3</strong></span> <span class='ocrx_word' id='word_1_118' title='bbox 2524 2152 2754 2218; x_wconf 84' lang='lat' dir='ltr'><strong>Pisanos</strong></span> <span class='ocrx_word' id='word_1_119' title='bbox 2780 2170 2825 2212; x_wconf 77' lang='lat' dir='ltr'><strong>se</strong></span> 
     </span>
     <span class='ocr_line' id='line_1_17' title="bbox 702 2261 2817 2361; baseline -0.001 -26"><span class='ocrx_word' id='word_1_120' title='bbox 702 2269 1007 2337; x_wconf 86' lang='lat' dir='ltr'><strong>dedentes</strong></span> <span class='ocrx_word' id='word_1_121' title='bbox 1049 2269 1385 2338; x_wconf 73' lang='lat' dir='ltr'><strong>obsidione</strong></span> <span class='ocrx_word' id='word_1_122' title='bbox 1450 2269 1835 2339; x_wconf 86' lang='lat' dir='ltr'><strong>liberarunt.</strong></span> <span class='ocrx_word' id='word_1_123' title='bbox 1881 2271 2213 2340; x_wconf 85' lang='lat' dir='ltr'><strong>Gibertus</strong></span> <span class='ocrx_word' id='word_1_124' title='bbox 2286 2295 2448 2361; x_wconf 85' lang='lat' dir='ltr'><strong>ergo</strong></span> <span class='ocrx_word' id='word_1_125' title='bbox 2510 2269 2651 2355; x_wconf 87' lang='lat' dir='ltr'><strong>jam.</strong></span> <span class='ocrx_word' id='word_1_126' title='bbox 2695 2261 2817 2354; x_wconf 77' lang='lat' dir='ltr'><strong>apud</strong></span> 
     </span>
     <span class='ocr_line' id='line_1_18' title="bbox 701 2382 2814 2468; baseline -0.005 -16"><span class='ocrx_word' id='word_1_127' title='bbox 701 2406 928 2452; x_wconf 87' lang='lat' dir='ltr'><strong>omnes</strong></span> <span class='ocrx_word' id='word_1_128' title='bbox 989 2385 1264 2452; x_wconf 89' lang='lat' dir='ltr'><strong>celebris</strong></span> <span class='ocrx_word' id='word_1_129' title='bbox 1327 2382 1546 2453; x_wconf 83' lang='lat' dir='ltr'><strong>factus</strong></span> <span class='ocrx_word' id='word_1_130' title='bbox 1614 2383 1811 2454; x_wconf 83' lang='lat' dir='ltr'><strong>facile</strong></span> <span class='ocrx_word' id='word_1_131' title='bbox 1877 2387 2204 2468; x_wconf 86' lang='lat' dir='ltr'><strong>obtinuit,</strong></span> <span class='ocrx_word' id='word_1_132' title='bbox 2278 2400 2364 2454; x_wconf 88' lang='lat' dir='ltr'><strong>ut</strong></span> <span class='ocrx_word' id='word_1_133' title='bbox 2433 2383 2653 2452; x_wconf 85' lang='lat' dir='ltr'><strong>fratres</strong></span> <span class='ocrx_word' id='word_1_134' title='bbox 2705 2399 2814 2444; x_wconf 82' lang='lat' dir='ltr'><strong>cnm</strong></span> 
     </span>
     <span class='ocr_line' id='line_1_19' title="bbox 700 2498 2815 2593; baseline 0.001 -29"><span class='ocrx_word' id='word_1_135' title='bbox 700 2498 1044 2579; x_wconf 85' lang='lat' dir='ltr'><strong>Atestinis,</strong></span> <span class='ocrx_word' id='word_1_136' title='bbox 1086 2514 1153 2567; x_wconf 87' lang='lat' dir='ltr'><strong>et</strong></span> <span class='ocrx_word' id='word_1_137' title='bbox 1195 2499 1537 2592; x_wconf 72' lang='lat' dir='ltr'><strong>Scaliger-is</strong></span> <span class='ocrx_word' id='word_1_138' title='bbox 1579 2500 1886 2570; x_wconf 88' lang='lat' dir='ltr'><strong>adversus</strong></span> <span class='ocrx_word' id='word_1_139' title='bbox 1930 2502 2285 2593; x_wconf 81' lang='lat' dir='ltr'><strong>Gonzagos</strong></span> <span class='ocrx_word' id='word_1_140' title='bbox 2355 2500 2591 2569; x_wconf 86' lang='lat' dir='ltr'><strong>foedus</strong></span> <span class='ocrx_word' id='word_1_141' title='bbox 2648 2513 2815 2585; x_wconf 72' lang='lat' dir='ltr'><strong>percu·</strong></span> 
     </span>
     <span class='ocr_line' id='line_1_20' title="bbox 701 2618 2808 2708; baseline -0.003 -26"><span class='ocrx_word' id='word_1_142' title='bbox 701 2627 937 2684; x_wconf 86' lang='lat' dir='ltr'><strong>terent.</strong></span> <span class='ocrx_word' id='word_1_143' title='bbox 983 2618 1126 2684; x_wconf 87' lang='lat' dir='ltr'><strong>Hac</strong></span> <span class='ocrx_word' id='word_1_144' title='bbox 1165 2641 1235 2685; x_wconf 88' lang='lat' dir='ltr'><strong>re</strong></span> <span class='ocrx_word' id='word_1_145' title='bbox 1276 2630 1610 2708; x_wconf 87' lang='lat' dir='ltr'><strong>comperta</strong></span> <span class='ocrx_word' id='word_1_146' title='bbox 1669 2618 1926 2687; x_wconf 88' lang='lat' dir='ltr'><strong>Loisius</strong></span> <span class='ocrx_word' id='word_1_147' title='bbox 1979 2644 2067 2687; x_wconf 87' lang='lat' dir='ltr'><strong>ex</strong></span> <span class='ocrx_word' id='word_1_148' title='bbox 2117 2620 2496 2697; x_wconf 85' lang='lat' dir='ltr'><strong>Folleanis,</strong></span> <span class='ocrx_word' id='word_1_149' title='bbox 2538 2625 2604 2681; x_wconf 89' lang='lat' dir='ltr'><strong>et</strong></span> <span class='ocrx_word' id='word_1_150' title='bbox 2640 2628 2808 2678; x_wconf 84' lang='lat' dir='ltr'><strong>eorum</strong></span> 
     </span>
     <span class='ocr_line' id='line_1_21' title="bbox 698 2724 2807 2826; baseline -0.001 -27"><span class='ocrx_word' id='word_1_151' title='bbox 698 2731 1054 2801; x_wconf 70' lang='lat' dir='ltr'><strong>clientibus</strong></span> <span class='ocrx_word' id='word_1_152' title='bbox 1109 2758 1276 2826; x_wconf 85' lang='lat' dir='ltr'><strong>quos</strong></span> <span class='ocrx_word' id='word_1_153' title='bbox 1317 2758 1548 2826; x_wconf 84' lang='lat' dir='ltr'><strong>capere</strong></span> <span class='ocrx_word' id='word_1_154' title='bbox 1615 2738 1874 2824; x_wconf 88' lang='lat' dir='ltr'><strong>potuit,</strong></span> <span class='ocrx_word' id='word_1_155' title='bbox 1939 2748 2133 2803; x_wconf 89' lang='lat' dir='ltr'><strong>necat</strong></span> <span class='ocrx_word' id='word_1_156' title='bbox 2165 2782 2188 2816; x_wconf 94' lang='lat'><strong>,</strong></span> <span class='ocrx_word' id='word_1_157' title='bbox 2249 2735 2421 2804; x_wconf 87' lang='lat' dir='ltr'><strong>alios</strong></span> <span class='ocrx_word' id='word_1_158' title='bbox 2489 2724 2807 2821; x_wconf 66' lang='lat' dir='ltr'><strong>proscripsit·</strong></span> 
     </span>
     <span class='ocr_line' id='line_1_22' title="bbox 700 2841 2803 2938; baseline -0.003 -23"><span class='ocrx_word' id='word_1_159' title='bbox 700 2847 1050 2916; x_wconf 82' lang='lat' dir='ltr'><strong>Caeterum</strong></span> <span class='ocrx_word' id='word_1_160' title='bbox 1116 2849 1221 2917; x_wconf 88' lang='lat' dir='ltr'><strong>illi</strong></span> <span class='ocrx_word' id='word_1_161' title='bbox 1284 2850 1562 2919; x_wconf 84' lang='lat' dir='ltr'><strong>exulum</strong></span> <span class='ocrx_word' id='word_1_162' title='bbox 1624 2873 1832 2918; x_wconf 85' lang='lat' dir='ltr'><strong>manu</strong></span> <span class='ocrx_word' id='word_1_163' title='bbox 1896 2851 2025 2918; x_wconf 92' lang='lat' dir='ltr'><strong>sibi</strong></span> <span class='ocrx_word' id='word_1_164' title='bbox 2092 2850 2420 2938; x_wconf 84' lang='lat' dir='ltr'><strong>adjuncta</strong></span> <span class='ocrx_word' id='word_1_165' title='bbox 2460 2841 2803 2933; x_wconf 74' lang='lat' dir='ltr'><strong>Regiensinm</strong></span> 
     </span>
     <span class='ocr_line' id='line_1_23' title="bbox 697 2957 2800 3056; baseline -0.002 -27"><span class='ocrx_word' id='word_1_166' title='bbox 697 2986 930 3052; x_wconf 78' lang='lat' dir='ltr'><strong>agrum</strong></span> <span class='ocrx_word' id='word_1_167' title='bbox 973 2965 1277 3033; x_wconf 82' lang='lat' dir='ltr'><strong>Parmam</strong></span> <span class='ocrx_word' id='word_1_168' title='bbox 1320 2989 1531 3056; x_wconf 87' lang='lat' dir='ltr'><strong>usque</strong></span> <span class='ocrx_word' id='word_1_169' title='bbox 1572 2965 2029 3034; x_wconf 85' lang='lat' dir='ltr'><strong>incenderunt.</strong></span> <span class='ocrx_word' id='word_1_170' title='bbox 2073 2968 2337 3034; x_wconf 86' lang='lat' dir='ltr'><strong>Horum</strong></span> <span class='ocrx_word' id='word_1_171' title='bbox 2381 2964 2664 3054; x_wconf 80' lang='lat' dir='ltr'><strong>princeps</strong></span> <span class='ocrx_word' id='word_1_172' title='bbox 2701 2957 2800 3018; x_wconf 66' lang='lat' dir='ltr'><strong>erat</strong></span> 
     </span>
     <span class='ocr_line' id='line_1_24' title="bbox 693 3071 2797 3179; baseline -0.002 -29"><span class='ocrx_word' id='word_1_173' title='bbox 693 3079 975 3157; x_wconf 82' lang='lat' dir='ltr'><strong>Ioannes</strong></span> <span class='ocrx_word' id='word_1_174' title='bbox 1023 3081 1354 3151; x_wconf 83' lang='lat' dir='ltr'><strong>Ricciolus</strong></span> <span class='ocrx_word' id='word_1_175' title='bbox 1416 3086 1757 3175; x_wconf 85' lang='lat' dir='ltr'><strong>copiarum</strong></span> <span class='ocrx_word' id='word_1_176' title='bbox 1813 3084 2081 3151; x_wconf 82' lang='lat' dir='ltr'><strong>Mastini</strong></span> <span class='ocrx_word' id='word_1_177' title='bbox 2146 3087 2540 3179; x_wconf 84' lang='lat' dir='ltr'><strong>imperator,</strong></span> <span class='ocrx_word' id='word_1_178' title='bbox 2597 3071 2696 3164; x_wconf 83' lang='lat' dir='ltr'><strong>qui</strong></span> <span class='ocrx_word' id='word_1_179' title='bbox 2744 3085 2797 3131; x_wconf 71' lang='lat'><strong>²8</strong></span> 
     </span>
     <span class='ocr_line' id='line_1_25' title="bbox 694 3190 2794 3290; baseline -0.004 -25"><span class='ocrx_word' id='word_1_180' title='bbox 694 3200 918 3265; x_wconf 89' lang='lat' dir='ltr'><strong>omnia</strong></span> <span class='ocrx_word' id='word_1_181' title='bbox 962 3196 1045 3263; x_wconf 90' lang='lat' dir='ltr'><strong>ad</strong></span> <span class='ocrx_word' id='word_1_182' title='bbox 1087 3197 1550 3265; x_wconf 85' lang='lat' dir='ltr'><strong>concitandum</strong></span> <span class='ocrx_word' id='word_1_183' title='bbox 1593 3201 1664 3265; x_wconf 86' lang='lat' dir='ltr'><strong>in</strong></span> <span class='ocrx_word' id='word_1_184' title='bbox 1707 3198 2051 3290; x_wconf 76' lang='lat' dir='ltr'><strong>Gomagos</strong></span> <span class='ocrx_word' id='word_1_185' title='bbox 2097 3198 2429 3289; x_wconf 80' lang='lat' dir='ltr'><strong>populum</strong></span> <span class='ocrx_word' id='word_1_186' title='bbox 2473 3190 2668 3260; x_wconf 81' lang='lat' dir='ltr'><strong>facere</strong></span> <span class='ocrx_word' id='word_1_187' title='bbox 2701 3201 2794 3248; x_wconf 74' lang='lat'><strong>⁰1⁶·</strong></span> 
     </span>
     <span class='ocr_line' id='line_1_26' title="bbox 693 3292 2795 3405; baseline -0.003 -28"><span class='ocrx_word' id='word_1_188' title='bbox 693 3310 997 3378; x_wconf 83' lang='lat' dir='ltr'><strong>debatur.</strong></span> <span class='ocrx_word' id='word_1_189' title='bbox 1042 3310 1674 3399; x_wconf 81' lang='lat' dir='ltr'><strong>Supervenientibus</strong></span> <span class='ocrx_word' id='word_1_190' title='bbox 1716 3328 1943 3405; x_wconf 83' lang='lat' dir='ltr'><strong>postea</strong></span> <span class='ocrx_word' id='word_1_191' title='bbox 1981 3312 2507 3384; x_wconf 83' lang='lat' dir='ltr'><strong>Bononiensibus</strong></span> <span class='ocrx_word' id='word_1_192' title='bbox 2544 3315 2610 3372; x_wconf 90' lang='lat' dir='ltr'><strong>et</strong></span> <span class='ocrx_word' id='word_1_193' title='bbox 2642 3292 2795 3367; x_wconf 67' lang='lat' dir='ltr'><strong>Sodi·</strong></span> 
     </span>
     <span class='ocr_line' id='line_1_27' title="bbox 696 3421 2789 3521; baseline 0.004 -29"><span class='ocrx_word' id='word_1_194' title='bbox 696 3428 864 3515; x_wconf 79' lang='lat' dir='ltr'><strong>geris</strong></span> <span class='ocrx_word' id='word_1_195' title='bbox 926 3450 1216 3495; x_wconf 85' lang='lat' dir='ltr'><strong>reversus</strong></span> <span class='ocrx_word' id='word_1_196' title='bbox 1275 3430 1544 3519; x_wconf 82' lang='lat' dir='ltr'><strong>triginta</strong></span> <span class='ocrx_word' id='word_1_197' title='bbox 1584 3432 1881 3521; x_wconf 84' lang='lat' dir='ltr'><strong>quinque</strong></span> <span class='ocrx_word' id='word_1_198' title='bbox 1923 3430 2060 3499; x_wconf 88' lang='lat' dir='ltr'><strong>dies</strong></span> <span class='ocrx_word' id='word_1_199' title='bbox 2114 3434 2189 3498; x_wconf 86' lang='lat' dir='ltr'><strong>in</strong></span> <span class='ocrx_word' id='word_1_200' title='bbox 2241 3421 2629 3518; x_wconf 75' lang='lat' dir='ltr'><strong>diripiendis,</strong></span> <span class='ocrx_word' id='word_1_201' title='bbox 2663 3429 2789 3480; x_wconf 71' lang='lat'><strong>‘’⁰¹¹¹‘&#39;</strong></span> 
     </span>
     <span class='ocr_line' id='line_1_28' title="bbox 693 3529 2788 3637; baseline 0.003 -27"><span class='ocrx_word' id='word_1_202' title='bbox 693 3542 1138 3632; x_wconf 85' lang='lat' dir='ltr'><strong>burendisque</strong></span> <span class='ocrx_word' id='word_1_203' title='bbox 1181 3544 1388 3626; x_wconf 81' lang='lat' dir='ltr'><strong>villis,</strong></span> <span class='ocrx_word' id='word_1_204' title='bbox 1431 3557 1502 3612; x_wconf 89' lang='lat' dir='ltr'><strong>et</strong></span> <span class='ocrx_word' id='word_1_205' title='bbox 1543 3548 1874 3637; x_wconf 81' lang='lat' dir='ltr'><strong>capiendis</strong></span> <span class='ocrx_word' id='word_1_206' title='bbox 1932 3547 2101 3618; x_wconf 81' lang='lat' dir='ltr'><strong>vivis</strong></span> <span class='ocrx_word' id='word_1_207' title='bbox 2167 3571 2304 3616; x_wconf 83' lang='lat' dir='ltr'><strong>non</strong></span> <span class='ocrx_word' id='word_1_208' title='bbox 2367 3546 2502 3612; x_wconf 74' lang='lat' dir='ltr'><strong>sine</strong></span> <span class='ocrx_word' id='word_1_209' title='bbox 2561 3529 2788 3626; x_wconf 75' lang='lat' dir='ltr'><strong>plurium</strong></span> 
     </span>
     <span class='ocr_line' id='line_1_29' title="bbox 569 3636 2887 3781; baseline 0.001 -56"><span class='ocrx_word' id='word_1_210' title='bbox 569 3722 578 3725; x_wconf 86' lang='lat'><strong>-</strong></span> <span class='ocrx_word' id='word_1_211' title='bbox 695 3659 897 3727; x_wconf 84' lang='lat' dir='ltr'><strong>caede</strong></span> <span class='ocrx_word' id='word_1_212' title='bbox 938 3663 1364 3752; x_wconf 84' lang='lat' dir='ltr'><strong>consumpsit.</strong></span> <span class='ocrx_word' id='word_1_213' title='bbox 1409 3662 1770 3731; x_wconf 86' lang='lat' dir='ltr'><strong>Frumenta</strong></span> <span class='ocrx_word' id='word_1_214' title='bbox 1823 3687 1997 3755; x_wconf 86' lang='lat' dir='ltr'><strong>quae</strong></span> <span class='ocrx_word' id='word_1_215' title='bbox 2064 3663 2149 3731; x_wconf 89' lang='lat' dir='ltr'><strong>ad</strong></span> <span class='ocrx_word' id='word_1_216' title='bbox 2215 3659 2476 3730; x_wconf 65' lang='lat' dir='ltr'><strong>alendos</strong></span> <span class='ocrx_word' id='word_1_217' title='bbox 2535 3636 2781 3739; x_wconf 65' lang='lat' dir='ltr'><strong>agu‘colss</strong></span> <span class='ocrx_word' id='word_1_218' title='bbox 2882 3660 2887 3781; x_wconf 60' lang='lat' dir='ltr'><strong>j</strong></span> 
     </span>
     <span class='ocr_line' id='line_1_30' title="bbox 694 3774 2782 3872; baseline 0 -28"><span class='ocrx_word' id='word_1_219' title='bbox 694 3777 1122 3849; x_wconf 84' lang='lat' dir='ltr'><strong>servabantur</strong></span> <span class='ocrx_word' id='word_1_220' title='bbox 1168 3791 1394 3846; x_wconf 84' lang='lat' dir='ltr'><strong>evecta</strong></span> <span class='ocrx_word' id='word_1_221' title='bbox 1415 3831 1434 3861; x_wconf 94' lang='lat'><strong>,</strong></span> <span class='ocrx_word' id='word_1_222' title='bbox 1476 3794 1547 3848; x_wconf 93' lang='lat' dir='ltr'><strong>et</strong></span> <span class='ocrx_word' id='word_1_223' title='bbox 1590 3805 1746 3847; x_wconf 88' lang='lat' dir='ltr'><strong>cum</strong></span> <span class='ocrx_word' id='word_1_224' title='bbox 1790 3781 2207 3872; x_wconf 88' lang='lat' dir='ltr'><strong>supellectile</strong></span> <span class='ocrx_word' id='word_1_225' title='bbox 2259 3779 2573 3867; x_wconf 73' lang='lat' dir='ltr'><strong>jumenta,</strong></span> <span class='ocrx_word' id='word_1_226' title='bbox 2610 3783 2678 3828; x_wconf 74' lang='lat'><strong>⁸⁰</strong></span> <span class='ocrx_word' id='word_1_227' title='bbox 2710 3774 2782 3821; x_wconf 58' lang='grc' dir='ltr'><strong>Ν·</strong></span> 
     </span>
     <span class='ocr_line' id='line_1_31' title="bbox 690 3869 2885 3987; baseline -0.001 -30"><span class='ocrx_word' id='word_1_228' title='bbox 690 3890 951 3981; x_wconf 86' lang='lat' dir='ltr'><strong>liquum</strong></span> <span class='ocrx_word' id='word_1_229' title='bbox 1007 3916 1207 3982; x_wconf 89' lang='lat' dir='ltr'><strong>pecus</strong></span> <span class='ocrx_word' id='word_1_230' title='bbox 1251 3895 1608 3977; x_wconf 79' lang='lat' dir='ltr'><strong>abactum3</strong></span> <span class='ocrx_word' id='word_1_231' title='bbox 1652 3896 1916 3965; x_wconf 88' lang='lat' dir='ltr'><strong>nullum</strong></span> <span class='ocrx_word' id='word_1_232' title='bbox 1961 3897 2279 3987; x_wconf 85' lang='lat' dir='ltr'><strong>denique,</strong></span> <span class='ocrx_word' id='word_1_233' title='bbox 2323 3886 2567 3984; x_wconf 68' lang='lat' dir='ltr'><strong>quod-8</strong></span> <span class='ocrx_word' id='word_1_234' title='bbox 2601 3869 2779 3943; x_wconf 56' lang='lat' dir='ltr'><strong>saevi&amp;</strong></span> <span class='ocrx_word' id='word_1_235' title='bbox 2884 3890 2885 3895; x_wconf 70' lang='grc'>’</span> 
     </span>
     <span class='ocr_line' id='line_1_32' title="bbox 690 3993 2767 4106; baseline -0.003 -30"><span class='ocrx_word' id='word_1_236' title='bbox 690 4009 869 4077; x_wconf 90' lang='lat' dir='ltr'><strong>simis</strong></span> <span class='ocrx_word' id='word_1_237' title='bbox 910 4010 1202 4078; x_wconf 81' lang='lat' dir='ltr'><strong>barbaris</strong></span> <span class='ocrx_word' id='word_1_238' title='bbox 1245 4015 1573 4081; x_wconf 87' lang='lat' dir='ltr'><strong>committi</strong></span> <span class='ocrx_word' id='word_1_239' title='bbox 1618 4025 1858 4105; x_wconf 83' lang='lat' dir='ltr'><strong>posset,</strong></span> <span class='ocrx_word' id='word_1_240' title='bbox 1887 4017 2214 4101; x_wconf 85' lang='lat' dir='ltr'><strong>intactum</strong></span> <span class='ocrx_word' id='word_1_241' title='bbox 2252 4010 2493 4079; x_wconf 88' lang='lat' dir='ltr'><strong>facinus</strong></span> <span class='ocrx_word' id='word_1_242' title='bbox 2531 3993 2767 4106; x_wconf 72' lang='lat' dir='ltr'><strong>relictum</strong></span> 
     </span>
     <span class='ocr_line' id='line_1_33' title="bbox 691 4105 2881 4205; baseline -0 -17"><span class='ocrx_word' id='word_1_243' title='bbox 691 4120 844 4192; x_wconf 85' lang='lat' dir='ltr'><strong>fuit.</strong></span> <span class='ocrx_word' id='word_1_244' title='bbox 889 4123 1191 4196; x_wconf 87' lang='lat' dir='ltr'><strong>Infelices</strong></span> <span class='ocrx_word' id='word_1_245' title='bbox 1236 4131 1461 4197; x_wconf 88' lang='lat' dir='ltr'><strong>rustici</strong></span> <span class='ocrx_word' id='word_1_246' title='bbox 1524 4127 1865 4202; x_wconf 87' lang='lat' dir='ltr'><strong>laboribus</strong></span> <span class='ocrx_word' id='word_1_247' title='bbox 1932 4132 2068 4197; x_wconf 89' lang='lat' dir='ltr'><strong>suis</strong></span> <span class='ocrx_word' id='word_1_248' title='bbox 2132 4151 2200 4198; x_wconf 89' lang='lat' dir='ltr'><strong>se</strong></span> <span class='ocrx_word' id='word_1_249' title='bbox 2264 4116 2530 4196; x_wconf 72' lang='lat' dir='ltr'><strong>fraudari</strong></span> <span class='ocrx_word' id='word_1_250' title='bbox 2587 4105 2767 4175; x_wconf 59' lang='lat'>&amp;⁰⁸⁰⁸</span> <span class='ocrx_word' id='word_1_251' title='bbox 2878 4166 2881 4205; x_wconf 53' lang='lat' dir='ltr'>s</span> 
     </span>
    </p>
   </div>
   <div class='ocr_carea' id='block_1_3' title="bbox 2886 1228 2889 1842">
    <p class='ocr_par' dir='ltr' id='par_1_3' title="bbox 2886 1228 2889 1842">
     <span class='ocr_line' id='line_1_34' title="bbox 2886 1228 2889 1842; baseline 0 0"><span class='ocrx_word' id='word_1_252' title='bbox 2886 1228 2889 1842; x_wconf 95' lang='lat' dir='ltr'><strong> </strong></span> 
     </span>
    </p>
   </div>
  </div>
 </body>
</html>
