2950 5017
998 414 1195 460 mm
1244 414 1542 462 octavus
2226 397 2358 468 555

72 532 866 606 calendasdeoembris
909 535 1084 602 cirea
1129 534 1595 618 duodecimam
1667 534 1900 611 horam
1956 540 2167 616 noetis
2217 540 2368 622 vita,

76 646 199 718 fu
212 664 425 718 notus
466 664 591 718 est.
1615 709 1624 714 -
1742 661 1746 665 ’

56 757 59 758 ’
268 766 401 832 Per
444 766 535 840 id.
562 778 828 855 tompus
871 765 1255 864 Mauritius,
1282 767 1469 857 quod
1512 790 1697 840 socer
1726 768 2172 859 Lantgravius
2216 793 2356 840 non

72 880 564 965 liberaretur,
608 907 766 954 eum
814 883 1021 954 Gallo
1072 908 1144 952 se
1195 885 1670 972 conjunxerat,
1714 909 1796 954 ac
1838 886 2362 968 eontraCaesa-

68 1023 277 1070 rem
330 999 595 1070 henum
656 999 938 1080 molitus
982 1002 1359 1091 Augustam
1406 1015 1476 1072 et
1520 1001 1931 1093 Erebergum
1991 1027 2108 1093 per
2164 1004 2360 1072 dedi·-
2399 1069 2410 1076 .

76 1119 398 1186 tionem
443 1128 732 1206 ceperat.
779 1118 935 1201 Quo
978 1118 1214 1187 audito
1258 1119 1488 1188 Patres
1532 1118 1855 1190 Tridento
1900 1117 2360 1209 aufugerunt,

74 1245 191 1300 et
268 1233 516 1304 Caesar
558 1233 960 1324 Oenoponte
1023 1235 1366 1304 discedens
1431 1260 1594 1303 cum
1660 1236 2083 1308 Ferdinando
2149 1234 2359 1306 fratre

76 1347 508 1430 villacum,
550 1349 734 1439 quod
805 1363 908 1420 est
974 1353 1043 1419 in
1097 1351 1335 1424 Carnis
1386 1352 1474 1422 ad
1518 1351 1817 1424 Dravam
1885 1352 2245 1443 oppidum,
2287 1376 2358 1420 se

80 1468 406 1557 recepit.
453 1466 811 1536 Mauritius
852 1467 1320 1559 Oenopontem
1365 1472 1638 1546 veniens
1682 1469 1986 1538 Caesaris
2024 1468 2359 1560 supellec·

83 1581 323 1650 tilem
390 1582 718 1672 diripuit;
771 1584 1051 1654 demum
1095 1586 1505 1674 Lantgravio
1565 1585 1836 1656 dimisso
1857 1636 1879 1668 ,
1922 1585 2191 1654 Caesari
2257 1598 2360 1654 est

86 1699 551 1772 conciliatae.
583 1700 832 1774 Gallus
876 1717 1104 1772 autem
1137 1703 1372 1772 Metim
1406 1726 1563 1770 cum
1597 1702 2031 1793 Lotoringbia
2075 1702 2359 1794 aliisque
2397 1743 2400 1752 ·

87 1816 394 1907 oppidis
438 1821 820 1907 occupavit,
866 1818 951 1885 ad
995 1841 1202 1908 quam
1250 1818 1683 1888 obsidendam
1722 1818 1972 1890 Caesar
2016 1816 2358 1909 profectus

91 1932 500 2023 profligatis
568 1933 877 2006 hostibus
934 1933 1293 2015 Guisium,
1363 1935 1582 2002 tribus
1654 1933 1865 2006 illatis
1929 1933 2358 2018 vulneribus,

93 2054 336 2141 cepit.
378 2052 680 2129 Domum
728 2049 998 2141 frigore,
1044 2066 1115 2120 et
1161 2066 1343 2142 peste
1391 2055 1636 2122 amissa
1684 2055 1883 2120 tertia
1936 2064 2125 2145 parte
2170 2076 2359 2128 exer-

95 2170 343 2247 eitus,
397 2191 607 2257 quam
677 2169 1063 2258 quindecim
1136 2168 1428 2237 millium
1502 2169 1847 2259 peditum,
1917 2181 1988 2236 et
2053 2163 2359 2261 quinque

100 2283 427 2354 millium
491 2287 802 2375 equitum
849 2283 1054 2354 fuisse
1101 2283 1371 2366 ferunt,>
1397 2285 1599 2354 Metis
1659 2287 2077 2356 obsidionem·
2130 2284 2356 2356 solvit.

100 2401 315 2472 Inter
358 2400 525 2468 haec
571 2400 924 2484 Senenses‚
968 2425 1126 2470 cum
1175 2403 1429 2491 Diegus
1473 2401 1861 2471 Praefectus
1906 2403 2197 2472 Romam
2243 2426 2357 2493 pe-

104 2519 363 2597 tiisset,
390 2541 430 2586 a
462 2517 747 2594 Caesare
795 2519 879 2586 ad
917 2518 1199 2587 Gallum
1232 2517 1646 2600 defecerunt,
1692 2519 1778 2586 ad
1822 2542 1994 2609 quos
2037 2518 2356 2609 regendos

111 2633 546 2725 Hippolytus
590 2638 942 2705 Atestinus
987 2636 1362 2708 cardinalis
1425 2633 1764 2725 profectus
1808 2638 2214 2726 quingentos
2258 2634 2358 2704 fa-

109 2752 425 2822 miliares
468 2776 699 2821 secum
749 2753 1060 2824 adduxit.
1108 2753 1210 2820 Ea
1255 2778 1324 2820 re
1371 2753 1757 2843 indignatus
1787 2752 2029 2821 Caesar
2074 2776 2115 2821 a
2158 2752 2357 2824 Petro

111 2868 388 2938 Toledo
434 2869 723 2959 Neapoli
760 2870 1042 2959 Prorege
1073 2868 1286 2940 Senas
1329 2873 1701 2960 expugnari
1746 2869 1972 2956 jubet,
2018 2872 2141 2962 qui
2185 2868 2355 2936 dum

124 2985 521 3056 Florentiae
589 2987 769 3076 apud
839 3010 1159 3076 generum
1203 3010 1352 3062 ,eam
1401 2987 1897 3077 expeditionem
1960 2998 2187 3077 parat,
2244 3010 2358 3054 ve-

124 3126 338 3183 neno,
364 3115 449 3170 ut
479 3099 731 3183 ferunt,
758 3101 1091 3174 sublatus!
1111 3104 1412 3174 decessit.
1458 3102 1618 3174 Non
1663 3101 1819 3171 ideo
1852 3105 2079 3184 minus
2108 3101 2356 3171 Caesar

132 3221 261 3308 qui
331 3218 713 3296 Teroanam.
752 3219 1179 3290 Morinorum.
1213 3222 1532 3310 ceperat,
1583 3231 1653 3286 et
1705 3223 1775 3287 in
1831 3219 2357 3289 Pedemontibus

123 3336 400 3406 bellum
444 3338 761 3428 gerebat,
802 3336 1012 3405 Senas
1058 3338 1371 3418 obsidere
1404 3338 1709 3419 destitit3
1754 3337 1866 3405 sed
1911 3338 2065 3418 inde
2109 3337 2357 3408 milites

126 3453 219 3524 ad
267 3451 761 3524 defendendum
809 3478 850 3521 a
894 3454 1103 3523 classe
1148 3454 1434 3528 Tureiea
1468 3453 1826 3546 Neapolim
1874 3459 2194 3537 revocati,
2236 3457 2358 3526 ob·

123 3571 467 3641 sidionem
534 3570 901 3660 solverunt.
969 3571 1101 3640 Illa
1170 3583 1394 3641 totum
1460 3572 1625 3640 litus
1681 3572 2108 3663 Tyrrhenum
2160 3570 2356 3643 foede

120 3689 645 3772 devastaverat,
689 3692 1081 3784 ingentique
1134 3690 1494 3760 hominum
1560 3702 1632 3758 et
1696 3689 2037 3780 pecudum
2108 3689 2354 3762 abacto

128 3830 418 3876 numero
465 3807 857 3896 opulentam
904 3784 1218 3899 praedam
1252 3806 1536 3876 -fecerat
1556 3834 1588 3887 ;>
1621 3807 1903 3892 demum
1959 3807 2357 3892 adveniente

128 3923 691 3992 caesarianorum
767 3926 1028 3995 auxilio
1076 3924 1343 4016 repulsa
1367 3976 1387 4006 ,
1431 3921 1855 3992 Bonifacium
1914 3923 2237 4014 oppidum
2284 3926 2354 3991 in

125 4040 404 4109 Corsica
427 4039 615 4108 Galli
646 4043 915 4109 nomine
945 4045 1323 4134 occupavit.
1354 4041 1518 4110 Post
1549 4040 1715 4116 haec
1746 4037 2098 4131 Philippus
2126 4038 2354 4109 Caroli

124 4156 333 4240 filius,
364 4157 605 4241 Maria,
636 4183 810 4250 quae
841 4161 912 4228 in
945 4159 1166 4251 Anglo
1194 4182 1422 4250 regno,
1453 4157 1782 4228 defuncto
1812 4155 2003 4228 fratri
2031 4155 2347 4232 Eduardo
