2950 5017
877 473 880 484 ,
990 432 1208 495 mnan
1235 433 1557 483 aarum
2227 417 2373 506 457.

95 567 325 623 ‘ratus
381 555 831 624 conditionem
880 558 1153 645 respuit.
1186 553 1602 641 Scajolenses
1628 554 1759 621 hac
1789 557 2130 645 repentina
2175 556 2365 623 clade

103 675 479 762 percussi,
508 693 650 762 quo·
685 696 808 739 eos
844 685 1066 740 metus
1114 673 1354 761 agebat
1402 675 1470 739 in
1518 672 1786 739 diversis
1832 672 2014 751 urhis
2060 673 2365 761 partibus

100 789 589 857 delituerunt.
654 789 838 856 Inter
891 788 1054 858 alios
1107 814 1194 858 ex
1240 789 1514 858 Zoholis
1562 789 1954 871 Anselmus,
2001 790 2367 879 Dionysius

103 919 187 973 ct
239 906 646 975 Alexander
691 930 847 974 cum
895 906 1264 997 Hippolyto
1311 906 1472 975 filio‘
1509 909 1587 974 ac
1642 907 2074 986 mulieribus,
2121 907 2371 974 relictis

105 1025 457 1106 aedibus,
484 1049 553 1093 se
586 1025 766 1115 apud
809 1026 1240 1092 amicissimos
1287 1024 1995 1093 occultaverunt.'Alii
2030 1038 2377 1114 praesente

109 1146 378 1212 animo
422 1167 491 1211 se
534 1139 662 1233 ipsi
706 1167 842 1211 non
888 1136 1344 1210 deseruerunt.
1395 1143 1470 1210 In
1523 1145 1890 1234 primisque
1925 1142 2257 1221 Robertua
2297 1158 2370 1208 et

110 1260 546 1329 Falchcttus
588 1260 925 1342 Memmii,
972 1271 1165 1350 porta
1219 1261 1310 1328 D.
1357 1261 1541 1327 Petri
1584 1271 1951 1351 occupata,
2003 1260 2103 1328 ibi
2153 1282 2223 1327 se
2283 1258 2367 1326 ad

115 1400 423 1446 omnem
485 1377 949 1447 sustinendum
1018 1377 1319 1445 hosti-uni
1388 1375 1725 1468 impetum
1780 1376 2063 1446 viriliter
2112 1378 2373 1445 munie-

118 1506 331 1563 runt.
384 1493 706 1566 Albertus
750 1518 1025 1585 quoque
1070 1494 1429 1566 Messorius
1471 1499 1543 1561 in
1589 1493 1869 1562 Roberti
1924 1496 2147 1584 agnati
2194 1492 2372 1560 aedi·

119 1612 271 1680 bus
346 1611 547 1703 plura
615 1624 950 1681 tormenta
1002 1635 1209 1682 aenea
1254 1612 1339 1680 ad
1387 1612 1706 1680 arcendos
1751 1611 1974 1680 hostes
2019 1612 2371 1702 disposuit.

126 1728 234 1796 At
281 1728 689 1806 Vincentius
734 1728 1077 1815 Scajolus,
1122 1731 1246 1820 qui
1292 1751 1380 1795 ex
1425 1727 1753 1796 Gozadini
1784 1727 2223 1818 indulgentia
2263 1726 2372 1794 lu-

125 1844 256 1915 dos
301 1841 741 1936 spectaturus
788 1827 871 1913 in
906 1846 1143 1914 urbem
1185 1859 1498 1927 venerat,
1530 1847 1601 1913 in
1635 1848 1943 1937 propriis,
1974 1845 2083 1914 vel
2127 1857 2209 1912 ut
2253 1844 2373 1912 alii

129 1962 453 2031 referunt
495 1966 571 2032 in
603 1962 1014 2032 Zobolorum
1064 1963 1368 2045 aedibus,
1416 1962 1835 2053 aliquamdiu
1886 1986 1958 2031 se
2010 1964 2373 2031 continuit.

135 2080 460 2147 Demum
503 2101 659 2148 cum
705 2073 1063 2161 sociorum,
1107 2082 1230 2171 qui
1277 2083 1346 2147 in
1394 2080 1489 2147 D.
1520 2081 1935 2170 Petriporta
1977 2102 2046 2145 se
2091 2077 2379 2175 mebant

135 2208 283 2278 tur,
317 2194 566 2265 frustra
612 2195 950 2264 auxilium
980 2208 1422 2287 expectasset,
1461 2200 1605 2286 ipse
1652 2196 1734 2262 ad
1782 2219 1894 2265 eos
1938 2219 2094 2262 cum
2125 2193 2373 2275 Basilio

136 2325 216 2380 et
243 2312 511 2382 Hilario
546 2313 818 2381 Zobolis
850 2311 1170 2381 fratribus
1215 2311 1548 2404 confugit.
1581 2314 1734 2391 Jam
1766 2315 1890 2383 viri
1928 2311 2140 2380 ferme
2166 2333 2376 2380 ‘sexa-

139 2434 373 2521 ginta,
415 2429 533 2497 sed
578 2429 882 2520 plerique
942 2442 1027 2497 ut
1074 2454 1212 2498 sors
1255 2430 1596 2497 ‘detulerat
1641 2429 2055 2499 brevioribus
2100 2442 2374 2505 tantum

139 2546 706 2636 gladiis'armati‚
752 2569 834 2615 eo
877 2546 1383 2629 confluxerant,
1429 2571 1511 2616 ac
1555 2558 1748 2636 porta
1792 2545 2088 2625 occlusa,
2136 2545 2219 2610 ad
2265 2567 2375 2611 su-

112 2663 528 2732 stinendam
575 2663 1105 2733 adversariorum
1156 2665 1659 2756 impressionem
1714 2675 2122 2738 cataractam
2150 2661 2375 2728 derni-

141 2793 401 2851 serant.
449 2780 765 2859 Ceterum
813 2780 918 2849 illi
963 2781 1218 2872 duplici
1266 2785 1443 2870 wie,
1476 2780 1689 2848 altera
1727 2803 1847 2871 per
1864 2782 2054 2847 -viam
2099 2781 2376 2869 regiam,

145 2903 265 2966 cui
326 2898 649 2969 Nicolaus
695 2897 1069 2966 Calcaneus
1133 2910 1467 2988 praeerat,
1537 2895 1779 2978 altera,
1832 2919 2056 2987 quarn
2086 2963 2101 2974 ,
2122 2894 2375 2963 Paulus

147 3014 402 3083 Bebius
446 3014 781 3097 ducebat,
839 3038 956 3105 per
1009 3017 1429 3105 pomoerium
1491 3013 1864 3082 secundum
1934 2991 2200 3084 moenia
2263 3012 2378 3079 ἀει-

147 3130 398 3212 ducta,
438 3130 733 3200 inclusos
790 3131 1206 3200 adoriuntur.
1260 3129 1340 3198 In
1400 3132 1638 3198 itinere
1683 3128 2006 3199 Nicolaus
2023 3180 2044 3210 ,
2105 3129 2235 3195 nbi
2288 3127 2376 3195 sd

150 3246 471 3338 Gaspari's
500 3247 799 3317 Messorii
831 3247 1024 3315 aedes
1051 3250 1390 3338 pervenit,
1420 3251 1748 3338 ingressus
1779 3269 1985 3315 aenea
2017 3258 2377 3327 tormenta,

150 3388 338 3455 quae
379 3363 482 3430 ibi
527 3388 569 3430 a
611 3363 907 3436 Roberto
953 3362 1131 3445 filio,
1184 3379 1258 3433 et
1310 3363 1595 3433 Alherto
1648 3375 1884 3455 parata
1939 3375 2128 3431 erant
2148 3413 2168 3444 ,
2199 3386 2375 3431 ¹cum

160 3481 426 3572 reliqna
490 3482 912 3574 supellectile
980 3482 1297 3553 abduxit.
1353 3483 1656 3552 Demum
1713 3483 1833 3550 ubi
1900 3482 1985 3550 ad
2051 3482 2143 3549 D.
2196 3482 2379 3549 Petri

151 3610 420 3691 portam
461 3612 866 3692 perventum
911 3612 1010 3668 est
1032 3603 1124 3668 'in
1170 3613 1349 3668 tecta
1392 3600 1788 3669 scandentes
1849 3600 1967 3667 alii
2028 3621 2372 3666 accensam

155 3719 420 3807 picem,
461 3716 579 3786 alii
623 3721 912 3809 ignitum
958 3716 1246 3809 sulphur
1287 3717 1704 3786 deinittunt:
1752 3721 2016 3786 cunctis
2059 3715 2376 3785 incendio

157 3832 596 3925 flagrantibus
641 3837 883 3905 obsessi
930 3836 1138 3905 saluti
1184 3835 1483 3905 celeriter
1526 3833 1869 3904 consulere
1915 3835 2131 3902 coacti
2175 3846 2378 3914 sunt;

159 3957 278 4044 qui
322 3958 557 4022 statim
602 3978 720 4045 per
765 3969 1026 4046 portam
1072 3954 1337 4044 dilapsi,
1382 3954 1498 4022 alii
1544 3952 2025 4034 Scandianum,
2067 3951 2379 4026 nonnulli

160 4069 578 4161 corrigium,
624 4071 838 4163 aliqui
898 4074 968 4139 in
1031 4074 1343 4163 proxima
1396 4072 1677 4162 oppida,
1730 4070 1845 4139 vel
1895 4069 2127 4151 villas,
2178 4080 2381 4159 prout

162 4188 412 4279 cuique
459 4191 677 4260 tutius
722 4188 1108 4273 videbatur,
1137 4188 1379 4280 trepidi
1422 4177 1931 4260 contenderunt.
1978 4186 2380 4256 Vincentius
