2950 5017
734 366 811 431 18
1465 382 1700 440 aarum
1743 381 2157 428 anonumum

726 502 1149 592 antiquitatis
1215 513 1557 570 auctorem
1609 499 1809 570 fuisse
1854 501 2207 592 Virgilium
2272 526 2406 571 uon
2469 503 2726 593 ignoro,
2774 526 2905 571 nol

721 630 988 686 tantum
1046 621 1110 685 ei
1167 621 1239 685 in
1310 619 1624 686 omnibus
1682 619 1941 698 tribuo,
1984 633 2065 685 ut
2106 622 2324 709 ipsum
2377 632 2645 708 poetam
2703 617 2905 685 fuiss·

720 760 854 804 nou
899 737 1335 802 meminerim.
1382 735 1769 803 Leonardus
1814 759 1970 803 vero
2014 736 2325 803 Aretinus
2367 737 2434 802 in
2478 736 2779 826 quadam
2824 759 2905 801 a«

719 851 825 929 Jo.
871 852 1293 918 Franciscum
1340 850 1722 941 Gonzagam
1769 849 2085 940 epistola,
2152 854 2339 918 aunis
2407 863 2562 918 ante
2612 851 2905 918 Roman

721 966 1061 1034 conditam
1110 969 1461 1046 trecentis,
1509 978 1580 1032 et
1635 979 1872 1033 natum
1918 966 2261 1033 Christum
2314 965 2666 1035 millesimo
2711 970 2905 1055 quin·

719 1079 1099 1172 quagesi'mo
1141 1084 1357 1171 primo
1387 1081 1742 1148 Mantuam
1787 1077 2123 1149 conditam
2157 1080 2356 1148 fuisse
2400 1093 2738 1162 autumat,
2771 1106 2905 1171 qu«

722 1208 1020 1286 tempore
1064 1196 1342 1262 Thuscis
1394 1199 1699 1262 certatim
1753 1199 1847 1264 cis
1892 1179 2101 1285 Alpes
2150 1195 2632 1264 confluentibus
2700 1200 2905 1263 etiatr

721 1312 1005 1402 Regium
1052 1311 1476 1379 aedificatum
1525 1310 1721 1378 fuisse
1751 1313 1928 1379 credi
1958 1325 2196 1402 potest.
2228 1314 2361 1396 Qui
2393 1324 2544 1380 ante
2573 1315 2669 1380 cis
2700 1311 2905 1401 Alpes

719 1441 1041 1496 venerunt
1085 1428 1319 1517 populi
1364 1432 1721 1518 agrestium
1753 1452 1939 1497 more
1972 1433 2154 1518 pagis
2200 1432 2442 1518 passim
2486 1432 2899 1497 constructis

718 1542 1045 1633 nulloque
1080 1548 1339 1611 munito
1384 1545 1630 1634 oppido
1679 1545 1765 1610 ad
1805 1545 2164 1611 arcendam
2192 1545 2505 1630 injuriam
2534 1543 2899 1612 aedificato

716 1660 1075 1747 degebant.
1122 1660 1217 1725 At
1253 1658 1589 1749 Tyrrheni
1637 1662 1825 1727 novis
1872 1659 2149 1728 urbibus
2193 1683 2416 1727 earum
2463 1661 2698 1739 instar,
2741 1683 2905 1750 qum

717 1778 788 1841 in
834 1777 1144 1841 Hetruria
1190 1774 1727 1865 opulentissimas
1772 1776 2178 1855 incolebant,
2210 1775 2516 1853 conditis,
2557 1775 2905 1843 cultiorem

716 1894 928 1959 vitam
976 1904 1268 1980 agentes,
1313 1895 1517 1958 etiam
1571 1890 1824 1959 incolas
1869 1893 1954 1957 ad
1998 1895 2334 1959 mitiorem
2382 1892 2644 1959 vivendi
2708 1896 2905 1959 ratio·

718 2029 876 2073 nem
926 2006 1400 2073 traduxerunt.
1461 2004 1808 2095 Siquidem
1867 2005 2020 2073 latis
2048 2005 2343 2095 legibus,
2385 2008 2905 2096 magistratibus·

714 2144 847 2211 que
894 2121 976 2187 ad
1007 2121 1438 2189 continendos
1466 2124 1536 2187 in
1568 2120 1779 2190 offitio
1811 2121 2110 2190 homines
2140 2123 2488 2202 institutis,
2518 2122 2905 2190 humiliores

713 2261 754 2303 a
796 2240 1173 2325 potentium
1216 2236 1462 2322 injuria
1507 2235 1764 2327 protegi
1805 2236 2188 2306 voluerunt.
2230 2237 2330 2303 Ac
2376 2250 2701 2327 quantam
2729 2243 2905 2328 quis«

711 2376 848 2443 que
892 2356 1100 2442 gentis
1143 2352 1285 2422 dux
1328 2357 1665 2442 regionem
1713 2377 1873 2420 cum
1920 2376 2094 2424 novo
2121 2353 2374 2444 populo
2420 2357 2905 2444 occupavisset,

713 2466 983 2533 desertis
1032 2480 1176 2533 tum
1224 2468 1598 2535 cultoribus
1642 2473 1852 2546 terris,
1898 2480 2160 2534 tantam
2205 2470 2482 2557 imperio
2529 2491 2650 2536 suo
2696 2469 2905 2555 subji-

712 2583 962 2648 ciebat.
1006 2584 1205 2652 Porro
1234 2585 1568 2662 coloniae,
1600 2586 1723 2649 etsi
1756 2596 1833 2648 ut
1857 2582 2165 2651 ‘latiorem
2198 2608 2433 2673 agrum
2482 2599 2797 2673 caperent
2840 2590 2905 2651 in

622 2782 629 2787 ⁴
713 2697 931 2786 plures
973 2721 1205 2787 pagos,
1236 2700 1342 2766 vel
1375 2698 1617 2786 oppida
1645 2698 2137 2778 dlvidebantur,
2177 2703 2295 2765 uni
2336 2679 2558 2765 tamen
2602 2702 2905 2790 principi,

715 2826 1060 2904 tamquam
1106 2820 1272 2903 regi,
1306 2816 1593 2903 paruisse
1627 2815 1957 2881 videntur.
2004 2813 2180 2881 Sunt
2212 2818 2330 2904 qui
2362 2814 2633 2881 Ocnum
2673 2816 2905 2884 Biano-

716 2948 866 2997 rum
887 2982 906 3010 ,
933 2952 1135 3020 quem
1167 2931 1487 3024 Virgilius
1531 2934 1787 3019 poetica
1832 2930 2098 2998 fictione
2129 2935 2476 2999 veritatem
2510 2933 2905 2999 inumbrans

715 3047 989 3135 Tyberis
1038 3059 1105 3113 et
1148 3047 1422 3112 Mantus
1478 3044 1787 3113 fatidicae
1846 3045 2065 3112 filium
2124 3045 2322 3113 fuisse
2380 3047 2570 3127 dicit,
2615 3047 2905 3115 Mantua

714 3162 1006 3241 condita,
1030 3187 1070 3228 a
1093 3162 1333 3236 Parma
1364 3172 1654 3228 torrente
1686 3162 1772 3240 ad
1794 3160 2227 3229 Scultennam
2259 3166 2600 3229 universae
2617 3166 2907 3251 regioni,

720 3302 896 3367 quae
943 3292 1091 3344 tum
1140 3278 1229 3342 ab
1274 3300 1351 3343 eo
1394 3276 1678 3343 Bianora
1712 3277 2084 3361 dicebatur,
2127 3277 2263 3344 late
2303 3281 2723 3368 imperavisse
2768 3285 2905 3347 exi-

717 3399 1022 3474 stimant,
1056 3406 1123 3460 et
1153 3396 1214 3459 ei
1247 3378 1535 3481 Regium
1584 3395 1765 3460 urbis
1811 3407 2073 3461 nostrae
2102 3393 2518 3462 Praefectum
2565 3396 2905 3485 obtempe-

717 3512 990 3575 ravisse:
1041 3533 1117 3574 ac
1161 3511 1337 3574 sicut
1381 3508 1732 3576 duodecim
1780 3508 2181 3598 populorum
2226 3510 2687 3590 Lucumones,
2734 3512 2905 3579 idest

716 3624 1072 3702 Praefecti,
1104 3628 1171 3690 in
1210 3627 1520 3691 Hetruria
1566 3628 1687 3691 uni
1730 3647 1993 3695 summo
2036 3627 2358 3714 parebant
2386 3630 2552 3715 regi,
2585 3626 2763 3691 idem
2811 3630 2905 3693 cis

717 3741 951 3830 Alpes,
1003 3741 1122 3804 ubi
1175 3745 1400 3807 omnia
1468 3739 1553 3807 ad
1619 3751 2034 3807 vetustarum
2081 3740 2575 3829 Tyrrhenarum
2629 3741 2902 3814 urbium

719 3854 1106 3945 exemplum
1151 3856 1580 3945 regebantur,
1624 3856 2051 3924 observatum
2098 3854 2301 3923 fuisse
2343 3868 2729 3924 memorant.
2778 3857 2903 3927 Po-

720 3985 860 4037 stea
905 3995 1059 4039 vero
1105 3972 1400 4054 Felsina,
1446 3995 1620 4061 quae
1663 3994 1844 4039 nunc
1886 3973 2186 4041 Bononia
2216 3972 2492 4055 dicitur,
2536 3971 2901 4061 Cisalpino-

716 4113 866 4155 rum
900 4090 1376 4159 Hetruscorurn
1421 4091 1723 4179 princeps
1772 4086 1950 4157 facta
1993 4090 2334 4159 universae
2366 4091 2611 4182 regioni
2639 4100 2897 4159 nostrae
