2950 5017
616 417 745 488 568
1366 435 1608 482 annun
1650 436 2072 485 ancrnnsrmr

613 557 1046 628 celeberrima
1089 564 1285 624 antea
1331 557 1423 624 ab
1466 555 1785 626 Eduardo
1825 556 1928 628 nl
1972 567 2125 648 post
2167 554 2612 624 undecimum
2660 581 2832 627 men·

609 700 748 744 sem
796 696 1004 764 quam
1074 684 1247 742 terra
1315 676 1619 764 marique
1663 674 1923 741 obsessa
1969 671 2189 741 fuerat
2238 698 2413 742 anno
2467 696 2824 742 unacum

611 805 843 883 capta,
911 802 1064 882 post
1114 812 1243 857 nox
1305 813 1513 859 annos
1579 793 1649 857 in
1711 790 2067 860 Gallorum
2135 803 2552 881 potestatem
2625 793 2825 859 rediit.

608 912 755 981 Nec
799 909 1021 979 multo
1066 922 1215 1000 post
1259 907 1733 978 Theonvillam
1791 911 2319 976 munitissimum
2368 910 2709 999 oppidum
2747 911 2822 977 ad
2915 967 2916 978 2

606 1027 1012 1097 deditionem
1089 1025 1421 1118 compulit
1449 1078 1468 1108 ,
1540 1027 1658 1093 ubi
1729 1029 1917 1095 aenei
1989 1030 2302 1094 tormenti
2376 1029 2540 1093 ictu
2611 1028 2825 1094 Petrus
2915 1047 2916 1062 ¹

601 1142 967 1225 Strenuitas,
1000 1163 1243 1234 magna
1271 1147 1440 1233 regis
1484 1154 1553 1209 et
1599 1165 1946 1234 procerum
1990 1146 2545 1210 consternatione
2575 1144 2828 1223 cecidit,

604 1264 725 1352 qui
769 1263 838 1328 in
888 1256 1167 1349 templo,
1212 1258 1334 1326 ubi
1382 1259 1581 1327 condi
1628 1281 1811 1347 reges
1859 1258 2109 1350 solent,
2136 1258 2510 1327 honorifice
2541 1258 2832 1348 sepultus

602 1374 761 1445 fnit.
806 1375 1063 1461 Quinto
1105 1397 1381 1465 quoque
1427 1374 1744 1444 calendas
1790 1374 2086 1444 octobris
2143 1374 2305 1444 hora
2350 1378 2585 1443 noctis
2632 1378 2832 1465 prima
2915 1369 2916 1448 ἰ

602 1493 885 1564 Carolus
915 1493 979 1562 V
1010 1493 1377 1583 Imperator
1422 1496 1493 1560 in
1539 1493 1863 1585 Hispania
1907 1493 2210 1575 decessit,
2244 1516 2458 1584 quem
2507 1508 2585 1561 et
2633 1494 2831 1561 Maria

601 1611 750 1699 ejus
792 1634 998 1691 soror,
1041 1621 1113 1677 et
1153 1610 1371 1678 Maria
1417 1608 1700 1699 Angliae
1743 1613 2003 1702 regina,
2048 1633 2136 1676 ex
2180 1609 2565 1677 catharina
2617 1610 2834 1677 Ferdi-
2915 1639 2916 1688 f

599 1728 807 1799 nandi
852 1726 1197 1796 castilliae
1256 1730 1423 1817 regis
1467 1727 1558 1795 ab
1604 1708 1895 1797 Henrico
1939 1726 2110 1796 VIII
2165 1741 2518 1818 suscepta,
2576 1741 2831 1795 secutae
2915 1765 2916 1804 1

602 1858 674 1913 et
717 1847 900 1935 ipsae
966 1846 1040 1910 in
1107 1840 1253 1911 fata
1309 1857 1803 1912 concesserunt.
1851 1845 2029 1911 Huic
2075 1843 2481 1912 Elisabetha
2526 1868 2720 1934 quae
2759 1868 2833 1910 ex
2915 1927 2916 1930 Ἴ

605 1963 805 2029 Anna
871 1960 1126 2029 Bolena
1191 1974 1501 2052 suscepta
1568 1958 1829 2041 fuerat,
1888 1963 2432 2051 vigintiquinque
2504 1984 2832 2029 annorum
2915 1949 2916 2008 Ῠ

598 2077 843 2146 mulier
884 2079 957 2145 in
1000 2076 1283 2168 Angliae
1327 2080 1609 2168 imperio
1651 2082 1985 2146 successit.
2034 2078 2137 2146 Ea
2185 2077 2373 2147 velut
2420 2102 2515 2144 ex
2566 2076 2832 2145 nefariis
2915 2097 2916 2182 ᾗ

598 2196 892 2286 nuptiis,
937 2217 1107 2284 quas
1174 2217 1333 2261 cum
1390 2195 1589 2262 Anna
1644 2195 1895 2264 Bolena
1962 2197 2287 2264 Heni-icus
2356 2208 2829 2276 contraxerat,
2915 2199 2916 2220 ³

600 2323 958 2404 procreata
1003 2312 1230 2403 spuria
1291 2310 1697 2380 habebatur.
1747 2314 1969 2395 Quare
2015 2311 2279 2379 Scotiae
2333 2315 2612 2402 regina,
2669 2319 2836 2404 quae

594 2454 685 2499 cx
728 2429 1089 2519 Margarita
1152 2421 1419 2496 Henrici
1473 2429 1607 2503 VII
1650 2453 1868 2498 sorore
1912 2442 1982 2497 et
2024 2431 2062 2507 J
2067 2430 2275 2499 acobo
2322 2428 2633 2498 Stuardo
2681 2445 2834 2498 nata
2915 2397 2916 2420 Χ

594 2560 740 2616 erat
758 2600 778 2630 ‚
824 2546 999 2614 illnd
1040 2569 1323 2636 regnum
1367 2546 1455 2614 ad
1497 2570 1568 2613 se
1614 2563 1912 2637 spectare
1956 2547 2491 2637 praetendebat3
2536 2572 2635 2617 eo
2684 2572 2838 2618 vero

599 2688 778 2734 anno
844 2662 1199 2733 Francisoo
1265 2662 1623 2732 Gallorum
1690 2667 1857 2755 regis
1922 2662 2064 2733 filio
2130 2677 2383 2756 nupta,
2435 2670 2840 2755 compositis

594 2781 865 2849 Galliae
908 2780 1142 2863 rebus,
1187 2801 1471 2871 regnum
1522 2780 1699 2848 illud
1758 2781 1950 2850 brevi
2001 2785 2369 2873 repetitura
2414 2806 2559 2850 esse
2609 2784 2840 2850 crede·
2915 2843 2916 2872 ¹

594 2900 823 2966 batur.
869 2899 1052 2966 Inter
1098 2899 1464 2966 Henricum
1513 2902 1692 2966 enim
1725 2898 2085 2968 Gallorum
2132 2912 2202 2966 'et
2246 2899 2652 2991 Philippum
2689 2904 2834 2970 His-
2915 2877 2916 2892 ἶ

594 3018 953 3106 paniarum
982 3037 1231 3105 regem,
1265 3017 1656 3104 nuptiarum
1703 2993 1971 3084 foedere
2015 3014 2206 3084 firma
2237 3040 2404 3106 pace
2434 3019 2649 3099 inita,
2678 3042 2833 3087 con-

597 3146 882 3200 ventum
951 3146 1094 3200 erat
1160 3144 1242 3199 ut
1309 3131 1673 3221 Margarita
1718 3132 1903 3201 Galli
1972 3135 2136 3223 regis
2205 3158 2386 3203 soror
2455 3134 2829 3204 Emanueli

593 3248 965 3316 Philiberto
1012 3246 1390 3316 Sabaudiae
1444 3251 1775 3339 principi,
1820 3253 2128 3318 universa
2175 3250 2693 3320 pedemontana
2739 3278 2830 3319 re-

591 3371 786 3456 gione
830 3387 989 3431 cum
1036 3364 1377 3434 Sabaudia
1420 3371 1764 3448 restituta,
1799 3368 2120 3460 nuberet,
2152 3368 2606 3461 ejusdemque
2643 3370 2823 3439 Galli

592 3481 735 3550 filia
780 3484 1220 3572 primogenita
1261 3482 1551 3550 Isabella
1596 3497 1718 3551 aut
1764 3482 2077 3575 Philippo
2122 3488 2275 3576 ipsi,
2315 3498 2440 3552 aut
2486 3488 2648 3573 ejus
2692 3488 2826 3557 filio

593 3595 838 3667 Carolo
876 3597 1348 3687 Hispaniarum
1393 3596 1641 3667 infanti
1687 3599 2049 3681 locaretur,
2080 3601 2537 3692 omnibusque
2571 3603 2826 3686 Medio·

594 3716 768 3796 lani,
813 3712 1118 3794 Siciliae,
1148 3712 1617 3805 ·Neapolisque
1660 3716 1926 3802 juribus
1972 3715 2214 3784 Gallus
2257 3718 2553 3786 cederet.
2618 3722 2690 3787 Is
2755 3732 2826 3786 ut

593 3830 1021 3900 celebriorem
1050 3829 1229 3898 filiae
1258 3844 1328 3897 et
1364 3836 1601 3899 sororis
1646 3836 2035 3923 nuptiarum
2082 3847 2493 3925 apparatum
2543 3831 2818 3915 faeci-et,

597 3954 673 4016 in
712 3949 1132 4029 decursione,
1177 3973 1385 4039 quam
1442 3949 1806 4017 solemnem
1851 3927 2275 4033 instituerat,
2322 3952 2648 4022 hasta‘et
2690 3961 2818 4044 ipsc

597 4066 805 4155 pridie
847 4067 1157 4134 calendas
1206 4066 1413 4152 julias
1459 4077 1730 4154 currens
1774 4072 2077 4137 certavit.
2128 4070 2258 4136 Ter
2302 4084 2646 4161 quaterve
2682 4080 2820 4138 'ma-

596 4173 726 4272 gna
794 4209 952 4253 cum
1024 4184 1227 4252 laude
1276 4183 1743 4256 adversarium
1793 4189 2268 4271 incucurrerat,
2314 4211 2483 4262 cum
2527 4192 2814 4281 repetito
