2950 5017
726 390 862 459 206
1468 406 1707 453 nanum
1748 406 2166 453 normarum

725 539 1058 597 auxerant
1073 576 1095 609 ,
1122 525 1633 606 veronensium,
1664 523 2316 615 Mantuanommque
2356 523 2615 599 anxilio
2652 527 2834 603 civim

721 642 989 736 praedia
1031 642 1487 722 incendentes3
1531 641 1647 710 sed
1688 653 1759 708 et
1800 640 1870 713 hi
1918 642 2191 709 tandem
2232 643 2489 731 patriae
2516 641 2617 711 his
2644 642 2837 734 legibus

725 759 1300 838 sunteonoiliati,
1348 770 1431 826 nt
1469 757 1675 827 bonis·
1709 760 1980 848 receptis
2037 759 2339 849 proximo
2403 780 2525 827 sex
2588 782 2834 829 annorum

723 879 944 967 spatio
1008 876 1348 945 Bononiae
1411 897 1483 942 se
1555 876 2002 955 continerent,
2067 886 2138 943 et
2202 885 2435 964 postea
2494 877 2566 943 in
2624 878 2834 966 patriam

721 992 934 1062 redire
1007 1006 1308 1083 possent:
1379 993 1501 1082 qui
1553 1014 1707 1061 vero
1768 992 1842 1058 in
1906 990 2044 1060 divi
2098 989 2427 1082 Stephani
2495 991 2746 1063 castello
2785 1015 2832 1059 so

724 1112 1144 1192 munierant,
1185 1121 1268 1181 ut
1341 1111 1491 1201 paci
1546 1110 2031 1191 consentirent,
2093 1132 2227 1178 non
2291 1110 2424 1177 nisi
2488 1129 2625 1178 sero
2679 1107 2832 1175 induci
2876 1122 2877 1125 ’

720 1235 1105 1315 potnerunt.
2876 1306 2877 1309 Ἴ

855 1340 1206 1412 Sociorum
1270 1363 1471 1431 opera
1532 1352 1770 1432 pacata
1832 1341 2106 1410 civitate
2125 1390 2146 1421 ,
2196 1340 2323 1407 etn‘
2390 1340 2691 1409 intestino
2730 1337 2832 1409 odio
2876 1312 2877 1359 ³

717 1455 940 1526 adhuc
987 1456 1283 1547 plurium
1328 1459 1538 1524 animi
1581 1455 1910 1525 ferverent
1927 1508 1949 1538 ,
1992 1455 2396 1546 praesidium
2452 1467 2663 1525 tamen
2700 1454 2834 1521 veriti

723 1574 812 1641 ab
843 1572 1087 1660 injuria
1116 1571 1540 1663 aliquamdiu
1568 1573 2056 1641 abstinuerunt.
2098 1570 2229 1639 Sed
2259 1594 2397 1640 non
2427 1570 2636 1640 multo
2665 1579 2777 1659 post
2791 1570 2835 1633 (⁸)

721 1712 764 1756 a
806 1686 1097 1756 factiosis
1140 1686 1476 1755 nobilibus
1520 1687 1946 1778 quorundam
2007 1687 2283 1755 aedibus
2341 1689 2646 1768 incensis,
2688 1684 2833 1751 maxi-

722 1826 879 1870 mus
945 1805 1018 1870 in
1084 1803 1251 1870 urbe
1303 1802 1640 1870 tumultus
1683 1815 1781 1871 est
1823 1805 2183 1871 excitatns.
2233 1801 2403 1871 Erat
2445 1814 2602 1870 tuno
2638 1800 2834 1866 Praetor

717 1918 914 2008 Regii
957 1919 1257 1988 Tetellus
1304 1943 1344 1986 a
1386 1919 1664 1988 Torellis
1726 1942 1966 2009 genere
2025 1919 2493 2001 Bononiensis,
2534 1914 2832 1985 Praefectus
2876 1902 2877 1909 ἵ

721 2057 876 2102 vero
920 2035 1215 2101 Andreas
1259 2034 1572 2103 Mai-anus
1615 2035 1984 2102 Parmensis
2041 2058 2082 2101 a
2135 2036 2398 2104 civibus
2457 2038 2587 2103 suis
2638 2034 2831 2106 missus,
2876 2098 2877 2111 ,

718 2150 839 2238 qui
893 2151 1105 2238 primo
1161 2151 1231 2217 in
1291 2171 1533 2238 magno
1575 2149 1952 2218 discrimine
2000 2152 2346 2221 constituti
2394 2150 2479 2217 de
2520 2151 2737 2217 civium
2766 2166 2832 2209 sa·

718 2266 865 2334 Inte
902 2266 1358 2356 desperabant.
1404 2266 1702 2333 Demum
1746 2268 1945 2334 armis
1991 2266 2223 2355 populi
2257 2266 2476 2333 adiuti
2507 2262 2829 2334 nobiliorum

719 2384 894 2449 vires
936 2382 1399 2450 contuderunt.
1445 2381 1627 2448 Cum
1672 2384 1849 2449 enim
1894 2381 1997 2449 illi
2042 2405 2082 2450 a
2125 2380 2380 2472 plebeis
2411 2380 2594 2450 velut
2629 2377 2830 2444 seditio-

718 2522 885 2566 num
931 2510 1230 2567 auctores
1273 2498 1358 2564 ad
1401 2497 1802 2587 supplicium
1845 2496 2391 2588 efflagitarentur,
2435 2517 2646 2566 omnes
2680 2490 2830 2579 capti,

718 2630 791 2684 et
831 2615 1145 2684 Parmam
1186 2617 1404 2701 ducti,
1455 2618 1529 2682 in
1589 2614 1839 2705 palatio
1883 2616 2012 2684 sub
2057 2612 2379 2683 Praefecti
2446 2611 2714 2705 custodia
2748 2605 2832 2671 de·

720 2734 894 2799 tenti
935 2729 1145 2800 fuere.
1190 2731 1370 2799 Tum
1413 2731 1726 2799 Parmam
1791 2732 1877 2799 ad
1935 2730 2221 2801 validius
2288 2731 2663 2822 praesidium
2714 2743 2834 2789 evo·

720 2849 1011 2918 candum
1042 2848 1247 2939 legati
1276 2852 1454 2917 missi
1483 2872 1793 2939 magnam
1824 2848 2120 2917 militum
2154 2872 2432 2917 manum
2462 2846 2828 2915 adduxerunt.

718 2964 1016 3032 Alebant
1059 2977 1223 3033 tunc
1266 2968 1580 3055 temporis
1623 2989 1746 3034 suo
1789 2988 1937 3033 aere
1981 2966 2360 3033 Parmenses
2406 2964 2698 3031 ducentos
2740 2953 2831 3017 mi-

716 3079 912 3161 lites,
977 3084 1096 3169 qui
1166 3103 1322 3147 enm
1365 3081 1642 3148 Parmae
1687 3081 1992 3150 Praetore
2057 3093 2127 3147 et
2192 3090 2464 3149 centum
2527 3068 2827 3144 catafractifl

719 3195 1005 3284 Regium
1049 3209 1397 3276 venerunt,
1440 3196 1557 3267 sed
1599 3195 1938 3265 custodiae
1982 3198 2050 3263 vi
2097 3196 2292 3262 illata
2351 3218 2509 3267 cum
2569 3184 2829 3291 nobilium

692 3296 1060 3403 ’potentiae
1125 3336 1259 3380 non
1324 3309 1520 3380 facile
1586 3315 1792 3380 resisti
1858 3335 2052 3402 posse
2120 3312 2453 3380 videretur
2470 3362 2491 3392 ,
2535 3297 2829 3376 Parmensis

719 3428 1008 3520 populus
1051 3431 1290 3520 quinto
1341 3431 1491 3497 idus
1542 3433 1805 3520 augusti
1850 3429 1934 3497 ad
1980 3429 2296 3498 sedandas
2357 3429 2583 3496 turbas
2622 3447 2658 3489 a
2692 3419 2831 3485 Prffl·

732 3558 872 3616 tore
936 3549 1009 3614 in
1079 3547 1313 3614 urbem
1373 3557 1666 3616 nostram
1710 3547 1951 3614 ductus
1995 3550 2066 3614 in
2111 3571 2299 3615 suam
2344 3544 2544 3612 fidem
2584 3542 2732 3607 cives
2762 3551 2829 3597 ῐθ·

724 3665 941 3752 oepit,
986 3661 1318 3729 nobilium
1361 3665 1569 3731 etiam
1614 3665 1915 3731 omnium
1956 3663 2245 3733 castellis
2314 3662 2591 3752 acceptis
2648 3643 2828 3741 primi·

723 3778 1302 3868 dium‘imposuit.
1348 3777 1573 3844 Plebei
1616 3776 2022 3868 implacabili
2071 3781 2143 3847 in
2174 3776 2439 3848 ‘nobiles
2466 3774 2608 3845 odio
2634 3755 2828 3834 accensi

723 3895 1044 3984 postridie
1070 3893 1478 3963 Altabellam
1523 3895 1799 3965 domum
1843 3894 2309 3964 Folleanorum'
2326 3945 2345 3976 ,
2375 3905 2446 3963 et
2475 3891 2622 3960 alias
2648 3878 2828 3950 ufflfls‘

796 4148 878 4217 (ι)
908 4148 1008 4202 Die
1040 4165 1149 4203 vm
1181 4145 1381 4221 augusti
1409 4160 1727 4207 mamm.
