2950 5017
885 415 1086 465 mnu
1127 416 1428 463 mnus·
1490 424 1497 433 ·
2100 418 2230 486 207

28 565 176 634 q-
216 538 434 632 partis
473 535 936 606 seditiosorum
981 535 1174 603 aedes
1231 533 1679 604 incenderunt.
1725 532 1841 602 Ob
1880 557 2031 602 eam
2073 558 2235 605 cau·

28 679 172 723 sm
231 651 554 723 nonnulli
596 650 879 727 Parmae
922 672 1038 739 per
1081 650 1461 740 quindecim
1528 649 1665 716 dies
1729 652 1800 717 in
1865 650 2237 719 carceribus

28 771 344 839 ffiemnt.
394 768 831 837 Bononienses
879 785 1149 855 quoque
1194 765 1279 831 ad
1322 764 1637 831 sedandas
1697 765 1922 832 turbas
1978 777 2065 833 et'
2108 767 2236 854 ipsi

28 885 195 955 ὕει
247 884 560 952 militum
601 883 827 971 copias
872 883 1221 959 miserunt,
1250 904 1422 970 quae
1455 877 1829 947 facinorosis
1858 883 1925 948 in
1953 881 2238 949 diversas

28 1003 354 1091 regiones·
383 997 724 1088 relegatis,
755 996 1157 1087 quamplura
1185 994 1605 1085 Regiensium
1651 994 1917 1063 castella
1944 998 2014 1063 in
2045 1018 2238 1065 suam

28 1128 456 1207 potestatem
519 1113 945 1202 redegerunt.
993 1112 1175 1181 Cum
1243 1135 1396 1180 vero
1438 1111 1786 1191 Herberia,
1830 1111 2200 1181 Borzanum
2217 1156 2240 1194 ,

28 1232 374 1299 Casuum
413 1230 850 1309 Arianorum,
924 1241 994 1295 et
1059 1227 1406 1317 Regiolum
1424 1278 1443 1309 ,
1508 1251 1680 1318 quae
1744 1225 2242 1295 Pontificiorum

28 1349 319 1417 nomine
365 1344 592 1415 Guido
637 1343 974 1413 Robertus
1028 1342 1476 1433 Tripolitanae
1540 1343 1901 1435 retinebat,
1944 1367 2077 1431 non
2143 1367 2244 1410 re-

28 1464 511 1541 stituerentur,
556 1459 1021 1529 Parmensium
1065 1458 1364 1539 Praetor,
1430 1461 1549 1549 qui
1611 1482 1952 1529 summum
1994 1460 2068 1527 in
2110 1459 2243 1527 Rev

31 1580 306 1667 gienses
345 1577 702 1666 imperium
753 1573 1084 1653 habebat,
1135 1577 1632 1643 contumacium
1686 1573 1879 1643 aedes
1927 1574 2240 1644 incendit.

33 1692 360 1761 Tandem
386 1692 883 1772 Parmensium,
916 1703 987 1757 et
1015 1690 1533 1759 Bononiensium
1561 1674 1931 1780 procerum,
1961 1703 2030 1756 et
2060 1713 2244 1781 prae·

34 1812 252 1899 cipue
295 1808 643 1878 Pontionis
685 1808 1183 1887 Cremonensis,
1227 1810 1346 1897 qui
1389 1807 1579 1897 Regii
1619 1805 2035 1876 Praefectum
2096 1831 2244 1898 age-

33 1925 198 2006 bat,
245 1927 727 2006 intercessione,
770 1947 1001 1993 omnes
1044 1922 1379 1992 Pontificii
1420 1923 1790 2013 Regienses,
1832 1924 2244 2006 Mantuanis,

41 2052 118 2107 et
160 2039 700 2121 Veronensibus,
767 2052 838 2106 et
898 2039 1204 2107 Canussii
1247 2038 1602 2108 Gibellinis
1657 2050 1815 2107 sunt
1872 2039 2243 2120 conciliati,

41 2153 506 2247 censeatisque
549 2159 674 2223 rite
717 2153 971 2223 tabulis
1024 2167 1094 2221 et
1137 2152 1506 2224 facinorum
1560 2158 1685 2223 reis
1734 2180 1821 2223 ex
1878 2157 2245 2223 carceribus

40 2270 376 2367 dimissis,
419 2295 558 2362 pax
602 2294 1018 2361 quamquam
1061 2266 1196 2339 nou
1240 2270 1558 2338 diuturna
1600 2284 1824 2339 secuta
1882 2270 2046 2340 fuit.
2090 2272 2247 2338 Ber-

43 2389 291 2457 mrdus
339 2392 522 2458 enim
565 2388 1039 2478 Malapresius,
1096 2388 1275 2478 quod
1332 2387 1639 2478 Gypsum
1701 2388 2049 2457 castellum
2115 2386 2242 2457 sibi

43 2528 84 2571 a
121 2505 602 2575 Par-mensibus
644 2529 783 2572 non
829 2506 1308 2585 restitueretur,
1349 2508 1544 2594 quasi
1602 2528 1868 2594 gravem
1928 2506 2243 2592 injuriam

45 2623 433 2711 accepisset,
479 2619 840 2689 nonnullas
885 2618 1308 2709 Regiensium
1352 2620 1546 2687 villas
1591 2619 1917 2687 hostiliter
1974 2634 2073 2688 est
2133 2621 2246 2687 de·

45 2737 432 2826 praedatus.
491 2736 719 2806 Guido
796 2759 1070 2826 quoque
1134 2733 1586 2824 Tripolitanae
1648 2734 1999 2824 Regiolum
2066 2735 2244 2803 clam

43 2850 523 2921 Parmensibns
581 2854 861 2940 eripuit,
917 2864 991 2918 et
1045 2853 1239 2918 turris
1304 2850 1638 2930 custodes,
1682 2853 1801 2939 qui
1843 2851 2241 2919 deditionem

43 2967 478 3047 recusabant,
524 2966 715 3036 illato
763 2970 945 3056 igne,
988 2967 1383 3037 combussit.‘
1443 2965 1589 3035 Nec
1654 2970 1874 3033 minus
1939 2969 2008 3034 in
2075 2966 2243 3034 urbe

47 3081 554 3151 tumultuatum
596 3094 734 3160 est,
802 3083 1007 3172 pridie
1053 3085 1229 3150 enim
1278 3084 1429 3150 idus
1472 3082 1832 3150 decembris
1877 3106 2025 3172 pars
2067 3081 2247 3150 Infe-

49 3200 208 3278 rior,
273 3197 352 3265 hi
411 3212 609 3269 erant
658 3198 963 3266 Canussii
1022 3211 1091 3266 et
1134 3197 1469 3288 carpineti
1515 3197 1964 3287 Praepositae,
2008 3199 2246 3267 Caesa·

53 3315 280 3383 nanae
333 3312 615 3384 factioni
660 3314 1014 3400 conjuncta
1055 3312 1247 3382 fatali
1290 3314 1584 3405 quodam
1615 3313 1834 3383 furore
1862 3313 2243 3403 Superiores

51 3443 325 3500 mento
371 3434 721 3499 commisso
767 3431 1023 3520 praelio
1068 3432 1197 3503 sub
1241 3431 1527 3499 mediam
1571 3445 1834 3500 noctem
1879 3433 2126 3518 ejiecit,
2169 3443 2240 3499 et

55 3547 397 3615 civitatem
443 3546 807 3615 crudeliter
849 3546 1148 3637 diripuit.
1191 3546 1521 3628 Folleani,
1564 3547 1837 3615 Roberti
1880 3545 2242 3617 Manfredis

53 3661 426 3747 conjuncti,
459 3672 530 3727 et
560 3661 675 3729 alii
704 3660 1038 3729 Pontificii
1083 3665 1364 3731 nominis
1393 3665 1552 3744 viri,
1583 3666 1700 3753 qui
1729 3665 1922 3750 ejecti
1951 3661 2255 3743 fuerant,

55 3775 478 3858 Her-beriam,
523 3776 597 3845 S.
639 3777 1040 3859 Martinam,
1086 3790 1155 3847 et
1198 3778 1548 3869 Regiolum
1597 3783 1860 3869 ingressi
1905 3783 2241 3869 ingentem

57 3903 122 3957 et
155 3894 287 3989 ipsi
330 3892 646 3985 praedam
691 3906 988 3982 egerunt.
1030 3892 1196 3965 Mox
1239 3897 1484 3965 reversi
1534 3898 1747 3984 primo
1775 3896 2050 3965 Petrum
2080 3896 2243 3965 Car-

59 4005 296 4079 bonem
339 4013 516 4079 inter
558 4009 985 4080 Caesarianos
1031 4014 1353 4104 insignem
1416 4009 1862 4083 interficiunt:
1910 4037 2072 4083 mox
2114 4014 2242 4081 sub

69 4137 467 4213 postremam
537 4126 669 4197 diei
736 4126 967 4199 horam
1023 4151 1138 4221 per
1181 4133 1422 4202 urbem
1464 4133 1677 4203 minas
1724 4142 1797 4199 et
1847 4131 2071 4207 caedes
2109 4133 2252 4223 spi-⁴
