2950 5017
701 435 836 504 272
1441 430 1677 476 RERUU
1721 431 2136 478 anclanetum

698 564 782 620 ut
824 551 938 620 alii
979 548 1245 619 malunt
1269 549 1713 619 Gavassetum
1757 553 1831 618 in
1872 552 2122 619 insidiis
2163 553 2333 623 inter
2360 550 2577 621 densa
2612 576 2893 627 nemora

698 667 967 749 locatis,
996 668 1336 736 venientes
1371 677 1752 756 expectant.
1778 667 1819 745 J
1821 690 1929 733 sm
1959 670 2171 756 prima
2200 665 2696 758 Scaligerorum
2728 675 2896 742 acies

698 787 1066 865 transierat,
1094 806 1285 864 cum,
1316 783 1586 851 sublato
1629 782 1955 863 clamore,
1982 785 2298 874 utrinque
2340 784 2566 853 hostes
2611 793 2887 877 aggressi

694 900 1110 990 inopinantes
1175 897 1655 966 intercludunt.
1697 896 1810 965 Illi
1869 901 2198 967 conversis
2264 902 2464 967 armis
2527 924 2611 968 se
2679 905 2883 992 prime

697 1018 872 1083 tueri
915 1017 1174 1096 conati,
1202 1026 1430 1104 postea
1473 1014 1594 1081 nbi
1639 1012 1906 1081 nullum
1948 1013 2182 1082 salutis
2224 1016 2451 1084 locum
2495 1019 2877 1100 inveniunt,

696 1132 970 1219 abjectis
1013 1135 1236 1212 armis,
1265 1130 1596 1222 supplices
1638 1154 1708 1198 se
1751 1131 2222 1200 Folleanorum
2266 1131 2667 1201 clementiae
2717 1158 2875 1203 com-

694 1250 1004 1314 mittunt.
1046 1247 1584 1337 Impedimentis,
1630 1246 2060 1336 vestibusque
2104 1246 2379 1314 militari
2419 1272 2614 1317 more
2665 1254 2875 1331 exuti,

695 1387 928 1433 omnes
978 1377 1136 1432 sunt
1178 1363 1462 1444 dimissi,
1506 1374 1761 1452 praeter
1804 1361 2084 1445 Sessios,
2128 1367 2247 1454 qui
2300 1387 2460 1432 cum
2504 1367 2801 1436 Hectore
2840 1391 2874 1434 s

693 1478 964 1563 Panico,
1013 1494 1081 1546 et
1122 1480 1374 1557 Ioanne
1417 1476 1787 1558 manfredo,
1830 1491 2236 1570 centumque
2277 1479 2421 1548 aliis
2489 1495 2649 1571 post
2710 1495 2874 1572 terga

692 1597 1006 1664 revinctis
1046 1594 1356 1664 manibus
1384 1590 1667 1685 Regium
1698 1595 1923 1677 ducti,
1950 1607 2019 1662 et
2046 1595 2378 1666 custodiae
2409 1597 2645 1665 traditi
2674 1595 2870 1667 fuere.

693 1709 833 1779 Sed
872 1723 943 1778 et
984 1711 1059 1778 hi
1101 1736 1233 1781 non
1280 1710 1499 1780 multo
1544 1722 1696 1801 post
1741 1711 1829 1778 ab
1872 1711 2155 1781 Alberto
2184 1710 2707 1804 Scaligero,.qui
2732 1737 2870 1782 cum

691 1850 1006 1918 magnam
1027 1826 1571 1895 'familiaritatem
1626 1839 2122 1910 contraxerant,
2190 1851 2313 1896 sex
2375 1829 2683 1898 millibus
2747 1854 2873 1899 sex-

694 1947 905 2014 centis
966 1943 1229 2013 florenis
1293 1943 1659 2011 liberaliter
1725 1956 1883 2011 sunt
1947 1944 2306 2034 redempti.
2357 1944 2438 2012 In
2506 1945 2682 2013 urbe
2734 1968 2868 2015 vero

693 2059 1003 2127 Folleani
1047 2060 1357 2129 omnibus
1398 2059 1560 2129 locis
1602 2063 1918 2142 munitis,
1959 2063 2194 2129 turrim
2238 2064 2311 2129 in
2352 2061 2515 2130 Divi
2557 2061 2865 2152 Stephani

692 2176 1028 2243 suburbiis
1076 2176 1253 2265 apud
1298 2175 1620 2242 Sanctum
1666 2175 2150 2245 Geminianum
2197 2178 2685 2267 oppugnandae
2728 2181 2864 2246 civi·

702 2294 829 2357 tati
874 2304 1316 2380 opportunam
1360 2291 1657 2360 calendis
1724 2292 1947 2382 aprilis
2012 2305 2169 2360 sunt
2226 2292 2561 2361 demoliti.
2633 2293 2861 2361 Contra

690 2405 1116 2488 vicecomes,
1181 2406 1511 2496 Scaliger,
1556 2409 1945 2490 Atestinus,
2009 2408 2399 2499 Gonzagus,
2463 2422 2537 2475 et
2604 2408 2856 2498 corrigii

691 2522 914 2592 hostes
957 2537 1258 2614 reparato
1303 2529 1600 2593 exercitu
1618 2578 1639 2607 ,
1680 2529 1801 2617 qui
1862 2529 2130 2616 triginta
2174 2525 2479 2594 millibus
2542 2527 2856 2616 peditum,

693 2663 772 2708 ac
816 2664 938 2708 sex
981 2641 1279 2709 millibus
1322 2665 1641 2709 curruum
1686 2655 1756 2709 et
1798 2666 2038 2733 magno
2075 2646 2379 2732 equitum
2408 2665 2692 2711 numero
2722 2666 2853 2710 con-

687 2756 940 2836 stabat,
983 2760 1175 2826 nonis
1219 2761 1377 2826 maii
1421 2772 1665 2826 cuncta
1708 2760 1856 2846 igne
1921 2755 2226 2847 ferroque
2269 2767 2619 2826 vastantes
2665 2780 2855 2847 usque

690 2873 778 2941 ad
820 2875 982 2941 Divi
1024 2872 1348 2964 Stephani
1397 2863 1662 2965 portam
1704 2878 2069 2942 irruerunt.
2115 2874 2531 2958 Quibuscum
2577 2874 2850 2943 Folleani
2916 2956 2917 2969 χ

693 3015 782 3057 ex
827 3004 1120 3081 tempore
1163 3006 1581 3081 erumpentes
1627 3006 1976 3060 cruentam
2046 3014 2338 3082 pugnam
2407 2994 2476 3059 in
2544 2991 2849 3058 suburbiis

691 3108 1143 3187 miscuerunt,
1173 3130 1280 3189 ac,
1308 3107 1610 3197 plurimis
1640 3111 1958 3198 utrinque
1986 3111 2211 3187 caesis,
2243 3105 2510 3173 tandem
2541 3107 2610 3174 in
2644 3106 2844 3173 urbem
2912 3156 2915 3203 ἱ

691 3221 1024 3311 compulsi
1080 3236 1261 3290 sunt.
1313 3222 1860 3291 Bartholomaeus
1922 3223 2354 3304 Bozzachius,
2419 3235 2489 3289 et
2556 3219 2840 3289 Gutiolus
2914 3234 2915 3245 ¹

691 3335 963 3404 Albrico
1026 3340 1277 3404 strenui
1332 3336 1531 3405 duces
1595 3340 1666 3404 in
1732 3362 1813 3408 eo
1876 3338 2188 3408 conflictu
2255 3341 2530 3428 periere.
2577 3337 2842 3405 Victores
2914 3400 2915 3425 χ

691 3452 859 3519 urbe
901 3451 1196 3535 obsessa,
1240 3453 1466 3521 Sessiis
1513 3456 1802 3523 maxime
1847 3457 1932 3524 ad
1974 3457 2046 3525 id
2091 3454 2631 3536 exhortantibus,
2666 3455 2840 3520 etiam
2914 3454 2915 3457 ’

689 3569 1113 3660 Regiensium
1133 3621 1152 3651 ,
1195 3570 1782 3662 Par-mensiumque
1847 3596 2036 3663 agros
2105 3572 2566 3641 incenderunt.
2620 3570 2834 3641 Verum

688 3688 729 3766 J
732 3691 959 3758 oannis
1002 3686 1205 3756 XXII
1247 3687 1580 3758 Pontificis
1623 3690 1972 3780 vigilantia
2016 3690 2434 3760 obsidionem
2474 3688 2708 3770 solvit,
2742 3688 2835 3778 qui
2912 3668 2913 3695 ἦ

693 3807 1039 3893 sexaginta
1083 3803 1384 3872 millibus
1448 3804 1845 3875 florenorum
1887 3809 1960 3875 in
2003 3807 2300 3875 hostium
2367 3806 2663 3872 exercitu
2708 3802 2837 3870 Ger·
2912 3860 2913 3873 ,

694 3943 1044 3988 manorum
1119 3919 1488 4010 praefectos
1562 3936 1943 4014 corruperat
1969 3974 1989 4004 ,
2061 3936 2141 3991 ut
2206 3926 2503 3992 excitato
2568 3919 2836 3989 tumultu

686 4034 1059 4104 Mastinum
1103 4036 1431 4129 .aliosque
1499 4039 1605 4106 illi
1671 4041 2060 4127 conjunctos
2126 4040 2455 4130 Principes
2528 4046 2829 4127 caperent.

690 4153 826 4223 Sed
890 4156 1360 4243 conjurationis
1432 4156 1658 4229 ordine
1714 4158 1817 4245 ⁴ad
1880 4157 2250 4231 Mastiuum
2324 4154 2590 4247 delato,
2652 4151 2830 4227 valida
