2950 5017
949 413 1150 460 mm
1198 411 1497 493 ousaws
2196 397 2324 483 237

83 534 370 605 lethale
414 533 665 603 vulnus
729 532 990 601 inutilis
1059 546 1241 614 erat,
1281 533 1737 622 ‘inhumaniter
1776 533 2148 622 ‚respondite
2201 533 2323 603 illo

81 675 310 720 exeso
386 651 477 719 ad
545 649 995 717 sustinendam
1073 649 1481 717 obsidionem
1550 662 1835 718 caeteros
1862 700 1881 730 ,
1951 672 2121 739 quos
2185 673 2326 718 sors

85 766 481 847 obtulerit,
510 766 734 833 ordine
764 764 1048 831 edendos
1081 788 1220 830 esse
1254 767 1586 854 proponit.
1618 764 1725 830 Ad
1757 767 2121 831 immanem
2155 763 2329 831 hanc

85 905 358 951 vocem
407 881 744 957 horrentes
783 879 987 968 Lupii
1030 878 1375 946 hominem
1422 882 1567 946 vita
1611 880 1955 976 indignum
2003 879 2327 960 occidere,

86 1011 167 1066 et
217 999 540 1090 aliquam
572 998 700 1064 sibi
729 996 1013 1063 salutem
1047 1020 1361 1086 quaerere
1394 999 1799 1086 cogitarunt.
1844 997 2095 1065 Habito
2126 1000 2330 1088 igitur

93 1115 300 1184 clam
349 1137 512 1183 cum
557 1113 891 1183 Folleanis
936 1113 1277 1204 colloquio
1317 1116 1373 1181 si
1392 1160 1395 1167 -
1416 1112 2106 1212 Archipraesbiterum
2160 1116 2334 1182 occi·

100 1234 404 1314 dissent,
434 1233 608 1300 hano
639 1232 913 1299 demum
956 1234 1192 1300 mortis
1234 1236 1499 1300 veniam
1545 1234 2016 1322 impetrarunt,
2063 1243 2144 1298 ut
2187 1255 2334 1322 per-

101 1353 346 1441 petuis
393 1349 765 1418 carceribus
810 1350 1022 1416 vitam
1068 1372 1257 1439 agere
1302 1361 1717 1430 tenerentur,
1749 1351 1870 1440 qui
1914 1371 2103 1443 secus
2147 1346 2337 1419 fecis-

103 1478 266 1534 sent
323 1469 509 1556 capti
567 1464 813 1554 laqueo
856 1476 1288 1532 necarentur.
1334 1463 1515 1531 Cum
1562 1487 1718 1553 vero
1766 1468 1940 1531 truci
1987 1463 2221 1544 vultu,
2266 1476 2339 1530 et

109 1581 416 1653 terrifico
486 1593 756 1672 aspectu
817 1581 1161 1650 hominem
1227 1581 1452 1672 palam
1500 1581 1760 1671 aggredi
1806 1606 1942 1650 non
1987 1581 2338 1663 auderent,

115 1698 397 1769 occulte
454 1695 776 1766 conficere
843 1709 1148 1782 tentant3
1193 1710 1263 1763 et
1306 1721 1462 1764 cum
1536 1698 1833 1787 aliquam
1902 1701 2088 1786 pacis
2151 1720 2340 1786 spem

121 1814 473 1899 fecissent,
516 1815 907 1895 hortantur,
953 1826 1050 1914 ut·
1080 1839 1168 1883 ex
1212 1817 1412 1882 turris
1459 1814 1753 1883 cancello
1796 1816 2203 1883 conditiones
2247 1815 2339 1882 ab

121 1932 320 2002 hoste
345 1933 821 2023 ’proponendas
868 1930 1123 1999 audiat.
1173 1933 1464 2000 Homine
1511 1932 1595 1998 ad
1652 1931 1722 1997 id
1776 1955 1964 2022 aegre
2032 1954 2340 2022 persuaso

119 2048 290 2116 dum
358 2073 447 2116 ex
511 2047 802 2117 fenestra
844 2060 1052 2138 eaput
1118 2045 1407 2137 profert,
1454 2037 1886 2138 hostiumque
1931 2047 2350 2137 colloquium

126 2178 472 2257 expectat,
517 2166 716 2256 Lupii
762 2190 804 2231 a
850 2179 1033 2256 tergo
1078 2166 1471 2255 sacrilegum
1518 2162 1938 2246 confodiunt,
1982 2166 2334 2233 cadavere-

127 2307 258 2374 que
303 2288 380 2352 in
428 2288 606 2352 viam
655 2283 891 2370 ejecto,
921 2282 1141 2352 hostes
1185 2284 1434 2351 lanceis
1462 2263 1855 2375 excipiunt.
1901 2282 2124 2374 Capta
2171 2285 2340 2351 turri

125 2398 572 2468 Pennatiolus
603 2412 672 2466 et
694 2398 1007 2466 Nasellus
1045 2397 1240 2466 Sessii
1273 2423 1428 2466 cum
1459 2400 1725 2468 duobus
1755 2424 1838 2466 ex
1869 2399 2345 2490 Campsoribus

129 2514 338 2584 hastis
401 2516 759 2597 trucidati3
804 2516 1046 2606 Lupii‚
1091 2527 1171 2583 ut
1223 2529 1633 2584 conventum
1704 2530 1880 2597 erat,
1926 2519 1992 2583 in
2049 2538 2343 2583 carceres

133 2630 356 2714 ducti,
401 2646 471 2699 et
513 2633 864 2701 duodecim
919 2632 1148 2701 exules
1192 2633 1287 2701 ibi
1337 2636 1629 2712 inventi,
1673 2633 1916 2722 laqueo
1962 2635 2182 2698 necati
2225 2655 2345 2720 pe-

136 2749 318 2817 riere.
367 2749 572 2839 Lupii
619 2772 772 2817 vero
818 2772 971 2815 cum
1024 2746 1251 2815 fractis
1298 2748 1670 2815 carceribus
1741 2746 2184 2836 aufugissent,
2229 2771 2346 2837 po-
2429 2805 2433 2810 .

140 2876 283 2931 stea
324 2868 505 2956 capti
550 2865 780 2932 eodem
811 2888 985 2933 anno
1017 2865 1210 2955 Regii
1240 2869 1311 2932 in
1345 2864 1490 2933 foro
1523 2867 1827 2954 suspensi
1856 2867 2092 2930 misere
2127 2865 2343 2930 vitam

143 2976 474 3048 finierunt.
520 2979 987 3049 Guidortellus
1056 2984 1176 3070 qui
1247 3004 1408 3046 cum
1475 2983 1634 3069 ipsis
1703 2992 2026 3059 evaserat,
2073 2979 2346 3069 Ugolini
2395 3064 2401 3070 .

142 3093 337 3164 Sessii
378 3099 594 3184 jussu,
623 3099 862 3187 etipse
892 3099 1147 3164 occisus
1180 3095 1338 3164 fuit.
1384 3098 1584 3163 Hunc
1630 3096 1717 3161 ab
1765 3098 1995 3162 amicis
2043 3096 2346 3185 proditus

142 3210 372 3280 infami
417 3217 561 3281 vita
607 3213 881 3303 dignum
930 3217 1188 3281 exitum
1237 3213 1809 3304 Archipraesbiter
1860 3225 1977 3279 'est
2044 3216 2343 3280 sortitus.

141 3328 405 3423 Reliqui
453 3329 650 3399 Sessii
692 3356 850 3399 oum
895 3332 1132 3423 Lupiis
1177 3332 1266 3400 ob
1312 3332 1441 3401 hoc
1489 3331 1750 3398 facinus
1809 3308 2154 3421 proscripti
2204 3331 2349 3421 Gy-

141 3468 329 3536 psum
377 3448 926 3539 Malapresiorum
988 3449 1341 3517 castellum
1390 3449 1476 3515 ad
1524 3448 1786 3516 bellurn
1855 3451 2109 3539 patriae
2176 3445 2347 3516 infe·-

143 3566 419 3633 rendum
463 3568 867 3651 invaserunt.
918 3567 1181 3634 Deinde
1228 3568 1313 3633 ad
1362 3580 1640 3634 externa
1698 3566 1991 3634 subsidia
2042 3568 2344 3632 conversi

149 3701 187 3744 a
223 3680 410 3749 Cane
455 3680 786 3772 Scaligero
853 3685 974 3774 qui
1042 3680 1365 3750 defuncto
1431 3682 1636 3773 paulo
1708 3695 1866 3749 ante
1933 3664 2220 3748 Alberto
2274 3682 2348 3748 in

150 3792 444 3865 Veronae
490 3800 861 3888 principatu
907 3809 1341 3878 successerat,
1387 3809 1457 3863 et
1506 3821 1544 3864 a
1592 3798 1979 3865 Bonacossio
2049 3795 2135 3861 ad
2194 3798 2349 3862 vim

155 3910 550 3982 inferendam
597 3915 951 3983 auxiliares
1012 3919 1236 4006 copias
1304 3915 1772 3984 obtinuerunt.
1821 3914 2142 3981 Gibertus
2188 3912 2351 4013 Cor-

159 4029 344 4118 sigim
391 4031 580 4121 Regii
626 4031 893 4099 Praetor
936 4055 1160 4099 mense
1203 4032 1513 4118 januario
1559 4033 1985 4122 Regiensium
2048 4032 2349 4097 exercitu

159 4145 496 4215 cutellum
557 4151 991 4239 expugnavit.
1038 4148 1300 4218 Obsessi
1370 4173 1448 4218 co
1517 4152 1755 4216 amisso
1824 4150 1891 4215 in
1966 4149 2202 4215 turrim
2275 4169 2345 4213 se
