2950 5017
948 413 1159 475 nisan!
1188 424 1431 470 ruimus
2195 405 2274 471 31

58 544 477 624 commissa,
507 541 592 611 G.
622 541 902 610 Attilius
932 542 1182 611 Consul
1210 541 1557 612 fortissime
1586 540 1906 610 dimicans
1935 542 2280 626 occiditur,

54 660 273 747 cujus
313 662 553 751 capite
592 660 678 725 ad
715 681 892 748 reges
920 655 1274 726 Gallorum
1303 657 1556 738 delato,
1583 658 1869 728 Romani
1899 683 2033 728 non
2063 658 2281 727 solum

56 777 321 842 animis
367 798 513 844 non
556 772 876 854 cecidere,
920 773 1033 840 sed
1065 776 1378 842 atrociore
1412 773 1655 862 praelio
1684 786 2000 842 renovato
2032 773 2278 842 collem

60 893 295 958 tutati
338 892 554 958 etiam
597 887 888 956 bostium
922 890 1297 978 equitatum
1328 900 1625 978 spectata
1649 891 1897 957 virtute
1930 888 2279 957 fuderunt.

58 1005 435 1086 cenat-e,
476 1007 599 1094 qui
640 1016 831 1072 scuto
877 1002 1149 1071 Gallico
1195 1003 1379 1070 nuda
1430 1026 1703 1092 corpora
1757 1011 2097 1094 protegere
2142 1029 2282 1073 non

60 1134 424 1212 poterant,
454 1144 615 1189 cum
643 1144 684 1187 a
711 1123 1059 1210 sagittariis
1089 1120 1460 1190 Romanam
1494 1123 1700 1187 aciem
1732 1121 2277 1210 praecedentibus

74 1239 384 1326 graviter
413 1235 943 1315 vulnerarentur,
973 1238 1274 1302 animum
1295 1235 1802 1325 desponderunt.
1816 1234 1952 1301 Alii
1975 1238 2043 1304 in
2066 1236 2283 1304 hostes

74 1367 343 1418 temere
389 1353 710 1419 irruentes
756 1349 1296 1430 trucidabantur3
1341 1349 1677 1431 nonnulli,
1718 1350 1800 1415 ad
1844 1372 1998 1421 suos
2056 1350 2287 1439 pedem

76 1465 477 1545 referentes,
520 1469 860 1534 universos
901 1466 1163 1560 ordines
1206 1465 1710 1553 perturbabant.
1755 1464 1930 1534 Solis
1997 1488 2153 1533 vero
2181 1466 2291 1532 In-

78 1584 413 1652 subribus
457 1606 617 1650 cum
661 1580 838 1650 Boiis
890 1594 961 1648 et
1027 1581 1336 1648 Taurinis
1401 1581 1723 1670 praelium
1777 1581 2294 1671 excipientibus,

92 1700 286 1790 pilis,
336 1710 408 1766 et
450 1698 683 1788 gladiis
723 1699 1028 1786 com-inus
1071 1701 1305 1764 certari
1352 1710 1686 1787 coeptum.
1718 1697 2069 1765 Gallorum
2104 1720 2290 1780 enses

86 1837 360 1905 graves,
398 1814 511 1881 sed
536 1814 777 1884 obtusa
809 1812 1110 1902 cuspide,
1140 1825 1324 1880 scuta
1358 1836 1518 1881 vero
1550 1812 1635 1905 ad
1665 1815 1838 1880 ictus
1865 1813 2282 1881 sustinendos

87 1930 421 1998 debiliora
467 1943 695 2010 erant3
740 1942 974 1998 contra
1039 1930 1326 1997 Romani
1370 1928 1620 2019 clypeis
1685 1930 1766 1996 ad
1828 1930 2106 2017 tegenda
2147 1953 2291 1998 cor-

90 2069 263 2136 pora
308 2044 769 2125 validioribus,
811 2055 883 2110 et
953 2044 1366 2113 brevioribus
1433 2042 1693 2134 gladiis,
1735 2042 1848 2111 sed
1892 2047 2107 2110 acutis
2149 2057 2296 2110 ute-

94 2162 378 2230 bantur.
422 2162 687 2250 Dispari
732 2164 962 2250 itaque
1018 2170 1352 2228 armorum
1425 2172 1750 2251 apparatu
1815 2183 1970 2226 cum
2037 2163 2296 2249 equites

88 2278 385 2348 Romani
428 2301 467 2344 e
510 2276 680 2350 colle
708 2280 1037 2367 impetum
1069 2273 1400 2354 fecissent,
1429 2276 1613 2344 Galli
1642 2275 1803 2358 fusi,
1833 2275 2297 2367 profligatique

93 2390 314 2461 fuere.
367 2391 579 2462 Caesa
636 2405 792 2459 sunt
857 2394 928 2459 in
996 2415 1075 2458 eo
1143 2390 1457 2458 conflictu
1513 2392 1808 2460 hostium
1855 2391 2296 2481 quadraginta

93 2506 366 2587 millia,
395 2505 623 2576 decem
670 2505 885 2576 millia
923 2529 1078 2572 cum
1123 2527 1278 2595 rege
1330 2507 1768 2596 Congolitano
1816 2521 2045 2597 capta3
2097 2531 2302 2596 equo-

93 2647 253 2692 rum
296 2623 605 2691 celeritas
649 2625 903 2712 equites
925 2646 994 2691 se
1026 2621 1223 2711 fugae
1255 2627 1744 2691 committentes
1773 2628 2080 2691 servavit.
2108 2623 2300 2690 Alter

98 2738 457 2809 Gallorum
501 2763 620 2807 rex
662 2740 1072 2820 Aneroestes,
1119 2762 1283 2806 cum
1330 2741 1400 2806 in
1433 2744 1877 2830 propinquum
1912 2739 2134 2816 locum
2193 2737 2302 2805 fu-

100 2859 333 2945 gisset,
374 2880 508 2925 non
553 2855 770 2923 multo
817 2867 968 2945 post
1043 2855 1287 2924 doloris
1344 2870 1651 2945 acceptae
1702 2854 1905 2922 cladis
1948 2856 2300 2943 impatiens

95 2971 233 3040 sibi
256 2982 535 3038 mortem
565 2972 907 3040 conscivit.
940 2966 1253 3038 AEmilius
1283 2994 1355 3036 re
1385 2968 1673 3036 feliciter
1704 2981 1994 3058 peracta,
2024 2968 2299 3057 reliquis

96 3086 340 3177 spoliis
394 3086 680 3154 Romam
737 3090 1153 3167 transmissis,
1226 3085 1536 3175 praedam
1603 3086 1908 3154 abactam
1978 3085 2301 3175 prioribus

96 3205 399 3274 dominis
443 3206 756 3272 restituit.
800 3203 964 3271 Inde
1010 3227 1167 3270 cum
1217 3204 1528 3272 omnibus
1569 3206 1770 3294 copiis
1814 3227 1927 3293 per
1958 3203 2299 3293 Liguriam

104 3324 172 3388 in
219 3332 530 3390 nostrum
575 3343 808 3409 agrum
853 3318 1214 3410 profectus,
1259 3321 1514 3387 crebris
1566 3320 2048 3388 incursionibus
2091 3343 2303 3410 popu-

96 3435 472 3518 labundus,
515 3438 778 3503 nemine
822 3436 1152 3517 obstante,
1196 3438 1421 3505 omnia
1465 3436 1764 3526 diripuit.
1798 3438 1971 3505 Hinc
2016 3436 2300 3505 domum

102 3577 430 3637 reversus,
478 3556 776 3644 specioso
824 3564 974 3620 acto
1047 3553 1417 3642 triumpho,
1481 3550 1891 3641 fulgentibus
1945 3556 2143 3621 armis
2185 3575 2305 3619 au·-

104 3674 369 3763 reisque
417 3669 765 3761 torquibus
806 3667 1218 3758 Capitolium
1268 3670 1637 3737 exornavit.
1681 3669 2074 3745 Juraverant
2101 3672 2171 3736 in
2219 3691 2302 3735 ea

105 3787 535 3878 expeditione
582 3786 893 3856 obeunda
939 3784 1150 3866 Galli,
1211 3810 1342 3854 non
1397 3788 1577 3876 prius
1618 3784 1890 3853 baltbea
1931 3809 2000 3853 se
2042 3786 2300 3875 deposi-

106 3913 318 3984 turos,
362 3924 583 3994 quam
630 3900 1043 3991 Capitolium
1084 3904 1472 3981 intrassent3
1516 3901 1608 3969 ob
1650 3901 1720 3967 id
1747 3900 2059 3968 AEmilius
2087 3903 2298 3968 victos

106 4038 219 4105 per
260 4019 704 4108 ignominiam
750 4019 822 4085 in
867 4017 1205 4107 Capitolio
1251 4015 1593 4086 discinxit.
1639 4016 1834 4100 Quod
1861 4040 1982 4085 suo
2026 4037 2299 4106 quoque

109 4131 311 4202 Esrti
372 4133 462 4201 de
524 4133 835 4205 Romano
913 4134 1127 4205 milite
1202 4156 1481 4204 aureum
1552 4144 1856 4225 torquem
1916 4133 2304 4201 Aneroestes
