2950 5017
900 402 1098 448 amaa
1142 387 1440 457 Quantis
2137 385 2267 451 225

49 522 424 595 rollenum
454 519 723 590 Giberti
769 518 981 591 affinis
1025 534 1256 591 auctor
1296 520 1499 597 fuisse
1541 519 1830 588 creditur
1844 568 1863 586 .
1911 520 2274 589 Canussio-

56 667 194 710 rum
226 646 446 711 etiam
475 643 680 708 aedes
725 641 869 708 solo
912 662 1201 729 aequare
1231 639 1575 724 volebant,
1609 642 1730 706 sed
1771 642 1847 706 id
1869 637 2275 706 Matthaeus

57 763 416 849 Corrigius
474 757 829 849 prohibuit
840 806 867 842 ,
913 760 1043 847 qui'
1085 762 1158 823 in
1210 780 1427 825 muros
1477 759 1904 824 saeviendum
1949 779 2087 825 non
2122 779 2275 824 ‘esse

53 876 355 945 dicebat.
403 874 633 942 Rebus
674 877 774 940 ita
817 876 1198 964 compositis
1227 874 1593 963 ‘Regiensea
1637 873 2004 940 Bononiam
2051 895 2274 940 mense

51 990 401 1059 februario
474 992 762 1068 comitiis
831 988 1137 1071 indictis,
1183 1012 1343 1056 cum
1405 989 1551 1075 ejus
1616 988 1800 1055 urhis
1855 989 2112 1056 civibus
2136 1040 2154 1069 ,
2200 1011 2280 1055 ac
2356 1056 2359 1059 ,

54 1107 600 1187 Mutinensibus,
656 1106 1119 1197 Brixianiaque
1178 1117 1250 1173 et
1293 1106 1758 1173 Parmensibus
1821 1104 1906 1171 de
1975 1105 2278 1173 Atestino

57 1227 275 1290 etiam
320 1225 624 1291 Ferraria
645 1273 665 1304 ,
707 1247 915 1312 qnam
971 1223 1177 1320 panio
1250 1234 1405 1290 ante
1472 1234 2008 1312 recuperaverat,
2053 1222 2282 1313 expel-

60 1338 262 1409 lendo
291 1335 539 1427 foedus
583 1342 900 1407 inierunt.
947 1338 1336 1407 Gulielmus
1369 1363 1523 1406 vero
1557 1338 1960 1419 Cannssius,
2004 1350 2077 1403 et
2119 1340 2282 1405 socii

62 1454 146 1521 de
216 1478 301 1523 eo
371 1455 783 1524 restituendo
856 1457 1041 1521 anxii
1088 1480 1222 1522 non
1271 1455 1602 1522 modicam
1652 1454 1949 1521 rnilitum
2000 1477 2280 1520 manum

71 1584 571 1639 contraxerant.
618 1571 800 1638 Inter
831 1570 995 1639 alios
1026 1571 1417 1639 Albertinus
1450 1572 1836 1661 occupando
1868 1572 1958 1638 D.
1984 1571 2283 1661 Prosperi

75 1688 394 1758 coenobio
461 1691 796 1769 intentus,
862 1713 997 1756 non
1030 1680 1661 1773 ⁴contemnendum·
1699 1692 1954 1779 patriae
2023 1687 2282 1770 bellum

71 1801 317 1872 inferre
359 1804 742 1894 cogitabat:
799 1807 923 1872 sed
972 1807 1123 1893 ejus
1171 1819 1455 1873 conatus
1490 1809 1868 1895 prudenter
1916 1807 2121 1873 elusit
2163 1804 2289 1893 ΑΖ-

78 1921 303 1990 bertus
339 1921 775 1990 Levalossius
820 1898 1230 1990 loct'Abbas
1261 1922 1587 1990 Sacacini
1631 1925 1978 2004 annalium
2031 1927 2289 2010 regien-

73 2041 239 2103 sium
281 2041 554 2127 antiqui
598 2042 949 2127 scriptoris
1000 2018 1238 2125 filius,
1284 2044 1393 2105 vir
1421 2040 1854 2127 praeclarus,
1904 2042 2029 2127 qui
2075 2060 2290 2126 nuper

75 2155 543 2238 ambulacrum,
591 2157 774 2242 quod
812 2179 857 2220 a
903 2148 1355 2222 cubiculorum
1401 2143 1739 2221 ordinibus
1786 2156 2104 2247 utrinque
2151 2158 2286 2220 dis-

71 2275 307 2357 positis
354 2273 810 2365 &unitoriam
853 2273 1061 2359 vulgo
1100 2265 1377 2355 vocant,
1425 2285 1495 2338 et
1540 2272 1764 2338 nobile
1819 2262 2288 2338 monachorum

79 2391 410 2455 comitium
455 2410 607 2455 cum
652 2409 820 2455 novo
868 2386 1209 2455 Abbatum
1265 2389 1570 2476 palatio,
1617 2388 1790 2454 Divi
1835 2386 1952 2475 Ap
1948 2390 2288 2476 polinaris

81 2507 388 2572 sacellum
399 2553 427 2589 ,
464 2507 804 2594 pluraque
848 2507 1004 2571 alia
1038 2510 1109 2570 in
1155 2505 1477 2573 coenobio
1543 2507 1962 2572 condiderat.
2001 2504 2289 2571 ‘Ronchi

73 2622 553 2708 possessiones,
597 2646 766 2711 quas
812 2626 1009 2688 annis
1045 2628 1414 2710 ‘sexagenis
1460 2620 1858 2689 Albertinus
1908 2621 2285 2687 Canussius

86 2753 545 2827 occupaverat,
592 2740 777 2806 libris
821 2738 1321 2807 Bononiesibus
1351 2760 1638 2806 Mocccc
1676 2742 1978 2820 redemit,
2012 2751 2079 2804 et
2109 2740 2285 2804 alias

91 2878 136 2919 a
195 2855 575 2925 Scarabello
644 2858 976 2924 Canussio
1044 2857 1168 2923 sub
1241 2858 1481 2954 Castro
1561 2855 1931 2922 Gualtiroli
2000 2860 2284 2943 recepit.

89 2968 282 3058 Quod
306 2973 664 3040 Folleanos
689 2958 1166 3061 'infestissimos
1196 2973 1421 3039 hostes
1453 2971 1753 3055 haberet,
1789 2976 2021 3038 exiens
2042 2973 2282 3065 plures

90 3102 363 3155 armatos
402 3112 630 3155 secum
659 3091 897 3170 ducere
945 3092 1290 3155 consuevit
1312 3111 1337 3153 .·
1371 3101 1652 3176 praeter
1692 3090 1856 3155 levis
1904 3101 2281 3154 armaturae

91 3208 372 3290 equites,
419 3207 766 3271 duodecim
828 3200 1307 3305 cataphractos
1351 3208 1445 3273 ad
1489 3204 1796 3272 coenobii
1856 3206 2173 3286 tutelam,
2218 3218 2287 3270 et

91 3325 574 3406 quatuordecim
629 3344 939 3389 monacos
985 3323 1212 3390 alebat
1229 3346 1261 3407 ,·
1308 3327 1559 3389 modios
1598 3321 1932 3411 frumenti
1994 3344 2287 3409 nongen-

95 3448 212 3520 tos,
249 3442 567 3527 aliasque
611 3438 1123 3507 innumerabiles
1170 3439 1458 3528 fruges,
1508 3453 1576 3506 et
1623 3439 2076 3531 incredibilem
2136 3443 2285 3504 vini

93 3560 339 3641 copiam
383 3555 792 3643 colligebat:
827 3578 1048 3645 panes
1095 3563 1292 3623 trium
1339 3560 1698 3653 modiorum
1739 3554 2076 3643 frumenti
2145 3559 2282 3619 sin-

97 3674 254 3756 gulis
296 3673 733 3742 hebdomadis
777 3676 1202 3765 pauperibus
1251 3675 1739 3763 elargiebatur,
1785 3696 1868 3739 ac
1913 3693 2173 3759 semper
2212 3675 2286 3736 in

97 3790 396 3858 coenobio
441 3814 656 3859 cxxx
726 3797 908 3860 viros
975 3793 1223 3859 alebat.
1295 3792 1436 3884 §ed
1506 3791 1588 3858 ob
1659 3790 2046 3869 Folleanos,
2117 3809 2286 3876 quos

99 3906 317 3990 ejicere
365 3907 741 3997 cogitabat,
774 3913 1074 3977 recedere
1120 3923 1399 3977 coactus
1432 3922 1627 4005 nocte
1658 3907 2040 3974 Bononiam
2056 3905 2285 3994 fugit,

101 4019 206 4086 ubi
258 4025 346 4092 ab
405 4025 764 4094 Hostiensi
809 4028 1157 4094 Cardinali
1211 4026 1576 4112 Pontificis
1644 4022 1910 4112 Legato
1980 4023 2283 4091 Coronae

105 4139 536 4214 celeberrimae
599 4143 880 4213 Greciae
950 4147 1250 4212 civitatis
1294 4143 1684 4233 Episcopus
1753 4153 2054 4229 creatus,
2114 4149 2278 4227 post

2041 4255 2100 4306 15
