2950 5017
983 429 1177 473 mana
1224 431 1470 475 ramus
2152 443 2163 455 ·
2238 433 2320 501 19,

121 548 487 638 imperavit
532 546 634 613 (¹).
692 543 1046 614 Caeterum
1089 549 1219 615 sub
1262 550 1731 618 Hetruscorum
1777 548 2315 633 Lucumonibus,

114 664 247 734 hoe
304 677 411 732 est
465 660 855 745 Praefectis,
898 676 968 731 et
1011 666 1275 756 regibus
1318 666 1635 748 Thuscis,
1681 666 1940 734 tamdiu
1983 666 2311 755 Tyrrheni

112 784 473 863 vixerunt,
516 780 730 849 donec
773 783 1122 871 repentino
1167 782 1516 853 Gallorum
1561 781 1855 851 adventu
1911 786 2130 873 patrio
2173 784 2312 854 solo

114 898 426 988 expulsi,
455 921 666 966 novas
706 898 832 965 sibi
863 897 1045 966 sedes
1073 922 1382 990 quaerere
1411 902 1627 968 coacti
1655 897 1861 967 fuere.
1907 900 2107 967 Primi
2139 925 2315 970 anno

116 1026 279 1080 ante
332 1013 627 1081 salutem
669 1013 1116 1081 Christianam
1185 1018 1440 1082 circiter
1506 1017 1974 1084 sexcentesimo
1994 1066 2015 1097 ,
2058 1016 2313 1085 Romae

117 1129 492 1220 Tarquinio
538 1130 755 1199 Prisco
797 1144 1142 1220 regnante,
1187 1132 1513 1221 Bituriges
1531 1183 1550 1211 ,
1593 1132 1903 1213 Arverni,
1946 1128 2152 1223 atque
2199 1133 2315 1199 alii

119 1243 469 1314 Celtarum
500 1244 759 1336 populi,
782 1245 1068 1336 Alpibus
1097 1249 1445 1337 superatis,
1477 1250 1550 1315 in
1579 1246 1875 1329 Italiam,
1896 1258 1977 1313 ut
2000 1249 2230 1315 Livius
2245 1251 2314 1315 (ἢ)

114 1360 369 1449 prodit,
399 1359 492 1428 ob
537 1359 708 1427 hanc
739 1383 1007 1427 causam
1041 1360 1550 1429 descenderunt.
1580 1361 1813 1444 Celtis,
1841 1385 2020 1452 quae
2049 1362 2313 1429 Galliae

118 1479 319 1543 tertia
367 1499 525 1566 pars
568 1473 729 1557 fuit,
774 1501 861 1543 ex
902 1476 1314 1567 Biturigibus
1340 1478 1739 1568 Ambigatus
1765 1482 2021 1547 virtute
2064 1491 2137 1545 et
2179 1477 2312 1548 for-

118 1605 283 1660 tuna
326 1604 568 1682 potens
612 1594 1009 1682 imperabat,
1037 1597 1156 1683 qui
1188 1617 1343 1660 cum
1375 1596 1771 1662 immensam
1803 1594 2313 1663 multitudinem

116 1707 475 1777 hominum
519 1731 736 1799 regere
781 1733 913 1778 non
960 1722 1213 1799 posset,
1258 1710 1457 1807 turba
1514 1723 1981 1800 praegravante
2032 1734 2315 1801 regnum

120 1848 473 1894 &onerare
514 1828 814 1917 cupiens,
845 1825 1288 1907 Bellovesum,
1316 1839 1386 1894 et
1416 1826 1805 1917 Sigovesum
1851 1850 2007 1895 cum
2054 1833 2316 1919 magnis

124 1945 436 2033 equitum
483 1943 928 2034 peditumque
985 1946 1188 2034 copiis
1251 1943 1337 2011 ad
1402 1968 1608 2013 novas
1675 1945 1861 2011 sedes
1911 1946 2319 2034 quaerendas

112 2063 351 2130 mittit.
396 2059 712 2151 Sigoveso
753 2071 927 2130 sorte
978 2062 1335 2150 Hercyneis
1377 2061 1657 2129 saltibus
1708 2062 1913 2142 datis,
1944 2062 2299 2130 Belovesus

116 2175 326 2254 Julias
370 2163 816 2267 transgressus
859 2176 1098 2268 Alpes,
1137 2202 1179 2243 a
1222 2180 1483 2245 nemine
1537 2177 1790 2258 adhuc,
1838 2180 1964 2244 nisi
2011 2175 2179 2246 forte
2223 2178 2312 2243 ab

116 2291 447 2374 Hercule,
494 2295 550 2359 si
606 2290 856 2360 fabulis
916 2292 1241 2359 credimus
1278 2292 1378 2374 (3),
1445 2305 1829 2383 superatas,
1871 2294 1942 2358 in
1988 2292 2314 2360 Taurinos

120 2406 501 2489 descendit,
546 2407 962 2499 Thuscisque
1005 2408 1189 2475 haud
1234 2408 1464 2499 procul
1508 2409 1742 2477 Ticino
1786 2408 2062 2475 flumine
2114 2406 2312 2489 fusis,

118 2526 237 2612 qui
286 2524 572 2592 Doriam
640 2524 998 2604 tenebant,
1052 2546 1285 2613 agrum
1351 2523 1623 2590 cuidam
1684 2523 2074 2591 Heduorum
2141 2545 2314 2612 pago

120 2637 382 2705 Insubri
404 2636 594 2706 dicto
622 2641 1086 2728 cognominem
1117 2662 1252 2705 esse
1283 2638 1562 2719 audivit,
1587 2651 1657 2704 et
1684 2638 2030 2705 Insubrem
2062 2640 2308 2705 vocari.

120 2751 333 2822 Omen
378 2755 599 2821 secuti
629 2753 838 2835 Galli,
871 2754 1035 2822 urbe
1063 2753 1437 2823 Mediolano
1483 2754 1773 2832 condita,
1806 2754 1901 2819 ibi
1935 2752 2304 2820 consedere.

126 2865 253 2934 Sed
297 2868 505 2936 aliam
547 2892 778 2937 eorum
823 2869 1146 2938 adventus
1188 2893 1455 2936 causam
1502 2872 1571 2935 in
1616 2868 1906 2946 Italiam,
1936 2890 2141 2958 quam
2189 2890 2309 2933 nec

126 2981 360 3053 Livius
400 2984 765 3075 improbat,
840 2984 1234 3053 Plutarchus
1273 2983 1338 3050 ‹4›
1389 2984 1620 3051 tradit.
1665 2983 1884 3049 Arnus
1927 2982 2311 3070 Tyrrhenus

126 3102 311 3167 vitae
376 3102 716 3192 splendore
782 3113 851 3168 et
916 3114 1158 3170 natura
1223 3101 1815 3192 praestantissimus
1844 3150 1864 3180 ,
1916 3099 2310 3168 nobilissimi

122 3219 349 3305 pueri,
414 3221 536 3307 qui
604 3216 915 3287 Lucumo
959 3218 1352 3301 vocabatur,
1415 3220 1486 3285 in
1530 3217 1738 3285 Doria
1781 3215 1960 3305 apud
2003 3215 2313 3281 Insubres

120 3331 405 3399 tutelam
436 3345 752 3423 gesserat.
798 3333 1102 3423 Pupillus
1144 3358 1187 3401 a
1227 3337 1444 3425 prima
1488 3335 1771 3424 pueritia
1800 3331 1978 3421 apud
2016 3344 2305 3399 tutorem

121 3446 483 3531 educatus,
525 3434 693 3516 cum
732 3449 1156 3531 adolevisset,
1198 3449 1564 3519 domestica
1629 3446 2103 3517 consuetudine
2154 3451 2314 3512 irre·

122 3567 283 3636 titus
314 3615 340 3649 ,
397 3566 681 3635 Aruntis
745 3591 1032 3637 uxorem
1102 3566 1605 3659 flagrantissime
1656 3566 1978 3656 deperiit:
2044 3563 2317 3630 demum

192 3877 273 3946 (ι)
307 3874 450 3927 rna.
482 3875 576 3928 ub.
612 3875 666 3944 3,
695 3893 740 3929 e.
772 3875 920 3944 4111
951 3884 1082 3949 pou.
1107 3876 1220 3931 eat.
1251 3855 1680 3947 orig.1ih.cajn⁸
1700 3874 1978 3944 Scupi-«10
1999 3871 2183 3926 nucib.
2205 3870 2322 3925 ιω,

192 3969 272 4036 (2)
302 3967 426 4020 Lib.
461 3968 514 4036 ⁵,
547 3967 735 4022 Dema.
768 3986 816 4022 ι.
2231 3957 2236 3962 ’

195 4059 281 4132 (3)
314 4060 455 4114 σω,
488 4062 583 4113 m..
616 4062 700 4129 24.

198 4151 280 4220 (⁴)
312 4152 383 4210 ιι
415 4152 658 4209 mama
