2950 5017
621 407 758 497 416
1362 426 1605 472 numm
1647 423 2072 473 anonumum

757 546 894 616 Sed
937 557 1016 615 ut
1060 544 1145 614 ad
1188 544 1569 616 Morottum
1612 558 2053 628 revertamur,
2095 546 2154 614 is
2194 546 2268 613 in
2309 544 2566 614 harum
2598 544 2845 616 dissen-

620 667 888 734 sionum
934 665 1130 732 initio
1174 662 1394 731 Bebiis
1439 665 1744 754 impense
1798 660 2006 731 favit:
2051 685 2214 729 cum
2242 645 2423 733 'vero
2480 686 2520 729 a
2568 662 2846 733 Bartho-

620 781 886 851 lomaeo
931 779 1237 850 Valestro
1297 804 1530 850 eorum
1580 781 1823 848 cliente
1877 779 2215 850 discedere
2267 783 2598 870 coepisset
2616 830 2638 861 ,
2689 804 2841 847 cum

616 897 775 989 ipsis
827 921 1102 988 quoque
1168 920 1484 988 magnam
1550 897 1968 964 simultatem
2039 900 2365 964 exercuit.
2411 898 2659 981 Quare
2696 897 2839 963 Hie-

622 1037 945 1103 ronymus
1010 1013 1256 1083 Bebius
1323 1017 1396 1082 in
1462 1014 1696 1105 primis
1763 1025 2104 1105 potentem
2173 1015 2529 1082 inimicum
2552 1064 2578 1096 ,
2648 1037 2839 1104 quem

617 1131 974 1217 cujusdam
1008 1130 1437 1220 Carpinetani
1483 1131 1722 1199 inditio
1767 1131 1840 1198 in
1885 1130 2168 1198 aedibus
2198 1129 2421 1206 solum
2455 1143 2835 1220 pernoctare

616 1246 971 1329 didicerat,
1014 1246 1099 1314 de
1152 1247 1378 1315 medio
1447 1245 1829 1315 tollendum
1895 1270 2034 1314 esse
2100 1250 2387 1314 censuit.
2433 1246 2689 1337 Itaque
2729 1270 2839 1313 un·

615 1362 834 1430 decim
876 1366 1068 1434 sociis
1111 1364 1239 1430 sibi
1283 1362 1621 1451 adjunctis
1664 1364 2072 1454 intempesta
2115 1374 2316 1431 nocte
2360 1365 2434 1429 in
2481 1365 2704 1454 ipsius
2734 1362 2838 1431 do-

618 1478 949 1547 micilium
991 1481 1325 1570 irrumpit.
1371 1478 1708 1548 Morottus
1754 1480 1839 1546 ad
1885 1481 2241 1570 strepitum
2298 1478 2837 1574 expergefactus,

619 1608 702 1662 ut
763 1594 1030 1678 hostes,
1073 1619 1240 1686 quos
1294 1595 1519 1684 adesse
1571 1578 1898 1678 senserat,
1944 1594 2303 1685 paululum
2365 1608 2841 1676 remoraretur,

618 1713 917 1781 cubiculi
979 1716 1150 1784 ostio
1213 1712 1468 1781 firmius
1532 1715 1836 1794 munito,
1879 1736 1968 1781 ex
2013 1710 2304 1781 fenestra
2355 1711 2441 1779 ad
2502 1710 2839 1779 ferendam

617 1830 746 1898 sibi
790 1853 987 1921 opem
1034 1831 1334 1899 vicinum
1379 1843 1600 1898 vocat.
1647 1831 1901 1897 Ferunt
1955 1853 2151 1911 eum,
2197 1841 2282 1897 ut
2334 1827 2840 1920 perterrefactos

620 1948 928 2015 inimicos
993 1946 1197 2015 verbo
1261 1948 1336 2013 in
1402 1943 1635 2037 fugam
1682 1941 2011 2029 verteret,
2052 1945 2260 2014 semel
2322 1958 2534 2037 atque
2609 1949 2838 2014 iterum

627 2059 988 2127 auxilium·
1026 2060 1414 2130 accersendo
1467 2063 1770 2129 vicinum
1827 2060 2220 2130 inclamasse
2294 2074 2378 2131 ut
2429 2075 2837 2152 properaret,

627 2174 812 2265 quod
856 2198 1104 2265 paucos
1147 2189 1318 2246 esset
1361 2180 1795 2259 inventurus}
1838 2177 1952 2245 sed
1995 2182 2306 2246 veniente
2354 2181 2668 2261 nemine,
2696 2201 2837 2244 cum

574 2290 755 2372 ,sibi
822 2316 966 2361 sero
1029 2271 1371 2361 subveniri
1426 2296 1722 2377 timeret,
1767 2293 2085 2386 crepidini
2144 2293 2471 2363 fenestrae
2528 2294 2836 2362 manibus

622 2413 959 2500 appensis,
1001 2414 1247 2479 sensim
1293 2435 1364 2479 se
1407 2414 1476 2479 in
1525 2410 1746 2481 solum
1794 2412 2096 2488 demisitt
2143 2413 2299 2480 inde
2338 2435 2457 2503 per
2488 2412 2838 2481 obscuram

620 2527 872 2595 vallem
916 2525 1200 2618 fugiens¹
1220 2528 1516 2597 hostium
1564 2553 1802 2600 manus
1847 2532 2082 2600 evasit.
2130 2525 2386 2598 Verum
2431 2541 2517 2597 ut
2559 2541 2715 2598 erat
2752 2533 2838 2597 in-
2920 2523 2921 2566 ³

623 2648 820 2737 genio
868 2660 1140 2729 acutus,
1183 2670 1254 2715 se
1301 2648 1389 2715 ab
1434 2648 1666 2738 aliquo
1710 2648 2018 2739 populari
2070 2671 2194 2718 suo
2247 2647 2597 2738 proditum
2645 2646 2838 2716 fuisse

624 2766 999 2855 suspicatus
1046 2764 1228 2855 quod
1273 2763 1625 2856 longinqui
1667 2765 1969 2835 homines
2012 2768 2152 2834 sine
2195 2759 2416 2833 indice
2459 2768 2643 2834 vitae
2685 2788 2838 2834 suae

619 2880 1172 2949 consuetudinem
1242 2906 1429 2950 nosse
1499 2906 1632 2951 non
1694 2895 1990 2973 possent,
2034 2893 2301 2951 sontem
2353 2881 2836 2972 deprehendere

619 3001 883 3066 statuit.
930 2999 1235 3067 Plurium
1282 3001 1489 3091 igitur
1533 3024 1650 3070 ora
1693 2999 2213 3091 contemplatus,
2256 3004 2312 3068 si
2361 2997 2539 3069 forte
2585 3004 2832 3068 crimen

620 3114 826 3183 vultu
871 3114 1312 3206 praeferrent,
1343 3141 1504 3185 cum
1536 3118 1900 3208 quemdam
1948 3129 2381 3208 conspectum
2420 3141 2633 3185 suum
2678 3114 2833 3184 refu·

626 3253 814 3322 gere,
860 3256 939 3300 ac
985 3238 1195 3325 magis
1247 3258 1455 3325 quam
1509 3247 1705 3303 antea
1757 3235 2186 3305 reformidare
2237 3232 2831 3312 animadvertisset,

621 3345 899 3416 bomine
946 3350 1443 3439 comprehenso,
1488 3352 1817 3421 horrenda
1875 3376 2040 3422 voce
2092 3350 2552 3419 minabundus
2621 3376 2697 3419 se
2757 3350 2831 3417 ab

619 3466 765 3553 ipso
834 3464 1010 3533 hosti
1076 3467 1442 3534 indicatum
1513 3467 1718 3538 fuisse
1781 3470 1913 3537 sibi
1983 3469 2243 3560 liquido
2300 3481 2605 3537 constare
2651 3469 2825 3534 dixit.

622 3579 751 3648 Ille
793 3579 1052 3648 sceleris
1099 3586 1501 3652 conscientia
1545 3586 1976 3678 perturbatus
2023 3597 2293 3653 mutato
2340 3584 2546 3652 vultu
2592 3588 2826 3651 crimen

621 3696 962 3767 confessus
1028 3699 1324 3790 supplex¹
1361 3705 1544 3770 vitae
1591 3707 1858 3770 veniam
1926 3713 2264 3794 precatur.
2323 3701 2662 3770 Morottus
2717 3698 2827 3767 hac

623 3817 1006 3886 conditione
1053 3818 1310 3890 homini
1356 3823 1701 3910 ignoscere
1746 3824 2073 3913 promisit,
2102 3823 2161 3888 si·
2189 3824 2439 3889 iterum
2472 3820 2827 3912 proditione

625 3931 952 4002 simulata
997 3958 1075 4004 eo
1120 3938 1605 4027 Hieronymum
1650 3939 1972 4007 audaciae
2024 3962 2186 4006 suae
2237 3960 2482 4028 poenas
2525 3937 2824 4004 daturum

623 4051 1035 4142 perduceret.
1082 4054 1246 4121 Fide
1300 4056 1490 4137 data,
1559 4057 1858 4147 proditor
1926 4069 2255 4125 convento
2310 4055 2718 4145 Hieronymo
2773 4053 2820 4119 si

624 4191 846 4262 rursus
902 4170 1337 4261 Carpinetum
1408 4185 1778 4242 revertatur
1810 4157 2214 4245 ⁴Morottum
2282 4170 2481 4244 facile
2547 4171 2813 4263 opprimi
