2950 5017
947 410 1147 456 mssa
1191 411 1434 464 paruus
2193 392 2274 457 25

99 531 260 600 dinis
306 529 600 600 duorum
662 539 731 595 et
797 532 995 596 semis
1043 528 1432 597 utebantur.
1476 528 1673 597 Porro
1719 528 1993 618 grandia
2036 527 2277 596 horum

91 660 281 716 scuta
314 645 521 715 fuisse
544 646 754 712 ‘etiam
784 644 935 711 inde
978 644 1362 731 conjicitur,
1393 644 1573 735 quod
1605 643 1972 711 Octaviano
2001 643 2277 714 Caesare

92 764 270 854 apud
316 762 714 852 Myconium
760 771 1057 828 montem
1101 764 1242 826 sine
1287 762 1575 828 tentorio
1617 758 1759 827 ullo
1812 770 2273 847 pernoctante,

88 901 241 946 cum
294 875 679 946 autumnali
747 887 1037 965 tempore
1104 879 1329 964 ingens
1397 886 1666 942 exortus
1732 876 1943 941 imber
2008 872 2273 954 fuisset,

92 1006 361 1061 scutum
386 993 455 1059 (¹)
477 990 815 1059 Gallicum
852 1013 1047 1080 supra
1069 1014 1224 1057 eum
1257 1003 1397 1059 tota
1426 1003 1619 1062 nocte
1650 992 1946 1078 armigeri
1980 1002 2282 1056 tenuere.
2380 1029 2384 1040 ·

96 1099 285 1178 Unde
328 1112 609 1178 caeteris
661 1107 833 1174 illud
900 1107 1119 1197 clypei
1180 1130 1387 1196 genus
1439 1106 1748 1198 grandius
1799 1104 1994 1171 fuisse
2057 1106 2280 1195 depre-

106 1224 447 1294 henditur.
504 1224 837 1291 Plurimus
904 1245 1057 1291 vero
1121 1235 1266 1288 tum
1334 1225 1407 1321 in
1466 1223 1897 1311 Regiensibus
1949 1244 2099 1309 ager
2149 1222 2277 1288 sub

100 1341 269 1410 Boiis
310 1341 517 1431 sylvis
572 1340 858 1419 obsituS,
926 1351 994 1405 et
1037 1338 1334 1406 incultus
1386 1336 1559 1419 fuit3
1601 1337 1777 1429 quod
1833 1350 1901 1404 et
1956 1337 2277 1417 aliorum,

100 1471 163 1523 et
200 1458 375 1525 Livii
422 1458 805 1523 testimonio
848 1454 1349 1543 comprobatur,
1387 1457 1507 1544 qui
1551 1454 1641 1521 ob
1683 1452 1970 1524 colonias
2001 1452 2280 1522 Cremo-e

102 1595 280 1653 nam,
307 1586 380 1639 et
409 1571 822 1638 Placentiam
869 1574 1095 1637 missas
1125 1594 1166 1636 a
1195 1571 1370 1637 Boiis
1401 1570 1731 1636 Mutinam
1769 1566 2278 1657 confugentibus

102 1687 283 1753 Lucii
324 1686 565 1754 Manlii
607 1685 928 1757 Praetoris
980 1689 1350 1752 exercitum
1419 1689 1488 1751 in
1557 1684 1760 1773 sylvis
1825 1686 2053 1763 inviis,
2106 1707 2276 1772 quae

108 1805 272 1868 circa
311 1804 494 1870 viam
539 1812 770 1880 erant,
813 1799 1140 1890 plerisque
1185 1813 1346 1867 tunc
1394 1799 1490 1865 ibi
1543 1779 2023 1888 squallentibus
2081 1797 2275 1878 lociS,

105 1938 358 1985 mesum
403 1913 600 1983 fuisse
641 1914 867 1983 scribit
887 1916 988 1981 (ηε
1038 1928 1104 1981 et
1137 1913 1298 1980 alibi
1331 1914 1671 1982 deviatum
1703 1912 2072 2001 sylvarum,
2103 1935 2275 2003 quae

104 2035 325 2102 nostris
354 2034 426 2100 in
455 2032 619 2101 locis
641 2029 1016 2121 frequentes
1045 2044 1256 2110 erant,
1278 2033 1534 2120 saepius
1560 2032 1887 2097 meminit.
1911 2029 2051 2097 Nos
2079 2028 2276 2099 hodie

104 2173 358 2241 quoque
403 2149 802 2217 latissimam
868 2146 1098 2218 villam
1145 2171 1186 2213 a
1231 2150 1511 2214 vetustis
1568 2146 1732 2227 illis,
1777 2146 2122 2236 densisque
2165 2171 2276 2214 ne-

106 2268 385 2336 moribus
426 2290 677 2335 nomen
721 2267 1115 2333 retinentem
1149 2263 1495 2330 habemus.
1541 2263 1894 2330 Caeterum
1927 2263 2275 2336 subBoio-

106 2407 240 2451 rum
284 2387 563 2475 imperio
607 2382 908 2473 plurimis
953 2385 1140 2449 annis
1182 2405 1337 2448 cum
1384 2383 1700 2471 proximis
1745 2381 2119 2470 regionibus
2147 2381 2274 2447 Re-

106 2503 339 2591 giones
404 2499 683 2568 fuerunt
710 2547 730 2581 ,
786 2499 993 2567 donec
1060 2501 1213 2588 ipsis
1269 2500 1547 2588 saepius
1613 2497 1862 2587 praelio
1927 2500 2153 2577 victis,
2205 2509 2275 2566 et

108 2618 355 2686 tandem
384 2618 682 2684 subactis
713 2618 1017 2683 universa
1048 2613 1247 2680 Italia
1274 2614 1562 2698 Romani
1605 2626 1761 2681 sunt
1805 2616 2027 2703 potiti.
2074 2614 2271 2680 Anno

107 2738 267 2802 mim
297 2736 386 2802 ab
416 2735 585 2801 urbe
616 2733 884 2802 condita
925 2734 1376 2799 trecentesimo
1416 2734 1819 2821 sexagesimo
1848 2733 2112 2820 quinto,
2138 2752 2272 2819 quo

110 2851 325 2919 urbem
381 2863 650 2942 captam
707 2850 888 2917 Galli
939 2854 1217 2917 victores
1291 2849 1723 2918 incenderunt
1747 2899 1768 2928 ,
1836 2871 1875 2914 a
1941 2848 2022 2913 L.
2068 2848 2270 2914 Furio

110 2964 379 3037 camillo
420 2970 712 3057 primum
756 2965 913 3047 fusi,
954 2971 1198 3034 iterum
1244 2969 1314 3032 in
1364 2988 1522 3053 agro
1566 2963 1830 3030 Albano
1876 2973 2021 3051 post
2066 2984 2270 3029 annos

108 3103 311 3149 unum
371 3096 439 3150 et
500 3086 771 3173 viginti,
823 3081 964 3163 vel,
1017 3093 1097 3149 ut
1148 3080 1471 3170 Polybius
1510 3079 1577 3145 (3)
1629 3076 1923 3158 mavult,
1967 3080 2267 3166 triginta,

106 3219 297 3286 quam
342 3199 497 3266 urbs
537 3210 735 3288 capta
762 3195 1015 3278 fuerat,
1045 3197 1276 3265 eodem
1307 3197 1673 3276 Dictatore,
1701 3192 2029 3284 profligati
2059 3191 2261 3260 fuere.

102 3312 337 3383 Rursus
378 3317 835 3407 quinquennio
879 3325 1033 3404 post
1075 3337 1116 3379 a
1160 3313 1244 3381 Τ.
1290 3314 1605 3397 Quinctio
1649 3313 1870 3382 Poeno
1919 3313 2262 3379 Dictatore

106 3430 179 3495 od
202 3444 517 3522 quartum
546 3431 636 3497 ab
664 3430 829 3498 urbe
857 3430 1144 3521 lapidem
1175 3432 1246 3496 in
1279 3434 1388 3498 via
1417 3428 1670 3496 Salaria
1702 3453 1904 3520 prope
1936 3430 2262 3498 Anienem

20 3633 21 3644 ἵ
104 3542 398 3627 fluvium,
438 3547 566 3613 uhi
611 3545 695 3613 Τ.
724 3545 1050 3624 Manlius,
1089 3544 1291 3613 Gallo
1322 3543 1636 3634 singulari
1668 3547 2026 3612 certamine
2072 3547 2272 3611 inter-

20 3717 21 3734 .
106 3657 295 3745 fecto,
346 3674 419 3729 et
472 3674 708 3754 torque
758 3661 1067 3752 spoliato,
1132 3662 1454 3751 Torquati
1500 3685 1745 3731 nomen
1790 3665 2064 3743 meruit,
2108 3674 2265 3730 sunt

164 3948 243 4016 (r)
274 3946 500 4016 Appiam.
531 3946 623 3998 lib.
657 3947 690 4000 5
722 3946 788 4001 de
818 3947 947 4001 Bou.
983 3946 1121 4001 Gan.

164 4040 238 4105 (a)
265 4040 386 4092 Lib-
415 4040 465 4108 ⁴,
496 4038 605 4093 dee.
638 4040 689 4094 3.

168 4132 243 4202 (3)
272 4132 379 4185 Ubi
409 4150 575 4204 supra.
