2950 5017
829 443 848 451 -
901 413 1114 459 mana
1155 414 1448 470 emmas
2150 401 2278 492 367

46 535 130 604 ned
175 544 471 626 praeter
523 533 919 625 dignitatem
961 537 1254 605 nimium
1298 539 1428 606 arti
1469 539 1773 629 magicae
1812 538 2124 625 traditus,
2152 547 2277 634 qui

46 654 288 743 taepius
336 650 814 719 daemonibus
856 650 1154 743 colloqui
1181 654 1563 737 dicebatur,
1604 669 1675 722 et
1716 678 1827 725 eos
1870 639 2280 751 quandoque

46 770 149 837 sub
181 744 402 837 'senis
463 767 794 835 nauclerii
860 771 1081 863 specie
1146 770 1469 861 cymbam
1534 774 1818 862 regentis
1885 775 1958 842 in
2023 777 2280 866 piscina

46 908 230 977 {uam
278 885 376 954 ad
427 884 708 954 Divum
754 883 1124 953 Claudium
1181 889 1255 955 in
1306 887 1645 956 suburbiis
1697 889 2100 979 praeclaram
2159 891 2279 961 ha·

46 1002 241 1069 behat
286 998 763 1098 familiaribus
801 1002 1161 1070 ostendisse
1206 1000 1444 1072 fertur.
1491 1004 1795 1072 Demum
1847 1029 2046 1075 mane
2100 993 2283 1077 rnor-

46 1131 191 1187 tuus
234 1121 581 1186 inventus
626 1118 715 1184 ab
759 1118 1109 1188 immundo
1154 1122 1395 1210 spiritu
1438 1133 1719 1190 necatus
1750 1119 1955 1191 fuisse
1985 1124 2281 1194 creditus

46 1246 154 1302 est.
197 1233 278 1301 In
325 1233 510 1301 aede
559 1235 799 1320 majori
843 1233 973 1301 sub
1017 1236 1181 1304 Divi
1210 1234 1577 1327 chrysanti
1619 1235 1905 1329 chrypta
1948 1263 2109 1309 cum
2153 1240 2305 1311 hoc'

46 1351 378 1442 epitaphio
432 1350 828 1418 tumulatus
873 1348 1031 1419 fuit.

214 1466 370 1536 H'ic
410 1467 762 1558 Baptista
794 1470 997 1557 jaces
1042 1468 1253 1559 Regii
1295 1471 1687 1561 dignissime
1718 1474 2008 1563 praesul

301 1584 682 1670 Marc-hic,
725 1609 923 1674 quem
964 1591 1209 1674 genuit
1251 1587 1697 1656 Pallavicina
1735 1591 1995 1680 domus.
2076 1647 2081 1651 .

214 1700 579 1770 Floruerit
623 1705 925 1792 quamvis
973 1702 1363 1791 ingentibus
1408 1705 1536 1772 illa
1581 1705 1966 1795 triumphis,

306 1818 569 1887 Laude
590 1832 845 1888 atamen
877 1841 1171 1909 proavos
1217 1834 1287 1888 te
1328 1841 1687 1912 superasse
1711 1821 1985 1913 serunt.

222 1936 459 2008 Rarus
508 1942 588 2004 in
633 1937 789 2006 orbe
814 1936 980 2028 suit·
1016 1942 1136 2027 qai
1180 1951 1247 2008 te
1290 1941 1408 2007 vel
1448 1944 1745 2008 carmine
1777 1952 2021 2030 posset

323 2056 657 2140 Vincere,
700 2058 818 2125 vel
859 2057 1124 2125 calamo
1167 2079 1243 2127 se
1286 2062 1731 2147 aequiparare
1776 2072 1922 2129 tuo·

223 2170 427 2241 Sedis
473 2174 927 2264 Apostolicae
969 2179 1273 2244 meruisti
1316 2178 1542 2244 clarus
1585 2176 1898 2262 honores,

316 2291 421 2360 At
468 2307 600 2362 tua
644 2316 825 2360 nunc
867 2298 1084 2362 virtus
1129 2297 1379 2363 clarior
1418 2308 1605 2363 astra
1649 2298 1842 2364 colit.

73 2425 428 2476 umxvr
474 2432 591 2475 xn
637 2412 798 2477 maii
844 2408 1004 2477 huic
1049 2409 1383 2480 Antonius
1414 2410 1816 2480 Trombetta
1854 2410 2289 2480 Ferrariensis

79 2520 375 2594 suffectus
420 2524 599 2595 fuit.
646 2527 968 2596 Hercules
1014 2549 1169 2598 vero
1214 2552 1374 2597 cum
1418 2531 1749 2619 egregiam
1795 2529 2051 2619 ubique
2095 2524 2289 2594 fratri
2398 2519 2415 2528 ”

80 2660 322 2726 operam
367 2655 770 2734 praestaret,
802 2668 1249 2736 magnamque
1294 2647 1505 2713 animi
1536 2649 1861 2714 virtutem
1907 2643 2291 2712 ostenderet

84 2777 119 2820 a
143 2755 381 2829 Senatu
412 2762 685 2831 Veneto
717 2763 1020 2832 millibus
1055 2763 1558 2855 quadringentis
1603 2761 2051 2852 cataphractis
2097 2745 2291 2852 prae-

87 2867 277 2943 fectus
317 2864 561 2947 contra
604 2878 1023 2948 Florentinos
1067 2879 1251 2970 apud
1294 2877 1789 2946 Ricciardinam
1843 2890 2112 2946 strenue
2166 2901 2294 2968 pu-

86 2993 313 3074 gnavit,
343 2995 466 3062 ubi
499 2993 761 3064 ferreae
806 2994 1065 3085 glandis
1111 3017 1314 3062 aeneo
1359 3004 1696 3062 tormento
1742 2997 2016 3061 emissae
2059 2995 2129 3060 in
2175 3016 2293 3060 ex-

91 3116 279 3176 trema
305 3111 572 3182 dexteri
605 3114 792 3205 pedis
839 3125 1026 3204 parte
1071 3114 1461 3203 gravissimo
1492 3111 1771 3181 vulnere
1801 3123 2075 3203 accepto
2108 3115 2291 3181 vitae

90 3221 411 3299 discrimen
455 3231 694 3300 subiit.
743 3231 877 3299 Sed
921 3231 1187 3300 Borsius
1230 3233 1720 3300 controversiae
1764 3231 2017 3299 arbiter
2062 3211 2285 3298 factus

92 3336 357 3415 Venetos
399 3350 809 3420 Florentinis
854 3348 1265 3432 conciliavit,
1294 3360 1364 3417 et
1393 3347 1784 3430 Herculem,
1814 3347 2010 3435 cujus
2040 3371 2290 3417 nomen

96 3455 156 3523 in
194 3464 451 3549 praeliis
493 3490 802 3560 prospere
847 3469 1044 3558 gestis
1085 3464 1514 3549 inclaruerat,
1542 3467 1807 3557 imperii
1845 3487 2294 3536 successorem

100 3571 310 3666 elegit:
352 3608 480 3652 nec
525 3584 750 3655 multo
795 3596 947 3676 post
999 3608 1244 3677 magno
1286 3597 1617 3676 apparatu
1663 3583 1951 3652 Romam
1997 3582 2297 3650 Paulum

102 3685 160 3754 II
196 3691 579 3772 Pontificem
624 3701 1009 3771 Maximum
1055 3701 1430 3771 salutatum
1499 3697 1837 3793 profectus
1903 3699 1993 3767 ab
2060 3698 2299 3767 eodem

106 3828 183 3874 ex
217 3810 515 3904 Vicat-io,
558 3844 696 3913 quo
746 3823 1020 3892 nomine
1084 3820 1174 3894 ad
1237 3844 1396 3891 eum
1442 3819 1627 3888 ‹liem
1693 3829 1970 3889 vocatus
2037 3814 2295 3899 fuerat,

108 3921 300 4011 gladio
342 3941 686 4009 accinctus
701 3992 723 4023 ,
763 3939 1264 4032 calcaribusque
1332 3952 1405 4008 et
1473 3959 1809 4030 purpureo
1865 3936 2298 4029 praealtoque

111 4041 263 4128 Pssffl
303 4051 496 4127 variis
540 4056 829 4152 pellibus
874 4056 1156 4128 suffulto
1203 4059 1526 4149 acceptis,
1564 4057 2085 4125 Ferrariensium
2128 4052 2299 4122 Dux

112 4160 522 4249 ‘Plendidiore
565 4177 773 4248 titulo
816 4190 917 4247 est
960 4175 1359 4247 declaratus.
1406 4174 1542 4244 Sed
1598 4174 1704 4244 his
1755 4172 2118 4245 honoribus
2160 4194 2299 4241 non
