2950 5017
608 404 745 473 5⁸⁸
1350 414 1594 464 anun
1636 413 2063 462 mmmmm

605 556 785 613 runt.
829 537 1212 631 alphonsu-
1254 535 1586 628 Carpum,
1629 535 1814 627 quod
1860 534 2116 626 Ver-gas
2157 557 2318 606 cnm
2367 534 2838 625 Hispanorum
2901 549 2902 564 ¹

610 658 880 729 cohorte
922 679 1039 748 per
1082 655 1429 724 biennium
1476 656 1765 744 graviter
1807 666 2248 744 oppresserat,
2292 664 2584 720 centum
2633 648 2835 720 milli-

609 775 739 844 bus'
782 794 1136 842 aureorum
1168 795 1210 838 a
1239 769 1521 839 Caesare
1565 771 1765 850 emit,
1794 780 1866 837 et
1892 769 2259 840 Russinum
2306 791 2472 836 cum
2528 770 2836 836 trecentis

603 888 946 983 peditibus
1012 890 1083 956 in
1150 885 1379 979 oppidi
1449 884 1774 976 pracsidio
1839 888 2089 976 posuit.
2144 884 2222 951 Id
2285 888 2358 951 in
2405 882 2692 951 Alberti
2735 883 2831 950 Pii

603 1018 1069 1097 contemptum
1112 999 1375 1072 factum
1404 999 1608 1072 fuisse
1634 1001 2016 1084 dicebatur,
2043 1004 2165 1093 qni
2195 1000 2494 1070 Gallicis
2529 998 2834 1090 partibus

602 1123 933 1204 addictus,
974 1119 1172 1191 velut
1214 1117 1428 1189 laesae
1471 1116 1850 1206 majestatie
1905 1142 2058 1186 reus
2119 1117 2270 1204 ejus
2330 1117 2627 1190 ditionis
2684 1116 2832 1205 jure

602 1238 925 1308 excidisse
951 1235 1295 1325 judicatus
1322 1232 1570 1304 fuerat.
1602 1232 1923 1303 Ceterum
1953 1233 2328 1303 Borbonius
2374 1246 2623 1324 spreto
2656 1236 2836 1330 pacis

602 1352 871 1426 foedere
937 1351 1310 1422 incredibili
1374 1349 1717 1422 celeritate
1770 1350 2060 1420 Romam
2116 1349 2433 1420 traducto
2496 1352 2805 1418 exercitu
2818 1399 2837 1430 ,

601 1472 843 1543 urbem
908 1468 1126 1540 milite
1192 1468 1592 1540 destitutam
1659 1467 1946 1536 invadit.
1991 1467 2362 1535 Dimiserat
2415 1466 2643 1558 paulo
2686 1478 2838 1533 ante

601 1588 917 1659 Clemens
979 1586 1361 1656 detestabili
1428 1587 1713 1654 avaritia
1780 1584 2084 1676 perditus
2150 1584 2290 1653 duo
2352 1583 2836 1653 Helvetiorum

602 1705 858 1789 millia,
908 1718 981 1774 et
1029 1717 1292 1798 septem
1342 1715 1688 1796 spectatae
1743 1706 2015 1773 virtutis
2075 1700 2411 1784 cohortes,
2459 1725 2692 1793 quae,
2731 1725 2837 1770 ex·

605 1828 818 1895 tincto
859 1825 899 1904 J
902 1848 1115 1896 caune
1158 1823 1417 1892 Medica
1460 1822 1667 1904 duce,
1713 1822 1802 1894 ab
1857 1834 2002 1891 atro
2058 1820 2311 1892 vexillo
2356 1824 2602 1911 nigrae
2649 1843 2838 1890 voca-

602 1943 876 2011 bantur.
920 1942 1167 2033 Itaque
1194 1941 1392 2010 solus
1436 1940 1719 2008 Rentius
1775 1939 1975 2008 Ceres
2016 1938 2274 2007 imbelli
2319 1952 2596 2006 armata
2646 1938 2831 2028 plebe

601 2060 896 2150 patriam
941 2061 1117 2125 tueri
1159 2056 1553 2126 conahatur.
1598 2054 1981 2126 Borbonius
2022 2053 2477 2124 tumultuario
2525 2053 2832 2125 hostium

602 2184 934 2265 apparatu
1000 2174 1281 2240 minime
1348 2174 1738 2263 perterritus
1802 2171 1969 2239 dum
2020 2168 2228 2239 scalas
2279 2170 2653 2239 moenibus
2714 2191 2832 2239 sua

603 2314 816 2360 manu
858 2292 1178 2381 apponit,
1236 2288 1563 2382 plumbea
1605 2287 1846 2381 glande
1889 2313 1980 2359 ex
2021 2313 2226 2357 aenea
2270 2288 2505 2356 fistula
2550 2301 2833 2357 extrusa

601 2410 677 2478 in
725 2410 1005 2499 inguine
1037 2407 1361 2495 trajectus
1388 2407 1743 2476 occubuit.
1773 2406 2064 2476 Cadenti
2093 2405 2252 2473 duci
2295 2408 2534 2474 statim
2578 2403 2837 2474 milites

604 2524 1060 2595 Philibertum
1091 2522 1507 2592 Aur-antium
1536 2523 1811 2615 Belgam
1857 2522 2307 2605 suffecerunt3
2350 2522 2509 2615 plus
2551 2522 2838 2591 demum

604 2654 869 2733 septemx
925 2639 1228 2709 millibus
1289 2642 1607 2732 utrinque
1655 2640 2040 2709 desideratis
2105 2644 2178 2709 in
2247 2640 2486 2709 urbem
2553 2642 2837 2709 irruere.

494 2752 515 2764 ‘
604 2758 714 2826 Ibi
746 2759 1084 2828 inusitatis
1118 2756 1437 2825 caedibus
1468 2759 1540 2826 in
1571 2757 1904 2848 cujusque
1935 2757 2179 2827 ordinis
2211 2757 2518 2828 homines
2546 2759 2839 2842 saevire,

604 2874 869 2947 nobiles
921 2886 1260 2946 matronas
1319 2870 1606 2957 violare,
1652 2875 1936 2943 vestales
1999 2877 2286 2966 turpiter
2353 2885 2835 2965 constuprare,

603 3016 687 3062 ac
728 3016 844 3084 per
887 3005 1039 3063 octo
1082 2992 1221 3063 dies
1262 3015 1449 3061 sacra
1491 2990 1908 3084 profanaque
1950 2996 2176 3063 omnia
2206 2992 2643 3083 impudenter
2678 2993 2836 3060 diri·

603 3134 787 3204 pere.
832 3111 1284 3202 Hispanorum
1341 3122 1500 3180 ante
1550 3123 1786 3184 omnes·
1834 3109 2264 3201 inexplebilis
2316 3111 2601 3186 avaritia
2661 3109 2831 3193 fuit,

605 3230 729 3318 qui
756 3227 923 3306 Julii
950 3225 1290 3298 Pontificis
1331 3229 1476 3316 jam
1521 3224 1742 3295 multa
1784 3229 1960 3298 carie
2000 3240 2478 3318 consumptum
2512 3227 2831 3309 cadaver,

606 3356 692 3412 ut
734 3344 943 3414 anulo
986 3345 1346 3436 spoliarent
1365 3396 1385 3427 ,
1428 3344 1784 3437 sepulchro
1849 3344 2195 3414 extrahere
2261 3370 2395 3415 non
2462 3345 2831 3415 exhorrue-

609 3474 794 3531 runt.
840 3461 1159 3530 Pontifex
1216 3466 1287 3531 in
1355 3487 1505 3531 arec
1548 3464 1875 3546 obsessus,
1919 3487 2081 3532 eum
2124 3463 2211 3531 ad
2255 3486 2408 3535 eam
2450 3462 2833 3535 deficientis

607 3590 1023 3654 commeatus
1067 3588 1428 3668 egestatem
1472 3583 1912 3670 pervenisset,
1978 3592 2060 3648 ut
2126 3582 2383 3649 asinina
2449 3602 2658 3649 carne
2712 3604 2829 3672 pro

609 3700 964 3789 exquisitis
998 3694 1230 3787 epulis
1275 3708 1644 3766 vesceretur
1661 3748 1683 3781 ,
1728 3698 1999 3767 arbitrio
2043 3700 2378 3768 victorum
2422 3721 2492 3766 se
2538 3698 2826 3766 dedidit.

744 3814 1167 3905 Alphonsus,
1214 3813 1333 3881 uhi
1377 3813 1745 3884 Clementis
1801 3838 2032 3883 casum
2094 3814 2387 3897 audivit,
2439 3840 2528 3883 ne
2591 3840 2829 3908 oppor-

609 3945 848 4000 tunam
894 3932 1391 4022 benegerendae
1442 3936 1539 4001 rei
1591 3936 2003 4003 occasionem
2061 3935 2621 4023 pretermitteret,
2663 3936 2830 4004 reci·

607 4051 891 4141 piendae
919 4049 1225 4118 Mutinae
1254 4054 1559 4120 animum
1603 4052 1917 4120 intendit.
1949 4051 2198 4143 Magna
2224 4054 2457 4143 itaque
2490 4052 2824 4143 peditum,

609 4170 1056 4260 equitumque
1101 4178 1331 4239 coacta
1376 4191 1620 4251 manu,
1664 4181 1732 4238 et
1776 4169 2032 4240 eductis
2060 4170 2289 4260 copiis,
2317 4191 2495 4261 quae
2525 4172 2602 4240 in
2633 4169 2817 4261 Regii
