2950 5017
732 391 857 468 156
1461 411 1697 458 mun
1738 411 2154 458 nonnarum

716 535 854 605 alia
914 531 1295 621 hujusmodi
1357 543 1650 601 mensu-a
1717 531 2018 602 aderant.
2063 531 2306 602 Forma
2355 532 2568 600 etiam
2615 527 2903 625 egregii·

718 649 975 742 puellas
1039 649 1129 717 ab
1190 646 1511 716 eunuchis
1574 644 1932 717 custoditas
1993 649 2065 715 in
2134 655 2409 716 amoeno
2476 646 2751 737 palatio
2822 647 2901 716 ad

715 765 1115 858 explendam
1156 763 1502 832 libidinem
1545 763 1909 832 Friderieus
1963 761 2318 831 incluserat
2330 789 2351 844 ;
2414 766 2533 853 qui
2608 787 2785 831 cum
2846 766 2904 833 vi

717 880 954 949 urbem
995 883 1143 971 oapi
1170 901 1356 971 posse
1383 879 1779 970 desperaret,
1806 879 2256 948 circumclusis
2288 878 2613 962 aditibus,
2644 878 2901 947 tamdiu

719 996 1016 1066 obsidere
1039 999 1424 1078 constituit,
1451 996 1660 1066 donee
1692 994 1873 1064 fame
1900 994 2229 1065 domitam
2258 998 2598 1086 reciperet.
2646 995 2902 1064 Interea

718 1112 1010 1194 Brixilli,
1052 1111 1174 1179 ubi
1215 1112 1534 1205 oppidum
1600 1124 1832 1203 postea
1891 1125 1992 1181 est
2052 1109 2504 1193 aedificatum,
2543 1110 2897 1202 reliq-uias,

717 1251 896 1319 quae
960 1252 1047 1297 ex
1110 1230 1550 1318 superioribus
1612 1232 1823 1298 ruinis
1886 1241 2305 1319 supererant,
2354 1227 2495 1297 solo
2557 1230 2895 1319 aequavit.

716 1345 1061 1415 Borettum
1077 1396 1098 1426 ‚
1141 1343 1686 1416 Guardastallum
1699 1395 1720 1427 ,
1764 1356 1970 1437 atque
2015 1347 2239 1415 omnia
2291 1345 2766 1412 Parmensium
2808 1366 2898 1411 ea·

715 1475 885 1544 stra,
929 1475 1184 1553 praeter
1205 1457 1636 1544 Colarnum,
1680 1461 1872 1533 foede
1920 1468 2249 1544 vastavit3
2292 1483 2764 1552 quoscumque
2804 1457 2898 1527 ad-

716 1579 940 1648 versae
1012 1576 1320 1648 factionis
1395 1577 1700 1647 homines
1770 1601 2003 1671 capere
2073 1590 2331 1670 poterat
2397 1589 2552 1645 ante
2622 1577 2896 1644 Parmae

716 1699 982 1766 moenia
1023 1694 1304 1763 barbara
1349 1694 1745 1762 crudelitate
1788 1685 2149 1778 trucidare,
2193 1694 2359 1764 alios
2403 1691 2752 1760 fulminali
2795 1691 2896 1759 ba-

713 1811 867 1879 lista
925 1814 997 1879 in
1057 1836 1272 1880 aerem
1316 1812 1613 1880 sublatos
1680 1813 1855 1878 intra
1917 1811 2213 1890 hostium
2281 1809 2515 1877 urbem
2582 1805 2897 1896 jaculari,

714 1924 1000 1996 feminas
1046 1925 1136 1996 ad
1177 1925 1524 1996 infamiam
1567 1926 2050 1997 Germanorum
2091 1940 2209 1995 aut
2239 1925 2729 1996 Saracenorum
2772 1935 2897 1992 stu-

713 2065 836 2133 pro
897 2043 1216 2133 flagitiose
1283 2043 1606 2131 subiicere
1622 2093 1641 2111 .
1696 2043 1809 2112 Ab
1862 2043 1994 2110 alia
2060 2053 2250 2133 parte
2313 2042 2550 2113 Bosius
2594 2063 2643 2108 a
2688 2041 2895 2111 Doara

715 2159 1174 2228 Cremonensis
1215 2160 1406 2251 Regii
1452 2161 1720 2229 Praetor
1762 2183 1881 2251 pro
1926 2159 2128 2229 Entio
2172 2158 2469 2227 Caesaris
2525 2156 2676 2227 filio
2733 2153 2895 2250 apud

713 2276 1137 2344 Guastallam
1193 2299 1348 2344 cum
1401 2276 1591 2343 mille
1648 2275 2022 2367 peditibus,
2067 2289 2137 2343 et
2178 2275 2477 2343 ducentis
2527 2274 2892 2363 equitibus,

714 2394 836 2482 qui
900 2415 1020 2481 pro
1085 2391 1270 2459 urbis
1312 2403 1576 2460 nostrae
1638 2391 1964 2482 praesidio
2033 2413 2168 2459 esse
2233 2399 2754 2470 consueverant,
2795 2410 2895 2479 per

716 2506 884 2575 duos
958 2530 1214 2575 menses
1251 2506 1526 2574 ‘iisdem
1601 2506 1833 2574 diebus
1907 2503 2576 2574 castramentabatur.
2648 2503 2893 2571 Interea

713 2622 1063 2690 Atestinus
1126 2622 1544 2703 Mantuanis,
1609 2621 2172 2701 Bononiensibus,
2229 2618 2636 2701 vicentinis,
2703 2631 2896 2709 atque

716 2737 864 2806 aliis
894 2762 982 2805 ex
1012 2737 1316 2805 finitimis
1358 2739 1668 2827 gentibus
1697 2737 2027 2805 militibus
2057 2736 2331 2816 coactis,
2363 2724 2667 2825 pontem,
2694 2757 2895 2826 quem

715 2855 893 2945 apud
936 2854 1294 2921 Brixillum
1337 2877 1535 2943 supra
1577 2852 1946 2921 Eridanum
1975 2851 2217 2921 Caesar
2255 2849 2750 2933 aedificaverat,
2800 2873 2897 2918 ca-

718 2983 916 3063 ptum
959 2973 1197 3053 diruit,
1243 2994 1323 3038 ae
1368 2970 1592 3039 valido
1641 2971 1961 3061 praesidio
2012 2974 2082 3038 in
2135 2973 2279 3060 ripa
2321 2967 2608 3036 fluminis
2656 2971 2893 3060 posito,

712 3111 1035 3179 magnum
1078 3100 1452 3155 comeatum
1500 3087 1809 3153 Parmam
1864 3088 2263 3166 transmisit3
2305 3085 2421 3153 sed
2462 3081 2741 3165 Entius,
2791 3085 2894 3152 ho-

710 3203 927 3270 stibus
992 3201 1346 3292 profligatis
1367 3250 1387 3281 ,
1429 3199 1647 3269 denuo
1702 3212 1972 3288 pontem
2038 3202 2361 3267 restituit.
2417 3200 2571 3277 Jam
2623 3198 2894 3266 biennio

711 3318 972 3385 obsessa
1000 3317 1241 3383 Parma
1270 3316 1545 3405 penuria
1572 3337 1869 3381 annonae
1902 3316 2322 3404 premebatur
2340 3316 2447 3395 ‹·›;
2479 3337 2689 3405 quam
2716 3312 2895 3381 mille

711 3431 963 3521 pedites
1020 3431 1106 3497 ab
1157 3431 1545 3500 Innocentio
1589 3428 1688 3497 IV
1735 3431 1946 3511 missi,
1991 3443 2059 3496 et
2112 3429 2230 3496 alii
2294 3430 2421 3497 sub
2465 3428 2817 3497 Ricciardo
2862 3450 2897 3493 a

712 3546 959 3616 Sancto
1005 3544 1336 3616 Bonifatio
1381 3546 1740 3615 Veronensi
1783 3546 1949 3613 duce
1992 3558 2296 3627 strenuo,
2340 3548 2451 3612 cui
2498 3555 2731 3635 postea
2784 3546 2895 3611 im·

711 3664 1027 3754 perator-is
1087 3674 1362 3752 captum
1421 3662 1753 3750 palatium
1799 3686 1918 3753 pro
1959 3664 2247 3729 eximiae
2292 3663 2562 3731 virtutis
2607 3662 2893 3751 praemio

712 3790 811 3845 est
854 3779 1217 3858 donatum,
1265 3777 1669 3859 tuebantur3
1724 3775 2035 3848 omnibus
2098 3799 2253 3847 vero
2318 3779 2523 3868 copiis
2586 3773 2896 3868 praefecti

715 3893 1072 3983 Gregorius
1138 3890 1570 3983 Monalongus
1633 3892 2009 3983 pontificius
2086 3891 2342 3983 legatus
2408 3905 2479 3961 et
2542 3891 2892 3984 Philippus

725 4157 754 4184 ·-
791 4142 876 4216 (ι)
907 4137 997 4198 Jo.
1030 4141 1268 4218 villanus
1300 4142 1391 4197 lib.
1419 4135 1590 4212 ’τῃ-ὀ.
1628 4142 1707 4196 35.
