2950 5017
618 301 653 338 b
1203 333 1210 340 .

890 405 1090 452 Lmen
1135 405 1476 455 stemnius
2195 410 2281 478 97

75 526 381 595 ecclesiae
430 538 705 596 nostrae
742 525 1125 616 praefuisse-
1149 533 1452 597 invenio.
1503 530 1609 596 Ita
1655 538 1881 595 autem
1926 528 2105 597 bona
2147 528 2284 597 Re·-

70 644 402 733 giensium
436 639 716 712 fortuna
746 642 906 711 Divi
939 642 1229 713 hominis
1271 645 1648 734 sepulcrum
1692 655 2029 735 repertum
2074 640 2282 711 fuisse

71 758 330 825 dicitur.
382 758 644 825 Diruta
686 781 728 824 a
771 756 1113 826 Saracenis
1152 762 1382 828 Lunae
1427 762 1730 840 civitate,
1775 783 1933 826 cum
1978 760 2279 850 quotidie

74 898 155 940 ex
172 875 544 942 Hetruriae
564 878 694 944 oris
723 898 763 939 a
792 877 1024 965 piratis
1047 875 1347 944 homines
1373 876 1879 957 abducerentur,
1902 876 2281 944 Ludovicus

74 988 227 1056 Pius
270 988 588 1058 finitimis
630 993 946 1081 episcopis
997 994 1387 1081 imperavit,
1421 1005 1501 1059 ut
1539 996 1823 1082 quisque
1867 995 2055 1059 statis
2099 1016 2285 1060 men-

78 1106 259 1173 sibus
298 1130 456 1173 eam
508 1107 744 1174 urbem
791 1119 1109 1176 tueretur.
1141 1108 1543 1197 Apollinaris
1573 1112 1687 1174 cui
1717 1108 2054 1175 custodiae
2085 1111 2279 1175 vicis·

86 1222 301 1291 situdo
344 1223 719 1313 obtigerat,
763 1224 930 1291 dum
997 1248 1078 1292 ea
1142 1224 1290 1294 loca
1335 1224 1727 1315 perlustrat,
1772 1223 1952 1294 forte.
1984 1227 2283 1292 inventas

84 1337 256 1404 beati
294 1338 579 1407 Venerii
627 1339 939 1428 reliquias
981 1340 1349 1407 incredibili
1392 1341 1638 1431 gaudio
1684 1340 1970 1430 Regium
2012 1339 2247 1407 attulit
2261 1392 2280 1422 ‚

90 1466 156 1518 et
192 1454 261 1520 in
302 1454 479 1523 Divi
519 1454 816 1544 Prosperi
860 1455 1179 1524 coenobio
1239 1455 1495 1525 decimo
1553 1455 1872 1524 kalendas
1916 1455 2283 1524 decembris

86 1568 397 1637 condidit.
445 1570 697 1637 Fuerat
722 1568 1048 1639 Venerius
1092 1574 1162 1638 in
1206 1570 1539 1638 Palmaria
1582 1572 1876 1639 Lunensi
1922 1571 2145 1639 insula
2188 1596 2275 1640 ex

100 1682 435 1751 nobilibus
493 1685 877 1774 parentibus
932 1699 1154 1766 ortus,
1196 1688 1317 1775 qui
1339 1736 1360 1767 ,
1405 1685 1723 1775 Gregorio
1768 1688 1800 1753 I
1865 1688 2121 1754 circiter
2167 1710 2282 1754 an·-

97 1819 259 1862 num
302 1821 437 1866 nxc
476 1799 772 1881 sedente,
815 1802 1052 1868 mundi
1096 1800 1340 1874 relictis
1384 1802 1661 1883 deliciis,
1691 1804 1762 1869 in
1792 1801 1972 1892 Tyro
2023 1802 2275 1889 majore

95 1915 216 1998 (ea
254 1926 355 1982 cst
392 1916 615 1983 insula
658 1929 813 1986 octo
859 1917 1163 1984 millibus
1222 1941 1537 2007 passuum
1583 1919 1780 1986 Luna
1824 1919 2118 2007 distans)
2165 1919 2277 1986 sil-

96 2042 362 2097 vestrem
406 2034 618 2101 vitam
651 2033 873 2115 duxit,
902 2033 1258 2124 herbisque
1304 2048 1375 2102 et
1416 2034 1668 2103 vilibus
1711 2037 1926 2124 pomis
1968 2058 2272 2117 vescens,

97 2145 297 2213 multa
353 2148 682 2216 miracula
731 2149 971 2230 edidit3
1025 2162 1094 2216 et
1144 2173 1339 2218 saevo
1384 2150 1704 2232 dracone,
1756 2153 1876 2242 qni
1934 2153 2274 2246 ingentem

99 2260 426 2331 hominum
470 2287 825 2332 numerum
871 2280 1260 2348 necaverat,
1302 2267 1541 2354 ejecto,
1587 2270 1793 2334 etiam
1839 2279 2135 2337 mortuos
2178 2269 2265 2336 ad

99 2379 287 2445 vitam
332 2384 689 2450 revocavit.
735 2381 1034 2451 Tandem
1080 2382 1384 2473 plurimis
1426 2406 1625 2472 supra
1655 2383 2021 2451 humanam
2067 2396 2271 2454 natu-

100 2515 229 2559 ram
267 2499 457 2585 gestis
512 2497 919 2578 illustratus,
963 2497 1187 2566 idibus
1232 2480 1623 2589 septembris
1676 2500 2018 2568 occubuit.
2066 2499 2272 2587 Apol-

104 2605 280 2676 linari
322 2612 568 2681 vitalis
611 2615 682 2681 in
726 2614 908 2682 urbis
977 2628 1238 2683 nostrae
1306 2618 1698 2706 episcopatu
1763 2617 2107 2695 successit,
2151 2616 2272 2703 qui

101 2722 630 2811 Mssenzaticum,
657 2730 853 2816 cujus
884 2755 1073 2823 agros
1116 2730 1537 2800 beneficiario
1568 2732 1712 2818 jure
1742 2744 1967 2821 postea
1998 2732 2272 2820 privatis

108 2846 432 2926 concessit,
493 2860 565 2912 et
629 2847 982 2914 Luzariam
1049 2849 1295 2942 oppida
1362 2872 1402 2915 a
1467 2848 1812 2916 Ludovico
1878 2847 2024 2927 Pio,
2091 2870 2268 2916 anno

102 2973 496 3042 nocenvm,
539 2962 878 3053 Regiensis
933 2962 1247 3031 ecclesiae
1320 2965 1588 3032 nomine
1654 2966 1848 3058 emit.
1909 2961 2265 3030 Caeterum

107 3068 437 3144 lotharius
475 3090 629 3168 post
669 3079 995 3149 Ludovici
1039 3087 1241 3171 patris
1285 3093 1573 3148 mortem
1619 3073 1808 3147 cum'*
1824 3102 2035 3148 annos
2078 3081 2274 3168 quin-

102 3177 289 3256 decim
344 3192 613 3261 Italiam
682 3209 753 3263 et
800 3197 1090 3287 ’Regium
1160 3201 1464 3278 rexisset,
1521 3211 1954 3334 monacorxrm
1999 3208 2270 3284 sumpto

102 3300 335 3389 habitu,
362 3311 708 3384 Ludovico
737 3316 1025 3383 secundo
1071 3321 1294 3405 genito
1325 3316 1562 3384 Italiae
1591 3339 1873 3405 regnum
1916 3317 2270 3390 commisit.

105 3416 232 3490 Post
273 3425 448 3496 hunc
494 3428 776 3499 Carolus
807 3432 941 3512 ΙΙΙ,
986 3448 1422 3522 cognomento
1464 3433 1743 3514 calvus,
1776 3434 2039 3502 duobus
2082 3434 2271 3499 annis
2294 3512 2308 3523 .

109 3537 418 3627 imperavit
438 3595 459 3626 ,
487 3569 528 3612 a
561 3570 697 3637 quo
724 3547 977 3617 Paulus
1020 3564 1243 3618 noster
1287 3554 1563 3619 antistes
1594 3561 1894 3639 emptam
1926 3549 2268 3616 Suzariam

112 3653 356 3729 insulam
429 3662 517 3729 ad
582 3663 839 3732 Padum
893 3690 1095 3757 prope
1163 3669 1516 3735 Luzariam
1585 3669 1888 3757 Regiensi
1954 3666 2268 3734 ecclesiae

111 3776 443 3859 aquisivit.
506 3777 671 3848 Mox
719 3803 874 3848 cum
945 3782 1327 3878 Ludovicus
1380 3782 1633 3850 Balbus
1696 3784 1841 3869 ejus
1904 3781 2083 3848 filius
2148 3804 2268 3847 rex

114 3879 332 3958 Galliae
391 3893 669 3964 biennio
719 3897 1249 3988 Longobardiam
1312 3902 1664 3981 tenuisset,
1720 3911 1949 3991 postea
2008 3901 2262 3978 evenit,

114 4011 179 4065 ¹12
209 4008 448 4078 circiter
493 4036 746 4080 annum
790 4037 1145 4084 noccmx
1177 4017 1444 4085 Italiam
1477 4017 1788 4088 Saraceni
1821 4018 2264 4094 devastarent,

113 4135 246 4202 <1⁰0⁸
282 4124 582 4210 Carolus,
627 4147 1063 4220 cognomento
1108 4134 1382 4204 Crassus
1427 4134 1801 4204 Germanus
1866 4137 1938 4201 in
1991 4131 2258 4199 Italiam

2024 4263 2052 4314 7
