2950 5017
637 424 776 512 49⁸
1383 431 1627 514 annun
1666 427 2091 482 anemurum

637 558 1045 629 deditionem
1072 552 1503 623 ‘I'behnldnm
1533 554 1888 644 compulit,
1919 566 1989 622 et
2017 551 2373 622 castellum
2404 549 2841 623 Gothifredns

639 675 896 745 Sessias
940 676 1309 766 agnationis
1349 673 1501 762 jure
1542 684 1779 764 postea
1817 673 2142 742 obtinuit.
2187 673 2281 739 At
2325 669 2839 763 Valletemporii

641 793 1002 863 latrociniis
1054 792 1301 860 intenti
1368 791 1851 883 impedimenta
1901 790 2248 859 Laurentii
2290 789 2523 880 Cyboi
2571 789 2843 858 Massam

643 910 731 980 ed
791 933 1069 980 uxorem
1121 905 1475 977 deferenda
1525 907 1876 999 diripuere.
1922 906 2277 998 Regienses
2345 929 2510 975 vero
2588 906 2837 974 amitinis

643 1024 945 1095 militum
999 1023 1349 1093 itineribus
1397 1023 1698 1115 quotidie
1723 1021 2168 1092 -Vexabantur
2188 1071 2206 1089 .
2251 1022 2646 1099 Joanuinus
2686 1024 2837 1089 enim

642 1140 931 1211 Medices
973 1143 1094 1232 qui
1137 1139 1343 1232 paulo
1367 1151 1548 1208 ·ante
1588 1161 1745 1208 cum
1791 1137 2067 1208 delectis
2108 1138 2424 1207 ducentis
2476 1137 2841 1228 equitibus,

637 1269 710 1325 et
751 1257 855 1324 bis
899 1256 1085 1324 mille
1137 1255 1475 1348 peditibus
1518 1257 1591 1322 in
1634 1255 2077 1346 Regiensibus
2127 1251 2387 1336 fuerat,
2438 1265 2555 1321 ut*
2576 1266 2731 1321 erat
2769 1251 2847 1321 fe·

637 1376 807 1444 rccis
829 1385 907 1443 et
933 1376 1348 1443 contumacis
1378 1374 1649 1463 ingenii,
1679 1384 1964 1463 agrestes
1993 1371 2295 1442 homines
2326 1373 2536 1441 variis
2568 1370 2844 1458 injuriis,

639 1500 713 1558 et
739 1489 1002 1558 damnis
1041 1491 1279 1558 misere
1324 1486 1592 1557 afflixit.
1637 1487 2050 1557 Placentiam
2095 1487 2370 1556 tandem
2416 1509 2490 1555 se
2533 1486 2846 1570 contulit,

637 1605 755 1676 sed
796 1627 957 1673 cnm
999 1608 1292 1696 petitum
1335 1628 1378 1672 a
1407 1605 1603 1674 Duce
1631 1603 1995 1674 Mediolani
2038 1604 2449 1695 stipendium
2497 1628 2651 1672 non
2693 1604 2849 1673 ohti-

638 1723 926 1807 nuisset,
967 1723 1055 1792 ad
1095 1722 1374 1806 Gallos,
1429 1725 1554 1791 etsi
1605 1745 1647 1792 a
1700 1721 2009 1813 plurimis
2075 1733 2225 1790 tum
2290 1722 2657 1812 equitibus
2720 1733 2849 1788 tum

638 1839 978 1933 peditibus
1005 1840 1329 1922 desertus,
1359 1842 1646 1909 transiit·
1682 1839 1952 1907 Praeter
1983 1840 2395 1929 privatorum
2430 1838 2851 1907 incommoda

639 1956 787 2047 ipsa
829 1959 1037 2024 etiem
1081 1968 1306 2025 nostra
1354 1955 1756 2047 respublica,
1786 1967 1871 2022 ut
1901 1976 2168 2045 rapaces
2208 1953 2461 2021 milites
2506 1965 2848 2034 averteret,

641 2072 872 2163 aliqua
913 2076 1202 2163 pecunia
1239 2096 1474 2142 avaros
1521 2073 1774 2141 ducum
1833 2075 2095 2141 animos
2147 2070 2410 2162 placare
2467 2072 2847 2162 cogebatur.

638 2191 744 2259 Ac
783 2192 957 2258 inter
1000 2190 1163 2260 alios
1204 2191 1495 2269 Ioannes
1535 2189 1931 2282 Gonzagus,
1984 2193 2104 2281 qui
2175 2201 2255 2257 ut
2321 2190 2586 2276 ejectos
2651 2191 2851 2257 Benti-

641 2305 830 2377 volos
874 2306 1254 2388 reduceret,
1298 2329 1457 2374 eum
1512 2321 1811 2398 quatuor
1875 2305 2176 2374 ‘millibus
2243 2304 2613 2375 hominum
2663 2307 2850 2376 Bono-

640 2424 828 2491 niam
887 2419 1258 2514 profectus,
1301 2445 1344 2489 a
1399 2421 1831 2491 Ramaciotto
1852 2473 1873 2503 ,
1914 2435 1986 2490 et
2026 2420 2385 2490 *Gozadinis
2431 2425 2737 2513 turpiter
2772 2448 2854 2490 re-

640 2539 874 2631 pulsus
922 2551 1104 2620 erat,
1148 2563 1283 2607 non
1339 2537 1599 2608 modico
1652 2562 1815 2608 suro
1883 2562 1926 2606 a
1969 2537 2405 2629 Regiensibus
2471 2552 2761 2633 accepto
2792 2540 2850 2607 (¹)

637 2655 959 2739 ffisccssit,
1001 2668 1071 2724 et
1112 2655 1465 2724 Mantuam
1513 2677 1737 2724 versus
1779 2659 1912 2723 iter
1955 2659 2185 2724 vertit.
2302 2679 2317 2702 ³

777 2773 1094 2842 Ceterum
1140 2772 1438 2841 Adriano
1480 2770 1786 2860 Pontifici
1829 2771 2117 2841 Romam
2183 2773 2483 2846 venienti
2554 2776 2854 2841 omnium

639 2890 878 2960 Italiae
906 2892 1283 2983 principum
1312 2889 1517 2982 legati
1551 2889 1970 2980 gratulatum
2004 2892 2436 2960 conveniunt.
2480 2891 2679 2959 Inter
2707 2891 2855 2960 alios

642 3009 959 3078 Hercules
1000 3008 1328 3101 Alphonsi
1371 3008 1664 3076 Atestini
1709 3006 1895 3076 filius
1959 3032 2115 3077 cum
2160 3009 2470 3077 ducentis
2520 3009 2855 3100 peditibus

641 3149 687 3194 ι
727 3131 1004 3217 parente
1048 3128 1286 3194 missus
1330 3124 1616 3216 Regium
1633 3175 1652 3207 ,
1700 3138 1768 3193 et
1813 3125 2148 3195 Mutinam
2206 3126 2405 3194 urbes
2474 3127 2618 3194 sibi
2690 3139 2855 3195 ante-

641 3244 894 3312 riorum
941 3242 1346 3312 Pontificum
1389 3242 1635 3330 injuria
1680 3241 1940 3311 ablatas
1985 3245 2242 3311 restitui
2287 3242 2702 3333 postulavit.
2734 3243 2850 3312 cni

579 3381 588 3390 ’
645 3356 1028 3426 Adrianusz
1079 3362 1138 3426 si
1200 3381 1375 3449 quae
1432 3360 1725 3449 parentis
1783 3362 1921 3440 tui,
1962 3362 2225 3450 inquit,
2265 3358 2432 3445 juris
2494 3382 2649 3428 esse
2699 3360 2852 3428 dicis

642 3484 928 3541 vacante
979 3472 1132 3540 sede
1184 3477 1570 3564 recepisses,
1623 3472 1895 3543 facilius·
1935 3473 2320 3544 confirmare
2386 3498 2711 3565 possem3
2755 3474 2854 3546 sed

643 3588 826 3682 quod
856 3588 1156 3658 Ecclesia
1198 3590 1515 3680 possidet,
1557 3615 1645 3659 ne
1687 3590 1956 3682 spoliari
2009 3591 2261 3674 videar,
2302 3590 2480 3659 nulli
2525 3616 2689 3662 sum
2738 3605 2855 3662 tra·

637 3706 929 3776 diturus.
960 3707 1143 3775 Haec
1171 3706 1376 3776 verba
1407 3708 1495 3774 ab
1526 3707 1874 3798 Alphonso
1904 3708 2284 3799 diligentius
2329 3721 2669 3799 excepta,
2697 3707 2852 3800 qnid

642 3825 773 3893 sibi
814 3823 1136 3896 defuncto
1167 3822 1490 3895 Pontifiee
1535 3826 1868 3916 agendum
1909 3835 2110 3907 esset,
2154 3839 2535 3918 opportune
2583 3851 2853 3897 monue-

537 3983 544 3988 -
642 3952 826 4009 runt.
870 3941 1131 4009 Interea
1173 3942 1450 4033 Prosper
1494 3940 1835 4011 Columna
1872 3945 2215 4035 copiarum
2258 3966 2550 4015 suarum
2595 3957 2848 4037 partem

720 4191 805 4264 (ι)
840 4191 1132 4248 Qudnam
1162 4191 1362 4265 sliquos
1391 4192 1608 4248 fuerunt
1634 4193 1781 4249 nursi
1813 4211 1944 4248 xxv·
