2950 5017
627 430 766 513 424
1381 443 1624 491 nanum
1664 441 2087 493 nacturtsruu

627 579 781 636 tum
823 566 1179 647 excitavit,
1220 566 1295 632 in
1337 587 1477 655 quo
1520 565 1803 642 Ioannes
1856 564 2155 633 Zobolus
2174 614 2195 645 ,
2259 564 2331 631 in
2398 564 2691 650 brachio
2761 579 2865 638 est

626 684 1039 756 vulneratus.
1084 682 1228 751 Diu
1268 693 1601 750 certatum
1647 695 1771 763 est,
1815 682 2089 751 tandem
2133 705 2242 750 reo
2285 681 2600 762 liberato,
2633 683 2861 751 Ruffi-

628 825 756 871 nus
798 800 1197 869 seditionem
1242 803 1486 870 timeus
1529 801 1823 889 primum
1867 800 1941 866 in
1985 797 2238 888 palatio
2267 820 2339 865 se
2369 797 2660 880 elausit,
2696 822 2860 868 mox

628 921 702 987 in
747 940 997 997 arcem,
1042 928 1124 983 ut
1169 917 1380 984 tutior
1423 927 1629 997 esset,
1673 938 1741 984 se
1785 917 2064 1006 recepit.
2110 914 2196 981 Ei
2242 914 2448 1005 paulo
2507 928 2677 1006 post
2724 914 2860 983 suf-

628 1032 846 1100 fectus
895 1033 1179 1110 Ioannes
1244 1030 1627 1100 Gozadinus
1677 1030 2110 1099 Bononiensis
2158 1030 2380 1121 Regii,
2428 1030 2733 1098 Parmae
2790 1043 2854 1098 et

629 1148 1011 1217 Placentiae
1060 1129 1377 1238 amplam⁴
1414 1170 1571 1215 eum
1624 1148 1905 1236 imperio
1956 1143 2444 1237 praefecturam
2499 1146 2847 1228 obtinuit,

628 1268 750 1357 qui
792 1265 1158 1334 virtutibus
1202 1266 1520 1354 vitiisque
1568 1266 1811 1354 pariter
1853 1241 2198 1345 imbutus,
2249 1287 2337 1331 an
2390 1265 2567 1331 inter
2640 1264 2850 1333 bonos

627 1383 922 1452 malosve
950 1384 1040 1450 sit
1065 1381 1521 1450 numerandus
1548 1380 1928 1448 dubitatur.
1958 1379 2204 1448 Forma
2234 1383 2528 1472 corporis
2566 1384 2850 1463 eximia,

601 1513 704 1569 set
745 1500 978 1594 pulcro
1021 1523 1138 1568 ore
1183 1501 1580 1590 dignitatem
1631 1522 1792 1566 cum
1842 1496 2185 1592 hilaritate
2241 1498 2520 1567 mirifice
2567 1500 2853 1586 conjun-

626 1630 856 1698 xerat3
913 1616 1190 1687 consilio
1258 1628 1328 1685 et
1395 1616 1751 1705 prudentia
1795 1629 2134 1706 praestans
2190 1619 2359 1684 mira
2428 1620 2643 1683 etiam
2718 1616 2850 1685 elo-

623 1738 906 1828 quentia
949 1735 1292 1802 audientes
1334 1733 1703 1826 detinebat.
1746 1734 1785 1811 J
1790 1736 1927 1800 uris
1970 1736 2324 1823 utriusque
2364 1737 2637 1823 peritia,
2684 1733 2849 1800 libe·

625 1853 1005 1944 raliumque
1050 1852 1297 1919 artium
1343 1850 1712 1919 eruditione
1755 1852 2069 1941 insignis,
2097 1850 2586 1932 litteratorum„
2616 1851 2847 1919 docto-

625 1992 917 2060 rumque
975 1973 1281 2037 omnium
1327 1965 1558 2035 fautor
1619 1980 1691 2034 et
1754 1967 1978 2037 cultor
2033 1966 2432 2035 habebatur.
2482 1968 2840 2049 Vestibus,

621 2086 914 2177 ,pretiosa
957 2082 1387 2173 supellectili,
1430 2086 1897 2174 comitatuque
1941 2081 2346 2176 splendidae,
2374 2082 2704 2165 liberalis,
2744 2108 2844 2153 co-

627 2204 760 2270 mis
777 2251 799 2283 ,
844 2198 1132 2267 affabilis
1184 2198 1586 2290 singularem
1631 2200 2000 2289 quamdam
2054 2224 2223 2267 cum
2284 2199 2683 2267 incredibili
2724 2200 2842 2267 hu-

627 2321 957 2387 manitate
1023 2320 1422 2409 gravitatem
1492 2316 1997 2409 praeseferebat.
2063 2318 2146 2386 In
2211 2319 2666 2409 cognoscendo
2733 2319 2841 2386 ad-

629 2437 856 2507 versu's
899 2432 1112 2503 malos
1154 2458 1288 2503 non
1335 2434 1843 2524 excandescere,
1887 2459 2022 2505 non
2066 2436 2372 2526 precibus
2425 2435 2839 2505 calamitoso-

627 2575 784 2622 rum
828 2551 1281 2642 illacrymari3
1324 2552 1439 2619 sed
1482 2556 1846 2622 constantis
1913 2563 1985 2620 et
2048 2555 2217 2620 recti
2273 2553 2516 2640 judicis
2567 2553 2837 2622 vultum

625 2671 1037 2744 ostendebat.
1082 2672 1308 2755 Quare
1354 2681 1618 2738 tantam
1661 2672 1789 2738 sibi
1831 2674 1904 2738 in
1947 2670 2108 2738 aula
2150 2670 2507 2740 Pontificia
2554 2676 2839 2741 auctori-

547 2863 564 2880 ,
625 2800 842 2856 tatem
884 2798 1410 2879 comparaverat,
1452 2798 1538 2854 ut
1580 2790 1797 2878 primo
1840 2791 2329 2879 protonotarius
2359 2798 2644 2870 creatus,
2666 2813 2838 2858 mox

622 2907 797 2975 inter
840 2909 1291 2997 magistratus,
1336 2929 1504 2996 quos
1548 2904 1819 2974 clericos
1864 2929 1906 2972 a
1951 2928 2216 2974 camera
2247 2920 2519 2987 vocant,
2555 2906 2834 2990 electus,

627 3024 919 3115 denique
961 3025 1046 3091 ad
1093 3036 1223 3092 tres
1277 3024 1475 3098 urbes
1537 3024 1861 3115 regendas-
1902 3048 2147 3115 magna
2212 3048 2371 3093 cum
2443 3028 2837 3094 auctoritate

627 3143 869 3209 missus
912 3137 1140 3209 fuerit.
1186 3140 1505 3210 Ceterum
1552 3141 1892 3210 amoribus
1950 3144 2201 3209 mirum
2263 3143 2335 3209 in
2400 3141 2682 3210 modum
2726 3142 2833 3210 de·

628 3258 845 3339 ditus,
874 3256 1163 3327 lasciviis
1203 3257 1652 3327 muliebribus
1694 3271 1951 3350 praeter
1979 3283 2250 3328 omnem
2277 3259 2672 3349 dignitatem
2703 3272 2830 3329 stu-

623 3373 800 3441 duit.
832 3373 1089 3446 AEstate
1130 3374 1402 3444 ludicris
1446 3375 1947 3446 decursionibus
1991 3374 2273 3446 feminas
2301 3377 2648 3458 distinere,
2680 3377 2829 3467 hye-

626 3514 740 3558 me
772 3493 1078 3559 convivia
1114 3488 1566 3581 frequentare,
1599 3496 1672 3561 in
1701 3494 2041 3564 obscoenis
2069 3495 2235 3581 jocis
2266 3495 2681 3585 turpibusve.
2704 3493 2824 3563 col-

629 3608 875 3700 loquiis
904 3612 1078 3677 inter
1106 3607 1393 3679 famosas
1424 3624 1762 3681 matronas
1806 3612 2096 3683 sedendo
2140 3625 2372 3682 noctes
2417 3636 2820 3681 consumere.

623 3731 769 3796 Hac
812 3728 1092 3797 libidine
1143 3729 1441 3820 ‘perditus
1483 3755 1621 3800 non
1675 3742 1949 3799 tantum
2011 3733 2149 3821 ipse
2208 3730 2523 3799 mulieres
2578 3751 2818 3812 amare,

619 3846 736 3914 sed
780 3849 987 3913 etiam
1031 3847 1122 3914 ab
1165 3849 1322 3938 ipsis
1366 3861 1610 3916 mutuo
1657 3851 1896 3930 amari,
1928 3860 2136 3939 atque
2182 3848 2346 3918 adeo
2389 3852 2819 3939 spectari-pro

529 3997 546 4020 -·
620 3985 886 4032 summa
928 3963 1131 4032 laude
1173 3966 1501 4034 ducebat.
1547 3966 1950 4036 Nocte·levi
2005 3989 2272 4056 parma,
2316 3966 2669 4057 gladioque
2725 3990 2817 4034 ar·

620 4094 845 4151 matus
877 4093 1002 4173 *per
1041 4084 1277 4152 urbem
1315 4085 1409 4150 *ad
1458 4086 1704 4152 amicas
1733 4086 2120 4168 discurrere,
2160 4100 2234 4152 et
2274 4085 2603 4172 juvenum
2630 4109 2812 4166 more

620 4223 778 4269 cum
823 4201 1217 4273 citharaedis
1259 4201 1348 4272 ad
1390 4225 1621 4273 earum
1667 4202 1841 4275 fores
1886 4207 2254 4275 matutinas
2296 4207 2634 4275 cantiones
2671 4227 2806 4295 per·
