2950 5017
635 441 788 525 *480
1397 453 1637 501 anaim
1678 453 2100 503 nectensmn

639 604 724 650 se
766 576 926 649 odia
965 579 1499 661 concitaverant,
1544 590 1617 646 et
1675 581 1881 647 totius
1930 580 2139 646 etiam
2181 574 2454 647 Galliae
2498 577 2852 672 cisalpinas

641 696 1031 777 sacerdotia,
1075 705 1462 785 contempta
1504 692 1844 766 Pontificis
1889 694 2268 782 majestate,
2306 694 2721 788 plerumque
2755 702 2848 768 in·

643 815 861 906 dignis
903 814 1286 883 hominibus
1317 811 1754 893 deferebant3
1798 836 1923 880 nec
1965 815 2266 883 contenti
2308 814 2673 883 Insubriae
2715 815 2844 885 fini-

642 931 806 1012 bus,
872 930 958 998 de
1026 928 1430 1021 occupandis
1492 951 1761 1020 quoque
1811 923 2148 997 Ecclesiae
2217 930 2506 1020 urbibus
2574 936 2841 1022 cogitare

643 1048 1105 1117 credebantur.
1138 1048 1280 1117 Leo
1311 1047 1515 1139 igitur
1542 1049 1665 1137 qui
1692 1044 2047 1115 Gallorum
2080 1049 2279 1115 armis
2325 1041 2620 1116 minime
2667 1048 2840 1118 fiden-

637 1166 810 1234 dum
867 1165 1335 1246 existimabat,
1401 1187 1482 1232 ac
1549 1164 1633 1231 de
1699 1161 2085 1254 recipiendis
2152 1168 2397 1256 ereptis
2462 1168 2839 1236 civitatibus

641 1283 940 1350 maxime
982 1279 1361 1362 laborabat,
1405 1303 1564 1348 cum
1608 1279 1879 1360 Carolo,
1920 1282 2039 1370 qui
2083 1301 2295 1370 nuper
2339 1279 2600 1349 Caesar
2640 1283 2841 1348 deela-

615 1411 827 1467 »ratus
879 1411 1054 1480 erat,
1098 1419 1404 1488 percusso
1456 1393 1724 1464 foedere
1778 1398 2070 1485 primum
2117 1396 2204 1462 de
2247 1396 2681 1486 expellendis
2722 1400 2841 1465 Me·

635 1516 1003 1586 diolanensi
1048 1517 1452 1607 principatu
1473 1513 1731 1596 Gallis,
1775 1514 2255 1604 Franciscoque
2299 1512 2568 1583 Sfortia
2622 1518 2692 1583 in
2747 1541 2842 1606 pa-

638 1646 900 1703 ternam
928 1634 1256 1704 ditionem
1285 1631 1762 1702 communibus
1807 1634 2008 1698 armis
2053 1632 2464 1701 restituendo
2499 1634 2837 1703 consilium

629 1756 881 1843 coepit.
926 1752 1166 1843 Itaque
1211 1762 1363 1821 octo
1407 1749 1624 1816 millia
1655 1747 2117 1817 Helvetiorum
2147 1748 2504 1832 conduxit,
2538 1755 2666 1842 qui
2695 1752 2837 1819 dam

634 1866 844 1957 Regio
888 1870 960 1935 in
1004 1868 1356 1949 Picenum,
1401 1886 1627 1933 mense
1671 1864 1905 1955 aprili,
1951 1877 2328 1946 transeunt,
2374 1889 2637 1956 rnagna
2700 1890 2835 1935 cum

634 1981 988 2073 disciplina
1032 1991 1105 2050 et
1149 1982 1506 2063 modestia,
1548 1984 1621 2048 iu
1678 1983 1929 2048 civium
1976 1980 2250 2047 aedibus
2302 1995 2483 2050 sunt‘
2512 1982 2836 2051 diversati.

631 2096 747 2166 Ex
788 2100 895 2167 bis
940 2100 1078 2168 duo
1126 2113 1396 2167 tantum
1442 2096 1655 2174 millia
1700 2110 1990 2179 retenta,
2023 2097 2135 2165 alii
2177 2097 2379 2190 longo
2424 2103 2575 2169 otio
2621 2099 2836 2182 fracti,

631 2215 801 2283 dum
844 2238 1085 2284 messes
1129 2213 1401 2296 facturi,
1435 2215 1646 2305 pridie
1679 2214 1986 2282 calendas
2031 2216 2264 2302 majas,
2302 2216 2591 2285 domum
2642 2241 2839 2286 rever-

633 2342 893 2400 tuntur.
939 2331 1340 2418 Quindecim
1386 2332 1624 2400 diebus
1666 2333 1916 2422 quibua
1960 2331 2158 2421 Regii.
2191 2344 2350 2400 sunt
2402 2338 2836 2416 commorati,

629 2453 1046 2542 octingentas
1088 2454 1229 2521 vini
1275 2474 1530 2542 cuppas
1577 2451 1989 2520 absorbuisse
2043 2448 2389 2533 feruntur,
2433 2475 2521 2519 ac
2562 2465 2837 2521 centum

628 2569 1118 2658 quinquaginta
1149 2590 1500 2637 aureorum
1545 2566 1755 2634 millia
1804 2570 1875 2634 in
1919 2589 2028 2635 eos
2073 2566 2405 2635 inutiliter
2436 2582 2838 2660 consumpta

627 2680 843 2751 fuere.
885 2683 1206 2752 Ceterum
1266 2684 1443 2765 Leo,
1505 2686 1624 2773 qui
1694 2706 1960 2752 eausam
2029 2681 2193 2750 belli
2261 2697 2496 2754 contra
2554 2685 2838 2753 Gallum

626 2801 1021 2892 quaerebat,
1067 2804 1481 2869 tutissimum
1527 2802 1837 2894 omnibus
1882 2799 2258 2869 Mediolano
2321 2795 2735 2892 proscriptis.
2770 2807 2838 2871 in

627 2898 967 2989 Ecclesiae
1013 2921 1294 2989 urbibus
1337 2919 1673 3011 refugium
1717 2922 2059 2988 concessit.
2091 2920 2229 3004 Qui
2259 2921 2389 2988 sub
2421 2922 2838 3012 Hieronymo

625 3037 902 3107 Morono
946 3049 1203 3107 statuto
1232 3038 1339 3106 die
1370 3038 1735 3137 Mediolani
1762 3035 1927 3105 fines
1959 3038 2199 3106 adoriri
2230 3037 2589 3106 debebant.
2630 3038 2837 3107 Guio-

435 3224 448 3232 „
487 3230 498 3234 ‚
625 3155 919 3225 ciardino
953 3180 1108 3225 vero
1137 3156 1364 3226 decem
1413 3156 1624 3223 millia
1671 3179 2023 3223 aureorum
2056 3156 2275 3224 Roma
2319 3158 2558 3238 missa,
2590 3170 2686 3223 ut
2721 3160 2833 3224 tria

625 3271 843 3340 millia
883 3274 1187 3363 peditum
1235 3273 1701 3343 conscriberet.
1750 3273 2064 3340 Plurimis
2106 3275 2311 3362 igitur
2355 3272 2687 3341 'exulibus
2718 3275 2835 3341 Re-

625 3392 815 3479 gium
859 3394 1162 3457 certatim
1210 3389 1727 3470 confluentibus,
1773 3389 2000 3471 Galli,
2048 3390 2166 3456 ubi
2217 3390 2305 3459 ob
2348 3389 2525 3457 hane
2572 3394 2834 3459 novita-

624 3520 763 3575 tem
809 3506 1147 3575 Pontificis
1192 3507 1391 3575 fidem
1436 3523 1812 3600 suspectam
1867 3508 2164 3576 habuere
2211 3532 2326 3598 per
2369 3506 2682 3576 fraudem
2731 3533 2834 3578 oc·

623 3597 918 3715 cupandi
983 3624 1174 3715 Regii
1242 3625 1600 3695 consilium
1669 3628 2000 3693 inierunt.
2073 3626 2297 3710 Quare
2374 3625 2553 3692 clam
2626 3629 2834 3718 copiis

621 3739 902 3813 Parmae
945 3747 1302 3845 contractis
1345 3768 1412 3813 se
1455 3746 1545 3813 de
1586 3744 2065 3815 communibus
2096 3741 2483 3825 Pontificis,·
2503 3756 2573 3811 et
2602 3744 2835 3817 Gallo·

623 3885 777 3929 rum
843 3863 1040 3932 rebus
1106 3863 1400 3955 colloqui
1470 3864 1648 3932 velle
1718 3886 1876 3931 cum
1945 3861 2423 3932 Guicciardino
2490 3862 2833 3930 simulant.

620 3975 992 4068 Sponsione
1036 3979 1197 4048 binc
1250 3982 1407 4049 inde
1451 3978 1638 4048 facta
1682 3980 1765 4047 de
1817 3980 2067 4068 injuria
2134 3982 2355 4048 neutri
2427 3982 2598 4070 parti
2669 3977 2834 4046 infe-

621 4096 849 4178 renda,
895 4097 1217 4165 Lescutus
1263 4093 1593 4165 Lotrechii
1645 4096 1876 4180 frater,
1921 4095 2058 4180 die,
2102 4120 2239 4187 quo
2283 4095 2560 4174 Joannis
2605 4095 2829 4185 Bapti-

622 4224 764 4280 stae
828 4225 1011 4285 ortus
1076 4213 1488 4295 celebratur,
1533 4238 1798 4288 summo
1868 4237 2065 4282 mane
2133 4236 2294 4281 cum
2360 4222 2825 4281 sexcentorum
