2950 5017
941 454 1145 501 mna
1191 395 1462 503 sanus·
2160 439 2289 522 401

28 575 187 666 qni
244 572 594 646 bominem
648 573 1052 665 reciperent,
1105 573 1268 644 diris
1313 574 1537 654 Julius
1578 572 1892 664 Pontifex
1941 576 2298 646 insectare-

28 702 212 772 tur,
263 691 357 758 ab
399 690 713 759 omnibus
750 689 1044 759 desertus
1087 690 1297 781 Regio
1341 692 1655 759 Parmam
1700 713 1926 760 versus
1971 691 2299 760 discessit.

28 805 120 872 1⁸
197 809 277 874 in
347 804 689 875 Pontificis
757 807 1080 874 invidiam
1146 807 1516 876 Bononiam
1570 805 1789 874 Gallis
1849 807 2290 897 diripiendam

31 923 368 1005 tradere,
411 935 482 990 et
524 922 777 992 multos
828 926 1035 990 etiam
1104 947 1191 990 ex
1255 923 1401 1009 ejus
1468 920 1847 992 fautoribus
1915 927 2292 992 interimere

28 1036 442 1107 decrevisse
468 1037 752 1105 dicitur:
799 1038 911 1105 sed
956 1062 1114 1108 cum
1156 1038 1283 1108 hoc
1312 1041 1381 1105 in
1413 1037 1658 1128 vulgus
1692 1050 2090 1120 emanasset,
2121 1043 2293 1106 iram

33 1155 322 1245 populi
363 1158 606 1222 timens
651 1153 942 1246 aufugit.
986 1154 1169 1233 Julio
1215 1168 1448 1246 postea
1493 1155 1793 1224 Bononia
1839 1159 2083 1247 potito,
2127 1156 2295 1224 Gal·

28 1271 308 1340 lorum.
343 1277 575 1363 copiae
604 1273 915 1340 Parmam
962 1272 1307 1341 redeuntes
1353 1277 1615 1363 magnis
1645 1274 1905 1341 damnis
1935 1271 2290 1364 Regienses

31 1386 488 1456 affecerunt:
533 1391 654 1480 qui
707 1388 799 1456 ob
860 1400 1167 1478 acceptas
1234 1389 1512 1476 injurias
1584 1388 1987 1458 tumultuati
2054 1413 2288 1460 eorum

31 1503 319 1571 ducem
361 1504 794 1586 Mercurium,
837 1506 959 1595 qui
1003 1507 1077 1571 in
1125 1504 1363 1572 urbem
1408 1517 1707 1588 venerat,
1753 1527 1933 1598 equo
1975 1506 2289 1575 deturba-

44 1632 230 1687 tum
281 1620 707 1702 occidissent,
750 1622 877 1687 nisi
930 1622 1399 1709 superveniens
1443 1622 1814 1711 Dionysius
1858 1621 2156 1692 Zobolus
2199 1623 2291 1690 ab

39 1738 456 1805 imminenti
485 1749 703 1806 morte
731 1739 954 1826 ipsum
986 1736 1352 1805 liberasset.
1385 1737 1565 1805 Cu'm
1598 1761 1753 1807 vero
1782 1736 2293 1807 Bonfranciscus

43 1855 385 1923 Arlottus
429 1854 571 1941 jam
617 1867 751 1922 tres
805 1867 877 1921 et
929 1858 1271 1945 octoginta
1340 1878 1551 1925 annos
1617 1868 1819 1927 natus
1865 1858 1936 1924 in
1983 1856 2293 1946 Regiensi

43 1972 347 2040 ecclesia
390 1974 706 2039 antistitis
748 1969 967 2040 officio
1015 1971 1303 2063 amplius
1347 1969 1539 2063 fungi
1595 1998 1730 2042 non
1786 1986 2039 2064 posset,
2081 1973 2288 2051 Joan·

52 2115 231 2159 nem
267 2092 530 2159 Lucam
569 2091 1184 2159 Pontremulensem
1228 2093 1486 2160 socium·
1530 2091 1798 2160 habuit.
1842 2092 1909 2160 Is
1952 2093 2293 2161 Ferrariae

46 2208 179 2276 diu
227 2208 348 2295 jus
391 2205 823 2278 Pontificium
866 2207 1208 2288 docuerat,
1253 2231 1331 2275 ac
1374 2211 1446 2275 in
1491 2207 1817 2298 Alphonsi
1856 2210 2146 2276 Atestini
2195 2207 2296 2276 fa-

51 2326 531 2394 miliaritatem
578 2324 913 2415 paulatim
972 2339 1306 2417 receptus,
1351 2326 1627 2411 demum
1673 2327 1820 2414 ejus
1864 2350 2062 2416 opera
2109 2327 2291 2395 hunc

51 2442 392 2511 honorem
443 2442 764 2510 obtinuit.
810 2441 1131 2509 Ceterum
1179 2443 1518 2509 Annibale
1579 2442 1933 2511 Bentivolo
1987 2465 2102 2532 per
2158 2442 2293 2509 Re-

53 2563 329 2650 gienses
357 2558 686 2628 Saxolum
717 2557 1585 2649 proficiscenti,·Cardinalis
1604 2562 1962 2627 *Atestinus
1991 2557 2290 2625 militum
2318 2583 2324 2589 ·

53 2700 393 2757 manum,
437 2699 613 2767 quae
681 2699 837 2743 eum
907 2679 1194 2743 transitu
1259 2676 1681 2767 prohiberet,
1726 2676 1935 2764 Regio
2006 2676 2289 2754 accivit3

53 2793 417 2884 simulque
473 2793 801 2870 Ioannem
867 2792 1231 2879 Bojardum
1299 2815 1455 2859 cum
1525 2790 2135 2859 Scandianensibus
2201 2790 2290 2858 ad
2362 2847 2371 2860 ,

54 2908 436 3003 profugum
482 2908 882 3000 capiendum
929 2901 1272 2978 Saxolum'
1305 2912 1400 2976 ire
1443 2910 1826 2998 imperavit.
1874 2908 1969 2973 At
2023 2906 2141 2974 ille
2188 2909 2292 2974 in-

53 3030 267 3099 sidias
313 3031 779 3119 praesentiens,
821 3026 975 3094 inde
1020 3037 1281 3094 mature
1323 3024 1620 3114 aufugit.
1667 3024 2055 3096 Genuenses
2102 3048 2284 3104 vero,

58 3148 311 3234 ejectis
352 3144 707 3214 Gallorum
763 3143 1298 3233 magistratibus,
1339 3155 1408 3209 et
1459 3140 1676 3211 Paulo
1735 3141 1959 3211 Novio
2017 3138 2291 3258 intimae

64 3263 300 3356 plebis
350 3260 585 3353 opifice
628 3262 820 3330 Duce
871 3273 1134 3341 creato,
1180 3262 1251 3328 in
1302 3259 1683 3332 libertatem
1729 3282 1799 3327 se
1843 3258 2289 3326 vindicarunt.

57 3379 466 3449 Ludovicus
512 3402 629 3445 rex
675 3377 763 3443 ad
806 3400 955 3444 eam
1002 3376 1318 3463 injuriam
1364 3374 1873 3466 abstergendam
1928 3398 2086 3441 cum
2142 3398 2292 3463 pro-

61 3521 231 3589 pere
276 3500 347 3564 in
393 3494 663 3562 Italiam
710 3496 1028 3576 venisset,
1065 3492 1491 3584 Alphonsum
1526 3493 1621 3560 ad
1668 3489 1836 3560 illud
1880 3491 2136 3571 bellum
2184 3515 2293 3581 ge·

60 3613 359 3683 rendum
406 3624 633 3692 vocat,
661 3614 784 3702 qui
817 3611 900 3679 ad
931 3610 1341 3679 deditionem
1373 3610 1540 3678 urbe
1569 3608 1941 3699 compulsa,
1975 3623 2044 3675 et
2072 3609 2294 3675 Novio

61 3731 477 3819 inauspicati
545 3730 955 3819 principatus
1019 3750 1264 3818 poenas
1307 3726 1509 3796 dante
1528 3777 1548 3807 ,
1593 3729 1760 3815 regis
1804 3729 1973 3792 iram
2043 3727 2113 3791 in
2183 3746 2294 3791 eos

62 3851 254 3916 cives
284 3859 680 3938 conceptam
711 3849 1007 3914 maxime
1045 3847 1409 3935 mitigavit.
1452 3843 1565 3910 Ex
1597 3867 1677 3911 eo
1706 3841 1926 3920 Julius
1955 3839 2296 3922 Pontifex,

65 3967 198 4057 qui
242 3968 457 4056 gentis
500 3987 661 4032 suae
705 3963 1004 4032 libertati
1042 3964 1338 4053 impense
1369 3960 1671 4042 favebat,
1703 3972 1963 4028 tantam
1997 3959 2297 4049 indigna-

68 4084 335 4153 tionem
379 4085 716 4174 concepit,
761 4093 840 4152 ut
880 4079 1140 4151 infestis
1188 4082 1390 4149 armis
1432 4091 1668 4171 postea
1698 4078 2037 4147 Atestinos
2081 4077 2299 4144 maxi·

73 4225 186 4269 me
231 4202 603 4269 vexaverit.

1962 4307 2032 4361 26
