2950 5017
603 353 735 440 346
1347 370 1587 418 nanum
1647 369 2070 416 nncxaxsrmu

600 494 813 573 misit,
855 502 929 560 et
973 489 1178 564 aliam
1223 490 1365 584 ipse
1401 492 1472 557 in
1505 488 1890 562 Parmenses
1934 490 2381 559 incursionem
2430 487 2630 558 fecit.
2675 487 2867 562 Mox

601 607 1030 678 Cuastallam
1074 619 1145 674 et
1188 604 1569 674 Castellum
1613 604 1920 688 Novum,
1951 605 2074 674 ubi
2105 605 2549 696 Regiensium
2600 629 2866 695 peoora

557 750 881 800 *numero
923 722 1277 791 duodecim
1329 720 1546 789 millia
1588 721 2052 803 servabantur,
2081 745 2202 815 spe
2232 721 2511 790 alterius
2547 722 2860 813 praedae

603 841 1017 914 obtinendae
1061 840 1358 912 advolat.
1405 838 1510 909 Ea
1563 838 1737 910 forte
1805 843 1990 909 omni
2057 841 2379 931 praesidio
2424 841 2708 912 deserta
2756 845 2864 909 in-

602 964 898 1056 veniens,
942 959 1027 1030 ad
1073 958 1333 1026 vallum
1380 981 1586 1050 prope
1630 957 1984 1049 Regiolum
2029 958 2120 1025 ab
2163 956 2356 1027 hoste
2395 956 2684 1026 factum
2728 960 2864 1026 ab·

491 1059 510 1069 ⁶
600 1079 811 1148 ducit.
854 1077 936 1145 Id
981 1076 1100 1146 ubi
1133 1075 1538 1147 Othobonus
1580 1079 1903 1168 cognovit
1943 1100 2024 1148 eo
2067 1099 2229 1145 cum
2275 1076 2610 1167 expedito
2658 1101 2855 1144 exer-

602 1198 750 1268 citu
791 1193 1175 1275 contendit;
1219 1216 1380 1262 cum
1447 1191 1533 1261 ad
1602 1215 1846 1262 manus
1898 1205 2180 1262 ventum
2236 1205 2407 1260 esset
2453 1218 2493 1259 a
2549 1192 2861 1262 Giberto
2924 1233 2925 1274 1

600 1311 902 1403 corrigio
931 1314 1003 1379 in
1035 1312 1271 1402 primis
1300 1323 1401 1380 est
1430 1313 1504 1378 in
1537 1307 1773 1402 fugam
1808 1334 2057 1391 versus,
2088 1309 2331 1378 deinde
2382 1334 2551 1377 cum
2590 1308 2861 1378 Sfortia
2924 1403 2925 1406 Ἴ

606 1427 691 1496 ad
735 1429 1093 1498 obscuram
1163 1431 1437 1498 noc'tem
1480 1430 1682 1519 signis
1727 1427 1989 1498 collatis
2054 1429 2125 1495 in
2194 1439 2499 1496 neutram
2585 1440 2863 1518 partem

600 1544 965 1615 inclinante
1007 1547 1285 1617 victoria
1327 1548 1468 1638 ipse
1513 1545 1828 1637 Regium,
1872 1559 1945 1613 et
1988 1542 2239 1614 Sfortia
2283 1545 2412 1612 sub
2457 1544 2849 1646 Regiolum

603 1675 1112 1756 pernoctaturus
1162 1686 1233 1732 se
1284 1666 1567 1760 recepit.
1621 1662 1801 1731 Eum
1848 1663 2204 1730 Mantuani
2271 1665 2392 1753 qui
2457 1665 2534 1731 in
2615 1663 2858 1753 oppidi
2924 1681 2925 1686 ’

602 1781 927 1873 praesidio
976 1780 1412 1849 excubabant
1432 1832 1453 1862 ,
1503 1782 1762 1872 sagittis
1780 1829 1800 1860 ,
1846 1778 2127 1869 aliisque
2182 1778 2547 1846 missilibus
2618 1792 2860 1846 extur-

601 1898 877 1981 batum,
920 1898 1157 1967 relicta
1228 1898 1473 1989 praeda
1541 1921 1795 1967 novum
1843 1897 2052 1964 Marci
2097 1897 2200 1963 Pii
2244 1895 2642 1965 Castellum
2699 1896 2849 1964 lon-

600 2020 747 2107 gius
790 2020 885 2086 ire
928 2030 1315 2108 coegerunt.
1360 2018 1508 2084 Hac
1553 2041 1624 2083 re
1667 2029 2011 2107 comperta
2056 2015 2404 2105 Regienses
2460 2015 2853 2105 agricolas,

601 2136 727 2226 qui
771 2134 993 2204 hostes
1035 2148 1496 2225 sequerentur,
1528 2133 1614 2201 ad
1643 2158 1834 2202 arma
1878 2123 2148 2202 vocant.
2190 2132 2439 2201 Sfortia
2473 2157 2646 2201 vero
2679 2134 2851 2200 dum

602 2253 941 2322 Mutinam
985 2255 1228 2343 repetit
1270 2251 1355 2319 ad
1399 2251 1797 2342 diripiendas
1841 2252 2009 2320 alias
2047 2251 2471 2341 Regiensium
2505 2252 2854 2319 Parmen-

602 2372 916 2461 siumque
977 2369 1173 2437 villas
1241 2392 1621 2451 conversus,
1665 2369 1892 2439 Caroli
1938 2368 2237 2438 Folleani
2308 2371 2477 2458 agris
2545 2371 2851 2437 incensis

603 2488 809 2558 etiam
854 2487 1301 2556 Dinatianum
1370 2486 1518 2574 ejus
1582 2486 1942 2558 castellum
1992 2499 2270 2576 captum
2316 2488 2470 2575 igne
2514 2508 2851 2556 consum-

603 2607 762 2697 psit.
795 2605 1051 2676 Contra
1081 2604 1488 2675 Othobonus
1516 2604 1812 2675 Cabello
1842 2618 2152 2694 superato
2200 2628 2367 2673 cum·
2400 2603 2596 2671 mille
2629 2608 2854 2673 octin-

602 2725 820 2813 gentis
862 2724 1232 2814 equitibus,
1280 2735 1352 2791 et
1394 2723 1673 2794 duobus,
1706 2722 2009 2790 millibus
2057 2722 2365 2813 peditum
2427 2723 2579 2813 pari
2647 2721 2850 2789 clade

603 2839 1020 2910 Mutinenses
1087 2837 1370 2909 afflixit.
1430 2840 1596 2912 Mox
1663 2837 2030 2920 Sfortiam,
2078 2862 2285 2930 quem
2352 2838 2597 2906 locatis
2667 2842 2850 2906 inter

604 2954 811 3023 densa
854 2979 1132 3027 nemora
1173 2955 1506 3026 militibus
1568 2979 1683 3047 per
1728 2957 2001 3024 insidias
2045 2955 2263 3024 delere
2296 2935 2703 3046 cogitabat,
2755 2954 2844 3021 ad

605 3071 933 3162 praelium
980 3085 1344 3163 provocat3
1387 3071 1505 3141 sed
1549 3072 1667 3142 ille
1711 3086 1792 3139 ut
1834 3076 2146 3164 iniquum
2194 3095 2572 3163 ancepsque
2629 3085 2849 3139 certa-

606 3212 766 3256 men
812 3193 1098 3256 evitaret
1165 3213 1283 3279 per
1349 3192 1608 3281 ignotos
1653 3193 1957 3260 tramites
2001 3190 2338 3259 Mutinam
2386 3212 2695 3260 reversus
2753 3189 2843 3256 ab

606 3307 792 3372 omni
839 3304 1133 3393 periculo
1177 3329 1248 3374 se
1296 3308 1569 3396 eripuit.
1614 3293 1890 3376 Abalia
1924 3319 2115 3397 parte
2146 3306 2437 3385 Jacobus
2467 3305 2838 3372 Folleanus
2924 3357 2925 3372 ,

607 3417 1040 3507 Bismantuae
1083 3424 1253 3511 agris
1297 3422 1574 3511 direptis
1618 3422 1875 3491 castelli
1924 3421 2267 3502 dominos,
2297 3424 2415 3513 qui
2460 3420 2550 3488 ad
2580 3423 2836 3489 Atesti-
2924 3479 2925 3516 ἡ

601 3559 776 3628 dnum
806 3535 1209 3619 defecerant,
1254 3538 1343 3606 ad
1389 3538 1738 3609 Othoboni
1781 3555 2001 3633 partes
2044 3540 2253 3609 redire
2297 3538 2665 3631 compulit.
2712 3539 2834 3608 Μὶ-
2924 3545 2925 3570 ¹

608 3654 807 3724 chael
857 3680 1014 3727 vcro
1058 3656 1442 3726 Atendulus
1487 3655 1778 3728 Sfortiae
1838 3662 2272 3740 necessarius,
2327 3658 2498 3724 dum
2553 3660 2631 3725 in
2680 3658 2837 3725 Par-
2924 3683 2925 3718 ³

609 3798 872 3842 menses
944 3778 1279 3844 incautius
1338 3776 1651 3846 discurrit
1717 3801 1877 3846 cum
1950 3776 2415 3869 quadragentis
2479 3773 2836 3867 equitibus
2924 3829 2925 3866 3

608 3894 1057 3982 interceptus,
1114 3907 1185 3962 et
1238 3906 1470 3963 contra
1525 3894 1814 3963 militiae
1869 3919 2125 3964 morem
2169 3894 2353 3962 duris
2396 3893 2837 3985 compedibus
2924 3985 2925 3990 ἵ

609 4010 892 4079 Parmae
933 4016 1326 4083 constrictus
1367 4012 1526 4083 fuit.
1572 4014 1708 4084 Eos
1751 4013 2021 4083 Tertius
2068 4014 2229 4082 diris
2284 4016 2642 4082 tormentis
2688 4012 2834 4081 sub-

611 4133 844 4216 iectus,
883 4153 1065 4208 novo
1128 4132 1544 4206 credulitatis
1609 4137 1918 4215 invento,
1962 4132 2185 4202 media
2230 4131 2477 4222 hyeme
2540 4131 2827 4201 nudatos
2924 4225 2925 4230 ἵ
