2950 5017
985 424 1186 472 ussss
1232 376 1530 474 cornus
2099 383 2104 402 ¹
2218 409 2349 501 569

60 549 495 617 certamine
535 568 808 615 currens
850 543 1126 632 Scotus,
1166 551 1289 640 qui
1333 548 1644 640 pluribus
1697 548 2008 640 equitum
2078 547 2203 618 alis
2270 554 2346 621 in

62 664 380 735 Galliis
428 679 758 757 praeerat,
814 663 1069 735 fractae
1119 667 1359 750 bastae
1428 679 1706 735 acutum
1774 689 2166 737 mucronem
2233 692 2351 760 pet

74 784 434 850 mediam
478 786 809 852 venientis
851 787 1019 873 regis
1062 783 1382 852 cassidem
1441 784 1762 853 adactum
1827 783 2031 854 oculo
2098 783 2352 854 infixit.

67 898 237 967 Ex
286 924 377 969 eo
417 900 699 969 vulnere
743 925 867 990 rex
909 899 1248 970 lethaliter
1289 904 1632 969 sauciatus
1697 914 1889 971 sexto
1942 925 2154 970 nonas
2197 902 2356 990 julii

72 1030 362 1110 postea
423 1021 764 1089 extinctus
826 1032 949 1087 est.
995 1020 1211 1088 Pridie
1255 1042 1466 1110 quam
1509 1019 1876 1088 decesserat
1913 1020 2352 1089 *Fr-anciacum

76 1133 349 1203 filium
422 1158 863 1205 successorem
933 1136 1076 1224 jam
1144 1135 1484 1204 firmatam
1560 1157 1794 1228 pacem
1862 1148 2203 1206 servatum
2269 1139 2355 1205 iri

80 1256 377 1343 ascripto
416 1257 802 1343 promittere
847 1258 1099 1344 coegit3
1144 1278 1224 1321 ac
1267 1255 1689 1346 Philippum,
1732 1256 1846 1323 cui
1890 1256 2092 1322 etiam
2125 1252 2352 1322 filium

92 1371 659 1453 commendavit,
703 1395 862 1440 cum
908 1371 1056 1440 aliis
1100 1374 1286 1464 regui
1318 1361 1723 1463 ‘proceribus
1768 1345 2153 1440 testamenti
2197 1393 2354 1440 exe·

85 1499 438 1557 cutonem
484 1488 781 1579 reliquit.
827 1488 975 1556 Nec
1018 1488 1243 1558 multo
1288 1504 1440 1580 post
1485 1488 1739 1559 Paulus
1777 1489 1876 1559 IV
1921 1487 2241 1560 Pontifex
2282 1500 2358 1558 et

86 1610 261 1698 ipae
306 1606 614 1689 decessit,
658 1607 769 1674 die
815 1611 1137 1699 vigesima
1181 1622 1425 1677 octava
1467 1610 1758 1699 augusti.

260 1724 454 1815 Regii
500 1745 655 1794 vero
702 1737 895 1795 atrox
936 1729 1109 1794 inter
1155 1725 1519 1798 monachos
1545 1725 1638 1794 aS.
1685 1725 1892 1808 Petri,
1939 1737 2009 1794 et
2054 1723 2130 1794 S.
2163 1726 2354 1795 Pros-

90 1844 262 1932 peri
309 1846 656 1911 canonicos
700 1842 793 1909 de
828 1844 976 1930 ejus
1007 1844 1171 1912 Divi
1216 1867 1485 1933 corpore
1528 1856 1677 1913 orta
1721 1855 1823 1910 est
1870 1845 2350 1913 controversia.

94 1958 308 2026 Cum
352 1961 529 2026 enim
575 1958 715 2046 jam
762 1960 986 2030 diruto
1030 1961 1393 2042 coenobio,
1438 1960 1626 2050 quod
1668 1973 1864 2027 extra
1907 1983 2135 2029 muros
2180 1956 2356 2041 fuit,

100 2076 211 2143 ad
283 2074 358 2144 S.
426 2077 700 2144 Petrum
770 2081 965 2146 intra·
1016 2079 1250 2146 urbem
1319 2100 1389 2145 se
1455 2078 1852 2147 coenobitae
1919 2053 2351 2168 recepissent,

98 2192 636 2284 prohibentibus
675 2194 1085 2263 adversariis.
1115 2198 1292 2264 cives
1347 2219 1470 2263 nec
1523 2219 1611 2261 ex
1668 2195 2050 2263 carceribus
2111 2193 2354 2262 libera-

104 2323 278 2377 tum
324 2329 443 2400 pro
488 2335 669 2379 more
715 2310 1107 2392 offerebant,
1139 2336 1263 2379 nec
1292 2311 1525 2379 solitas
1559 2310 1930 2381 oblationes
1977 2309 2342 2379 faciebant.

108 2425 444 2495 Hercules
489 2430 720 2518 itaque
765 2428 931 2495 Dux
975 2430 1296 2510 Praetori,
1327 2441 1396 2495 et
1427 2428 1710 2498 Alberto
1755 2427 2111 2504 Phncirolo
2155 2427 2360 2494 litem

104 2543 558 2611 decidendam
601 2548 1125 2637 commisit;·qui
1161 2565 1248 2614 e'x
1279 2543 1620 2614 Pontificis
1652 2545 2023 2635 diplomate
2054 2544 2145 2610 D.
2172 2542 2354 2610 Petri

109 2661 528 2730 coenobium
576 2665 644 2730 in
693 2666 993 2754 antiquis
1038 2664 1401 2754 privilegiis
1445 2662 1886 2751 subrogatum
1934 2658 2171 2738 fuisse,
2217 2684 2356 2728 non

114 2780 270 2844 sine
315 2800 556 2867 magna
601 2782 854 2847 civium
886 2779 1244 2869 quipalteri
1292 2782 1466 2869 parti
1505 2777 1826 2845 favebant
1867 2778 2356 2867 indignatione,

120 2897 680 2983 pronunciarunt.
727 2896 848 2961 His
895 2869 1070 2962 acti?
1126 2895 1448 2962 Hercules
1509 2895 1707 2976 Dux,
1757 2918 1914 2961 cum
1972 2891 2355 2983 Alphonsus

119 3007 311 3075 filius
355 3012 425 3076 in
471 3009 715 3077 Galliis
760 3010 1060 3100 degeret,
1106 3024 1178 3077 et
1223 3009 1637 3102 Hippolytus
1680 3007 2056 3077 Cardinalis
2110 3007 2355 3089 frater,

115 3139 414 3195 vacante
456 3127 652 3208 sede,
698 3126 1003 3195 conclavi
1055 3127 1355 3196 inclusus
1414 3140 1797 3207 teneretur,
1843 3128 2084 3218 quinto
2144 3148 2357 3194 nonas

117 3245 421 3313 octobris
467 3248 640 3313 inter
686 3245 1016 3313 decimam
1061 3248 1372 3337 quintam
1418 3258 1490 3313 et
1536 3245 1872 3318 decimam
1923 3257 2187 3312 sextam
2234 3243 2357 3313 bo·

117 3386 272 3429 ram
320 3361 623 3429 decessit.
672 3362 850 3429 Cum
901 3374 1098 3430 antea
1152 3362 1236 3430 ad
1291 3362 1586 3430 multam
1644 3374 1925 3449 noctem⁵
1965 3363 2356 3452 scripsisset,

118 3483 349 3570 primo
413 3480 598 3550 lenta
671 3478 1004 3547 febricula
1071 3495 1414 3570 correptus
1467 3503 1668 3548 mane
1713 3482 2013 3572 quievit,
2058 3478 2358 3568 adeoque

120 3594 301 3662 levis
344 3596 619 3664 morbus
664 3596 1055 3678 videbatur,
1097 3609 1179 3663 ut
1224 3585 1347 3673 nec'
1390 3599 1598 3690 vino,
1628 3610 1752 3664 aut
1797 3598 2081 3685 negotiis
2144 3593 2357 3661 absti-

120 3715 376 3781 nuerit.
408 3713 705 3781 Demum
740 3714 850 3781 die
881 3716 1150 3796 martis,
1180 3715 1302 3782 ubi
1349 3714 1626 3782 deficere
1669 3714 1916 3803 coepit,
1959 3735 2003 3778 a
2045 3708 2357 3800 religioso

122 3832 277 3899 viro
323 3834 626 3899 monitus
669 3846 810 3914 est,
866 3846 947 3899 ut
1014 3843 1443 3923 peccatorum
1513 3830 2003 3899 absolutionem
2060 3839 2316 3918 peteret
2337 3876 2357 3908 ,

122 3948 313 4039 quod
357 3950 488 4018 sibi
534 3951 706 4018 bene
753 3952 1000 4020 habere
1045 3950 1408 4031 videretur,
1440 3950 1525 4016 ad
1553 3948 1624 4015 id
1657 3951 1776 4016 vix
1807 3947 2040 4016 induci
2087 3947 2355 4038 potuit3

120 4066 407 4134 demum
450 4063 818 4159 quamdam
866 4071 1305 4136 anxietatem*
1342 4091 1411 4134 se
1470 4067 1541 4134 in
1595 4069 1823 4134 animo
1865 4064 2119 4142 habere
2165 4062 2357 4130 dicti·

124 4197 278 4254 tans
322 4189 571 4278 paruit.
616 4186 1086 4281 Exomologesi
1128 4191 1249 4258 vix
1294 4198 1562 4279 peracta
1582 4236 1602 4268 ,
1653 4186 1785 4256 sub
1849 4187 2076 4256 manu
2134 4180 2356 4252 absol-
