2950 5017
911 442 1107 493 mnu
1149 444 1444 504 Qusuws
1734 465 1739 471 -
2128 429 2256 497 285

20 568 270 637 tarbis
315 568 672 658 imperinm
715 577 1061 656 accepturo
1091 591 1208 658 per
1236 534 1653 657 Ifegiensium
1696 589 1879 658 agros
1922 577 2262 635 transeun-

20 685 244 751 lnm
290 696 466 764 erat,
510 694 662 751 tuto
704 682 906 749 eundi
946 680 1143 749 fidem
1214 707 1254 749 a
1297 682 1622 771 Gonzagis
1666 684 2042 772 impetravit
2082 679 2267 748 illae-

20 823 330 891 :unque
356 800 665 867 Parmam
701 801 1021 889 pervenit.
1042 799 1350 867 Civitatis
1380 823 1533 867 vero
1565 801 1936 888 principatu
1964 809 2258 888 accepto,

20 928 120 983 et
183 917 407 984 rebus
450 940 539 982 ex
581 918 900 982 sententia
944 917 1342 1004 compositis,
1386 914 1689 982 adversus
1732 913 2151 995 Luchinum,
2195 924 2265 980 et

20 1030 465 1121 Gonzagos,
510 1029 878 1121 Scaligeris,
927 1030 1323 1121 Pepulisque
1368 1030 1699 1098 Bononiae
1741 1030 2151 1119 principibus
2192 1051 2264 1096 se

20 1147 471 1233 conjunxit.
517 1146 619 1213 Ea
662 1170 733 1214 re
775 1150 1040 1235 cognita
1071 1146 1513 1236 Philippinus,
1559 1158 1636 1211 ut
1678 1145 2010 1211 Mutinam
2052 1167 2269 1211 rever·

20 1284 323 1328 uus-um
369 1265 805 1351 interciperet,
836 1261 920 1327 ad
951 1261 1290 1350 Ripaltam
1338 1260 1601 1340 villam,
1646 1282 1819 1349 quae
1865 1257 2077 1325 tribus
2120 1280 2268 1346 pas-
2316 1328 2327 1337 ,

40 1399 304 1443 mum
349 1375 650 1443 millibus
702 1376 909 1467 Regio
971 1377 1185 1456 abest,
1228 1374 1480 1466 duplici
1544 1377 1688 1441 acie
1750 1376 1820 1440 in
1888 1373 2136 1440 insidiis
2198 1395 2268 1440 se

41 1490 412 1560 collocat.
455 1491 735 1560 Obicius
769 1494 889 1582 qui
928 1504 1194 1581 accepta
1237 1488 1365 1558 fide
1408 1490 1577 1558 nihil
1618 1488 1859 1559 hostile
1903 1489 2272 1570 metuebat,

47 1610 459 1697 'praemisso
504 1632 660 1675 eum
705 1611 1009 1676 trecentis
1054 1607 1388 1698 equitibus
1418 1606 1698 1675 Giberto
1743 1604 2084 1685 F'olleano,
2126 1606 2268 1694 ipse

51 1735 244 1814 post
290 1736 471 1814 terga
517 1725 880 1792 inermibus
925 1724 1330 1805 domesticis,
1373 1735 1443 1789 et
1485 1725 1711 1813 paucis
1762 1720 2099 1811 equitibus
2152 1722 2271 1787 sti-

61 1852 303 1929 patus
341 1840 762 1931 sequebatur.
815 1840 957 1908 Vix
1015 1843 1227 1930 prima
1291 1839 1652 1907 latentium
1719 1861 1956 1905 manus
2021 1847 2272 1926 praete-

59 1959 318 2039 rierat,
363 1980 516 2024 cum
563 1978 650 2023 ex
695 1969 986 2046 tempore
1030 1960 1254 2023 exiens
1296 1955 1646 2045 Gonzagus
1689 1954 1904 2023 hostes
1949 1957 2268 2043 utrinque

57 2071 492 2140 circumdat.
537 2071 692 2140 Non
754 2073 983 2161 paucis
1056 2073 1296 2151 caesis,
1340 2072 1584 2137 caeteri
1628 2092 1852 2138 omnes
1896 2070 2109 2157 capti,
2152 2069 2273 2158 qui

63 2198 354 2274 praeter
394 2199 661 2253 centum
708 2186 1113 2254 Mutinenses
1142 2189 1391 2275 ingenti
1424 2188 1704 2275 pecunia
1732 2195 1887 2251 sunt
1917 2181 2264 2272 redempti.

70 2304 276 2371 Inter
320 2326 432 2371 eos
474 2303 862 2369 Franciscus
905 2303 1270 2381 Atestinus,
1314 2315 1381 2367 et
1424 2300 1736 2367 Galaesus
1780 2297 2069 2367 Medices
2113 2299 2268 2366 Fer·-

75 2422 439 2499 ruienses,
483 2417 933 2507 Gibertusque
976 2418 1331 2486 Folleanus
1375 2440 1530 2482 cum
1576 2415 1919 2484 Ludovico
1986 2427 2055 2481 et
2121 2413 2279 2482 Bar-

77 2534 355 2604 tholino
400 2531 572 2615 filiis,
618 2557 697 2600 ae
745 2547 980 2623 nepote
1028 2557 1112 2600 ex
1156 2531 1395 2612 fratre,
1445 2529 1819 2600 Bonifatius
1862 2530 2100 2598 Baroni
2146 2529 2275 2597 Ca-

79 2652 297 2717 nussii
359 2648 574 2730 filius,
618 2650 904 2726 Ioannes
947 2648 1309 2737 Corrigius,
1376 2671 1453 2713 ac
1522 2649 1758 2734 viginti
1829 2656 1957 2711 tres
2025 2644 2276 2710 tribuni

83 2765 451 2845 militares,
504 2765 751 2855 aliique
819 2765 1075 2833 nobiles
1121 2766 1242 2832 viri
1288 2763 1497 2828 fuere.
1554 2760 1685 2828 Sed
1731 2760 2046 2826 Gibertus
2084 2758 2279 2827 Man-

87 2894 291 2947 tuam
333 2904 486 2948 cum
534 2881 756 2947 liberis
798 2881 1077 2960 ductus,
1121 2891 1189 2945 et
1233 2876 1567 2945 custodiae
1625 2876 1943 2953 traditus,
1988 2874 2279 2942 Ludovi·

91 3017 261 3061 cum
307 2992 557 3076 filium,
599 2998 718 3085 qui
790 2999 858 3062 in
928 2994 1177 3083 praelio
1230 2992 1620 3059 vulneratus
1688 2987 1943 3070 fuerat,
2009 2990 2275 3069 amisit;

92 3107 361 3177 luctum
407 3114 600 3177 auxit
645 3134 757 3200 per
805 3110 1088 3176 biduum
1135 3110 1205 3174 in
1250 3129 1504 3174 carcere
1566 3118 1723 3173 ante
1786 3117 2116 3172 moestum
2161 3126 2278 3193 pa-

101 3237 277 3291 trem
321 3224 595 3310 jacentis
624 3222 743 3290 filii
774 3223 1080 3291 relictum
1111 3221 1410 3289 cadaver.
1442 3219 1574 3286 Sed
1604 3223 1660 3287 is
1691 3231 1913 3309 postea
1945 3219 2278 3299 dimissus,

98 3353 168 3407 et
209 3341 517 3409 coenobii
558 3342 719 3409 Divi
763 3340 1065 3429 Prosperi
1110 3340 1508 3429 possessione
1552 3339 1619 3405 in
1664 3337 2062 3404 Fraxanensi
2123 3354 2279 3435 agro

95 3455 388 3525 donatus
430 3456 838 3524 Budrianum
884 3453 1230 3522 castellum
1298 3452 1699 3533 aedificavit,
1743 3464 1812 3520 et
1854 3456 2036 3542 gravi
2097 3449 2280 3522 bello

103 3571 330 3642 hostes
375 3570 645 3643 afflixit.
692 3571 968 3640 Obicius
1013 3569 1173 3661 fuga
1230 3570 1493 3661 elapsus
1534 3570 1838 3637 Parmam
1883 3594 1954 3638 se
1996 3572 2276 3660 recepit:

103 3686 341 3756 deinde
386 3689 648 3755 cautius
690 3710 804 3777 per
842 3686 1043 3755 colles
1068 3686 1403 3753 Mutinam
1450 3708 1740 3754 reversus
1783 3686 1865 3751 de
1907 3696 2102 3774 rupta
2147 3682 2280 3751 fide

103 3814 329 3890 postea
357 3824 516 3869 cum
544 3800 924 3892 Philippino
968 3813 1365 3891 conquestus
1408 3812 1540 3880 est3
1584 3799 1696 3867 sed
1736 3795 1851 3866 ille
1892 3796 2124 3866 subtili
2166 3820 2282 3865 ca-

105 3915 447 3988 villatione
475 3940 545 3985 se
576 3916 866 3999 aditum,
896 3941 1030 3985 non
1061 3916 1347 3983 reditum
1391 3916 1774 3984 concessisse
1818 3913 2149 4004 respondit
2178 3913 2278 3981 (¹).

176 4190 261 4260 (ι)
292 4190 490 4245 Contra
521 4189 644 4244 Bar.
675 4190 735 4244 iu
768 4191 804 4243 1.
838 4191 1034 4244 utimur
1066 4191 1130 4244 ds
1161 4191 1318 4260 sepul.
1349 4190 1452 4246 vio·
1482 4191 1596 4243 abb.
1635 4197 1688 4244 et
1735 4189 1862 4243 alios
1904 4189 1964 4242 in
2014 4205 2059 4241 c.
2090 4188 2185 4242 ult.
2216 4187 2282 4243 de

111 4285 225 4355 trq.
253 4290 307 4341 et
336 4299 449 4356 pse·
477 4284 601 4339 Bar.
631 4283 691 4341 in
724 4284 761 4340 Ι.
798 4300 844 4339 ι.
874 4284 929 4339 ff.
959 4284 1025 4339 ad
1058 4283 1170 4339 Jnl.
1203 4286 1397 4355 majest.
1426 4283 1487 4338 in
1518 4283 1554 4338 Ι.
1592 4300 1635 4336 ι.
1667 4284 1731 4339 de
1761 4282 1898 4338 naus.
1929 4281 2023 4337 lib.
2052 4300 2108 4336 x.
