2950 5017
681 424 810 492 288
1413 438 1652 485 annun
1693 437 2110 486 ancrmrusr
2932 416 2938 533 J

677 558 876 652 pendi
917 556 1291 626 maluerint.
1336 556 1552 644 Major
1595 557 1826 649 populi
1867 580 2018 649 pars
2061 567 2369 647 suspecta
2411 560 2487 625 in
2526 557 2897 628 suburbia

676 674 965 766 relegata
1007 698 1120 764 per
1149 673 1407 764 aliquot
1437 698 1690 742 menses
1735 688 1925 742 extra
1968 674 2201 741 urbem
2246 672 2623 743 habitavit.
2677 673 2897 763 Ejus-

676 790 826 860 dem
871 792 1157 859 criminis
1184 787 1564 857 Albertinus
1604 789 2025 860 Levalossius
2068 788 2229 856 Divi
2273 789 2567 879 Prosperi
2604 791 2889 873 Abbas,

676 919 749 975 et
811 906 955 993 ejus
1020 903 1222 973 frater
1271 905 1576 975 coenobii
1619 905 1801 975 Prior
1844 903 2267 973 insimulatus
2311 906 2767 972 cum‘decem
2812 918 2883 973 et
2936 984 2937 987 Ἴ

677 1035 827 1093 octo
871 1021 1205 1101 monachis
1249 1023 1512 1089 vinctus
1572 1043 1776 1089 cavea
1841 1024 1912 1088 in
1982 1044 2132 1088 arce
2198 1032 2300 1087 est
2362 1020 2711 1102 inclusus,
2754 1046 2882 1089 nec
2936 1072 2937 1081 ,

674 1138 889 1207 multo
951 1149 1138 1227 post,
1178 1137 1493 1227 religiosis
1537 1135 1724 1204 velut
1788 1136 2261 1203 innocentibus
2302 1136 2624 1217 dimissis,
2680 1138 2876 1205 Man·

672 1266 862 1322 tuam
906 1253 992 1321 ad
1037 1253 1440 1344 supplicium
1490 1266 1589 1320 est
1630 1249 1994 1332 deductus3
2029 1254 2181 1342 qui,
2213 1250 2366 1321 solis
2412 1251 2876 1320 familiaribus

672 1369 1140 1456 conjurationis
1184 1373 1307 1437 reis
1348 1371 1644 1459 repertis,
1687 1371 1904 1437 insons
1948 1368 2276 1449 dimissus,
2318 1368 2602 1437 Parmae
2657 1369 2873 1437 Vica-
2936 1414 2937 1429 ,

673 1486 811 1553 rius
852 1481 1007 1551 fnit.
1050 1484 1331 1562 Joannes
1375 1484 1521 1570 ejus
1565 1497 1748 1574 pater
1791 1483 1972 1573 quod
2039 1483 2265 1550 liberis
2325 1481 2561 1573 fugam
2625 1507 2877 1553 consu·
2936 1534 2937 1561 ¹

675 1600 930 1681 luisset,
975 1610 1045 1666 et
1087 1604 1224 1690 ipse
1267 1613 1533 1689 captus,
1574 1602 1643 1665 in
1690 1598 1873 1666 mille
1914 1600 2295 1688 quingentis
2345 1598 2534 1666 libris
2575 1599 2876 1689 Regien-
2936 1578 2937 1607 ³

671 1716 885 1798 sibus,
933 1739 1097 1807 quas
1139 1716 1534 1786 coenobium
1589 1713 1825 1796 solvit,
1869 1714 2233 1782 mulctatus
2285 1712 2442 1782 fuit.
2486 1714 2869 1805 Sagacinus
2936 1734 2937 1761 ¹

672 1832 915 1900 harum
985 1831 1403 1901 historiarum
1472 1833 1750 1920 scriptor
1794 1854 1927 1898 non
1980 1829 2369 1921 indiligens,
2419 1829 2629 1916 hujus
2688 1830 2869 1897 filius
2936 1876 2937 1887 κ

672 1945 828 2014 fuit.
875 1945 979 2015 Eo
1023 1970 1289 2037 quoque
1354 1948 1661 2014 universa
1727 1945 2021 2014 coenobii
2091 1944 2390 2035 supellex
2454 1969 2616 2013 cum
2689 1950 2862 2016 vasis
2936 1974 2937 1983 ¹

671 2063 870 2128 sacris
911 2060 1162 2142 delata,
1204 2082 1394 2125 Lxxx
1436 2059 1696 2127 florenis
1740 2073 1970 2148 postea
2015 2059 2355 2148 redempta
2396 2056 2551 2126 fuit.

805 2176 1088 2254 Joannes
1118 2189 1187 2242 et
1217 2174 1440 2242 Guido
1468 2174 1762 2244 Folleani
1810 2175 1930 2241 ubi
1975 2175 2458 2260 conjurationes
2501 2175 2630 2242 sibi
2681 2175 2858 2244 male
2936 2240 2937 2245 ,

671 2294 928 2359 cessisse
960 2291 1518 2372 animadvertunt,
1548 2293 1833 2380 patriam
1879 2303 2124 2357 temere
2164 2287 2640 2357 labefactatam
2674 2315 2857 2381 repe-

674 2417 813 2472 tere
879 2403 1012 2471 alia
1079 2417 1218 2471 arte
1282 2416 1629 2473 conantur.
1693 2404 1870 2471 Cum
1915 2404 2265 2473 Cabriotto
2311 2407 2488 2471 enim
2534 2405 2854 2474 Ganussio
2936 2450 2937 2505 4

670 2522 1096 2600 conveniunt,
1142 2531 1219 2587 ut
1262 2521 1550 2588 Mastino
1598 2521 1832 2588 urbem
1878 2519 2133 2610 prodat.
2179 2520 2242 2586 Is
2287 2519 2622 2588 Comitem
2656 2521 2846 2610 Aspri
2936 2508 2937 2511 ¹

670 2647 739 2703 et
781 2635 1150 2704 Arnoldum
1217 2636 1458 2704 Bacchi
1529 2636 1894 2704 Germanos
1910 2688 1930 2717 ‚
1984 2635 2401 2703 Matthaeum
2469 2637 2852 2705 Ponteraca·

670 2755 845 2820 rium
889 2751 1317 2834 Brixianum,
1360 2752 1840 2842 Car-lorumque
1884 2752 2346 2819 Placentinum
2387 2774 2545 2820 cum
2597 2757 2849 2843 magnis

670 2868 873 2958 copiis
939 2892 1018 2937 eo
1083 2871 1316 2937 mittit.
1361 2869 1620 2936 Interea
1665 2868 1945 2935 Giberto
2001 2866 2324 2945 Folleano
2386 2868 2557 2934 duce
2619 2868 2843 2937 exules

669 2996 1017 3074 coguntur.
1061 2985 1218 3052 Dies
1260 2985 1613 3074 proditioni
1662 2984 1989 3051 destinata
2033 2982 2283 3063 aderat,
2325 3005 2482 3049 cum
2530 2984 2839 3052 Atestini-

669 3123 803 3190 que
852 3099 1103 3167 auxilio
1149 3099 1232 3166 ad
1275 3100 1544 3169 Portam
1590 3100 1954 3167 Brennonis
2000 3097 2339 3188 extemplo
2407 3096 2578 3167 fossa
2636 3114 2834 3189 ponte
2936 3114 2937 3161 1

669 3216 905 3302 juncta
947 3216 1073 3282 sub
1119 3239 1420 3283 auroram
1465 3241 1508 3283 a
1550 3216 1900 3286 Cabriotto
1945 3214 2267 3284 Ganussio
2331 3217 2400 3282 in
2465 3216 2697 3283 urbem
2736 3241 2835 3284 re-

669 3333 1030 3421 cipiuntur.
1074 3331 1223 3408 Jam
1267 3334 1618 3421 quingenti
1650 3357 1736 3400 ex
1765 3333 2111 3401 moenibus
2146 3335 2217 3399 in
2251 3329 2470 3401 forum
2514 3333 2828 3423 explicato
2936 3324 2937 3353 ³

675 3443 928 3514 vexillo
997 3446 1504 3529 descenderant3
1556 3470 1712 3516 cum
1764 3447 2094 3519 Manfredi
2156 3460 2225 3514 et
2283 3446 2477 3515 Sessii
2537 3447 2830 3538 implaca-

674 3558 841 3627 biles
885 3559 1346 3629 Folleanorum
1396 3561 1614 3631 hostes
1680 3564 1767 3631 ad
1835 3587 2167 3632 armorum
2234 3566 2584 3654 strepitum
2636 3564 2820 3630 exciti

670 3677 1088 3747 venientibus
1131 3692 1515 3747 occurrunt:
1562 3678 1679 3747 diu
1724 3693 2097 3772 pugnatum
2173 3693 2314 3762 est;
2376 3681 2634 3749 tandem
2684 3679 2820 3768 plu-

667 3791 852 3859 ribus
897 3793 1133 3874 caesis,
1195 3816 1321 3860 nec
1386 3795 1812 3884 paucioribus
1877 3799 2123 3886 captis,
2166 3797 2410 3862 caeteri
2477 3797 2547 3861 in
2610 3791 2817 3884 fugam
2936 3880 2937 3885 ἵ

669 3909 839 3976 versi
882 3907 1048 3975 urbe
1092 3918 1248 3975 sunt
1289 3910 1585 3999 expulsi.
1630 3911 1818 3978 Dum
1866 3911 2106 4000 trepidi
2149 3908 2350 3978 simul
2395 3932 2617 3979 omnes
2651 3913 2817 3976 exire

671 4024 977 4111 cupiunt,
1025 4047 1181 4114 prae
1229 4048 1419 4091 onere
1481 4024 1692 4094 fracto
1758 4039 1986 4117 ponte,
2028 4026 2299 4115 plurimi
2342 4027 2711 4116 praecipites
2748 4028 2812 4095 in
2936 4066 2937 4113 2

667 4135 891 4210 foveas
932 4138 1205 4210 cadunt.
1250 4139 1505 4232 Viginti
1551 4141 1711 4228 duo,
1739 4155 1811 4211 et
1845 4147 1916 4212 in
1947 4141 2052 4211 his
2080 4141 2446 4214 Bernardus
2490 4140 2808 4221 Folleanus
2936 4124 2937 4129 ἵ
