2950 5017
648 410 783 495 344
1406 425 1648 472 aarum
1690 425 2115 473 ucrausmm

646 565 881 622 turum
911 557 1228 619 vocasset.
1260 545 1565 616 Tandem
1607 547 1895 624 concilio
1938 548 2032 619 ob
2076 549 2445 617 sedandum
2482 550 2887 620 tumultum

646 668 904 739 indicto
979 665 1287 735 Tertium
1368 665 1629 732 dimitti
1695 664 1987 757 placuit.
2056 666 2285 736 Tertio
2349 670 2600 758 itaque
2685 693 2888 737 nonas

646 787 821 877 junii
867 784 1198 854 excedens
1241 786 1341 850 ira
1383 782 1672 876 odioque
1718 782 1955 874 plenus
1997 795 2068 850 et
2114 784 2356 874 opibus
2406 785 2698 852 ditatus
2751 786 2886 853 Par-

648 927 836 974 mam
881 926 951 971 se
993 900 1306 971 contulit.
1353 899 1545 992 Regii
1592 922 1746 970 vero
1783 901 2116 979 Joannem
2145 902 2458 970 Lalatam
2500 904 2884 972 sordidissi-

646 1044 844 1092 mum
889 1020 1235 1090 hominem
1281 1042 1402 1111 pro
1444 1018 1782 1100 Praetore,
1815 1032 1885 1087 et
1914 1018 2262 1090 Praefecto
2304 1020 2736 1113 reliquerat,
2782 1028 2883 1112 qui

646 1143 908 1228 integro
952 1135 1394 1227 quadriennio
1440 1138 1630 1203 omni
1684 1134 2181 1204 inhumanitate
2236 1141 2678 1229 avaritiaque
2744 1164 2877 1208 usus

549 1232 563 1245 ⁶
648 1250 1078 1346 implacabile
1123 1254 1196 1320 in
1238 1274 1311 1320 se
1353 1253 1612 1320 civium
1657 1252 1891 1320 odium
1936 1254 2329 1322 concitavit.-

784 1370 987 1440 Porro
1032 1380 1224 1437 tanta
1269 1391 1351 1438 eo
1398 1378 1701 1459 tempore
1743 1371 1916 1436 inter
1958 1367 2343 1437 Parmenses
2387 1393 2466 1438 ac
2510 1371 2877 1462 Regienses

646 1487 999 1559 concordia
1027 1484 1188 1568 fuit,
1217 1497 1301 1553 ut
1328 1482 1415 1553 ad
1442 1499 1759 1553 mutuam
1806 1485 2349 1556 benevolentiam
2393 1487 2877 1557 declarandam

650 1608 946 1675 invicem
992 1604 1456 1684 concesserint,
1501 1613 1585 1669 ut
1627 1604 1698 1670 in
1745 1601 2216 1672 alterutrorum
2257 1627 2417 1694 agro
2442 1608 2750 1695 quique,
2783 1630 2879 1674 ve·

643 1722 755 1792 lut
800 1724 1099 1814 propriae
1133 1722 1319 1789 urbis
1347 1723 1548 1804 cives,
1593 1744 1697 1788 res
1740 1720 1865 1789 soli
1913 1736 2184 1810 possent
2214 1725 2588 1811 acquirere,
2624 1736 2702 1791 et
2735 1747 2877 1791 cen·

647 1850 799 1907 tum
846 1838 1056 1907 ferme
1100 1840 1452 1929 Regienses
1496 1859 1656 1905 cum
1715 1840 1995 1928 posteris
2039 1841 2318 1905 civitate
2362 1839 2727 1907 Parmensi
2773 1839 2879 1908 do·

643 1959 788 2025 nati
835 1954 1043 2025 fuere.
1077 1955 1400 2025 Ceterum
1431 1954 1837 2024 Othobonus
1870 1955 2207 2046 completo
2236 1955 2680 2024 induciarum
2715 1973 2875 2025 tem-

642 2097 828 2165 pore,
873 2097 1049 2164 quae
1093 2073 1514 2141 Venetorum
1561 2076 1966 2141 auctoritate
2017 2097 2176 2141 cum
2223 2073 2509 2142 Nicolao
2555 2076 2873 2143 Atestino

642 2193 852 2259 initae
897 2189 1193 2270 fuerant,
1223 2171 1518 2281 quatuor
1548 2189 1850 2258 millibus
1896 2195 2206 2281 equitum
2251 2207 2736 2260 veteranorum
2784 2196 2872 2259 in-

640 2320 934 2377 structus
980 2307 1287 2376 Mutinae
1334 2320 1543 2398 atque
1595 2310 1929 2376 Ferrariae
1984 2309 2408 2376 imminebat.
2465 2307 2549 2374 Ei
2599 2332 2677 2376 se
2723 2333 2868 2378 con-

638 2425 872 2513 junxit
902 2423 1184 2493 Obicius
1212 2425 1714 2515 Montegarolus
1758 2430 1879 2517 qui
1924 2425 2200 2494 castella
2243 2425 2587 2517 quaedam
2623 2431 2698 2494 in
2733 2429 2868 2494 Fri·

642 2566 863 2633 gnano
907 2542 1200 2612 Nicolao
1255 2543 1570 2634 adempta
1623 2546 1902 2612 retinere
1970 2569 2103 2613 non
2172 2555 2516 2633 potuerat,
2578 2556 2655 2612 et
2718 2557 2865 2611 tum

640 2661 1159 2742 Mutinensium,
1187 2660 1592 2750 Joannisque
1636 2659 1970 2728 Manfredi
2015 2660 2306 2728 castellis
2351 2662 2637 2752 direptis
2684 2685 2870 2751 prae·

639 2778 798 2845 dam
844 2791 1117 2845 centum
1166 2781 1664 2869 quinquaginta
1712 2777 2005 2845 millium
2060 2777 2460 2847 florenorum
2520 2778 2862 2868 abegerat.

638 2893 965 2963 Nicolaus
1010 2894 1096 2962 ad
1143 2895 1687 2964 contundendam
1734 2892 1957 2962 infesti
2004 2894 2213 2964 hostis
2260 2894 2655 2975 audaciam,
2684 2892 2864 2964 Sfor·

642 3014 837 3093 tiam,
868 3014 988 3101 qui
1018 3010 1560 3081 Florentinorum
1607 3012 1812 3101 copiis
1844 3009 2248 3101 praefuerat,
2279 3014 2858 3100 septingentorum

638 3132 950 3219 equitum
1020 3130 1348 3219 stipendio
1414 3132 1736 3219 promisso
1809 3107 2121 3210 vocavit,
2161 3141 2231 3195 et
2276 3127 2530 3196 vexillo
2587 3128 2856 3207 tradito,

640 3248 713 3312 in
753 3226 895 3336 nuo
943 3246 1327 3312 turbinatus
1373 3246 1646 3313 adamas
1701 3270 1903 3315 aureo
1958 3245 2211 3314 annulo
2263 3244 2565 3312 inclusus
2620 3248 2851 3312 invicti

640 3362 827 3428 ducis
870 3365 1173 3430 animum
1203 3360 1568 3430 infractum
1602 3364 1990 3445 denotabat,
2026 3368 2491 3453 imperatorem
2525 3366 2848 3431 exercitus

638 3476 1027 3548 declaravit.
1082 3479 1146 3545 Is
1207 3503 1297 3545 ex
1359 3480 1730 3547 Attendula
1779 3479 2035 3548 familia
2080 3479 2476 3570 Cotignolae
2543 3483 2687 3569 agri
2734 3481 2848 3546 Fa-

637 3598 893 3663 ventini
938 3596 1184 3686 oppido
1216 3608 1419 3663 natus
1448 3599 1581 3665 sub
1611 3598 1926 3667 Alherico
1959 3598 2285 3665 Balbiane
2319 3600 2536 3685 prima
2571 3595 2847 3698 militiae

637 3716 1022 3783 rudimenta
1069 3727 1418 3806 posuerat3
1473 3716 1733 3783 Mutius
1805 3731 2002 3784 antea
2072 3716 2478 3813 vocabatur,
2535 3715 2653 3781 sed
2706 3737 2846 3781 cum

635 3831 953 3921 praedam
1022 3831 1216 3900 velut
1284 3836 1390 3900 sui
1457 3832 1625 3919 juris
1694 3832 1944 3900 factam
1998 3839 2069 3901 vi
2127 3845 2431 3900 tuentem
2490 3830 2848 3900 Balbianus

634 3945 808 4015 ferte
852 3947 1427 4037 deprehendisset,
1473 3948 1765 4017 Sfortiae
1832 3974 2075 4019 nomen
2146 3949 2426 4029 indidit,
2473 3972 2657 4038 quae
2726 3970 2844 4017 vox

632 4062 841 4132 latine
886 4065 1255 4133 violentum
1305 4065 1658 4157 significat.
1708 4062 1915 4157 Apud
1961 4066 2256 4136 Broliam
2291 4065 2736 4155 Allobrogem
2781 4068 2840 4130 in

632 4181 904 4252 Umbria
965 4185 1361 4254 Assisiatum
1427 4198 1788 4274 tyrannum
1851 4189 2146 4283 primum
2210 4197 2477 4253 turmae
2538 4186 2838 4276 equitum
