2950 5017
953 425 1187 475 ‚nina
1232 426 1529 476 octavus
1564 461 1572 471 .
2220 414 2351 502 527

58 549 381 622 urbem
425 558 812 640 reeeptmm
855 561 1037 632 erat3
1080 549 1196 619 sed
1241 546 1579 642 patefacto
1621 547 1864 618 scelere
1908 549 2353 642 comprehen-

58 690 243 736 sus
292 670 367 735 in
409 665 912 758 quaestionibus
955 655 1397 759 proditionem
1428 663 1765 738 confessus
1794 677 1927 748 estq
1967 679 2043 735 et
2071 670 2153 737 in
2199 665 2347 738 foro

64 785 362 877 eapite
405 786 707 875 punitus.
1801 848 1806 855 .

266 900 454 969 Inter
496 900 665 969 haec
709 924 869 968 cum
914 900 1176 972 Renata
1222 898 1527 968 Herculis
1581 921 1752 969 uxor
1803 899 1945 986 jam
2008 899 2190 992 alpes
2241 924 2354 971 su-

70 1014 458 1107 perasset,
519 1016 907 1108 Alphonsus
970 1016 1177 1085 nurui
1238 1014 1439 1086 officii
1505 1019 1720 1107 gratia
1786 1016 2060 1087 obviam
2129 1018 2350 1088 iturus

72 1133 416 1227 Regium
464 1137 673 1204 venit.
721 1133 1285 1225 Triumphalibus
1329 1133 1621 1203 arcubus
1681 1137 1754 1202 in
1813 1156 2094 1225 sponsae
2137 1132 2352 1205 hono·

78 1276 277 1320 rem
325 1254 558 1322 erectis
573 1302 593 1334 ‚
633 1253 1133 1342 quinquaginta
1174 1252 1456 1338 juvenes
1508 1274 1655 1321 raso
1706 1251 2018 1320 bombice
2060 1251 2351 1320 caerulei

82 1366 385 1438 eoloris.
410 1367 540 1435 sub
583 1364 818 1435 boram
865 1370 1152 1457 primam
1183 1370 1398 1436 noctis
1439 1379 1601 1435 cum
1639 1369 1836 1436 sacris
1865 1370 2026 1436 viris
2057 1369 2353 1436 venienti

78 1496 584 1553 occurrerunt.
629 1482 931 1573 Nuptiae
977 1496 1209 1573 postea
1252 1484 1560 1552 Mutinae
1601 1484 2000 1566 celebratae,
2046 1484 2169 1552 ubi
2214 1483 2351 1553 Ve-

88 1615 447 1670 notorum
514 1600 758 1690 legati,
824 1603 945 1691 qui
1011 1600 1431 1691 gratulatum
1476 1613 1837 1682 venerant,
1904 1600 2071 1672 duas
2135 1613 2353 1670 vestes

92 1740 365 1786 aureas
408 1716 710 1785 Renatae
755 1716 1125 1785 liberaliter
1167 1716 1527 1787 donarunt.
1572 1717 1971 1788 Vincentius
2012 1715 2349 1804 Scajolus,

92 1846 191 1902 et
238 1834 626 1903 Alexander
670 1834 1147 1904 vicedominus
1209 1846 1281 1902 et
1339 1837 1469 1925 ipsi
1526 1857 1686 1902 cum
1732 1833 2155 1926 nuptialibus
2199 1857 2353 1902 mu-

92 1952 395 2021 ner-ihus
437 1976 517 2022 eo
562 1977 604 2020 a
649 1951 1086 2043 Regiensibus
1148 1954 1331 2021 missi
1386 1954 1678 2043 equestri
1721 1951 2050 2042 dignitate
2096 1951 2188 2019 ab
2229 1950 2353 2022 Al-

94 2068 383 2161 phonso
427 2072 731 2138 exornati
775 2066 986 2136 fuere.
1057 2069 1165 2137 Ibi
1233 2071 1442 2136 etiam
1512 2068 1919 2150 Florentini,
1987 2070 2110 2159 qui
2173 2070 2351 2137 inter

96 2184 484 2254 Caesarem
529 2196 603 2253 et
645 2183 1040 2254 Pontificem
1085 2196 1322 2253 contra
1366 2208 1434 2253 se
1483 2182 1736 2252 factam
1786 2186 2348 2275 conspirationem

102 2315 599 2393 cognoverant,
643 2301 916 2370 Herculi
963 2303 1297 2384 Atestino,
1340 2323 1550 2393 quem
1594 2304 1942 2392 copiarum
1988 2304 2081 2368 im
2087 2314 2351 2393 perato-

104 2442 269 2504 rem
309 2417 834 2500 declaraverunt,
880 2416 1338 2511 praefecturae
1381 2432 1720 2509 sceptrum
1766 2393 2117 2488 miser-unt.
2163 2417 2347 2485 Cum

116 2558 293 2606 vero
338 2535 583 2605 Gallus
626 2536 891 2607 obsides
949 2560 991 2604 a
1056 2536 1335 2606 Caesare
1378 2534 1549 2604 filios
1609 2532 2033 2624 efflagitaret,
2077 2533 2167 2600 ab
2210 2532 2348 2600 alia

106 2663 315 2744 pute
344 2652 604 2743 Anglus
635 2665 931 2721 trecenta
966 2677 1327 2723 aureorum
1373 2653 1592 2720 millia
1636 2651 1853 2718 eidem
1900 2648 2340 2722 mutuo‘data

112 2782 192 2837 et
258 2769 394 2837 alia
447 2773 819 2862 quingenta
864 2769 1077 2838 millia
1146 2770 1277 2837 sibi
1344 2791 1597 2859 poenae
1655 2770 1928 2836 nomine
1991 2767 2346 2858 promissa,

116 2886 308 2978 quod
341 2885 808 2977 desponsatam
851 2885 1064 2953 filiam
1113 2909 1392 2955 uxorem
1432 2910 1565 2954 non
1599 2884 1926 2964 duxisset,
1955 2894 2026 2951 et
2054 2895 2348 2973 quatuor

118 3029 454 3074 annorum
500 3018 773 3095 pactam
817 3008 1213 3095 pensionem·
1247 3004 1633 3095 repetebat,
1664 3015 1733 3070 et
1764 3025 1923 3069 cum
1953 3001 2347 3094 nihil1prae-

117 3135 414 3192 staretur
454 3126 520 3190 ei
564 3124 669 3190 ab.
698 3136 988 3213 utroquo
1034 3146 1185 3214 rege
1237 3145 1436 3213 grave
1488 3119 1750 3188 bellum
1795 3119 2129 3188 indictum
2175 3116 2339 3188 fuit.

120 3239 461 3310 Tantafin
508 3261 667 3306 eum
713 3241 813 3306 ira
857 3238 1105 3307 Gallus
1147 3240 1467 3305 exarsisse
1511 3235 1757 3304 dicitur
1816 3248 1897 3303 ut·
1957 3235 2182 3304 verbis
2225 3259 2346 3303 no·

122 3367 353 3425 tatum
419 3356 515 3424 ad·
573 3355 904 3447 singulare
970 3369 1311 3423 certamen
1373 3355 1864 3446 provocaverit.
1909 3352 2054 3420 Nec
2098 3351 2347 3421 Caesar

126 3474 579 3544 conditionem
649 3477 908 3556 renuit,
953 3476 1074 3565 qui
1119 3475 1335 3541 missis
1379 3472 1464 3539 ad
1513 3463 1742 3568 ⁴regem
1787 3494 1906 3563 per
1947 3494 2340 3562 praeconem

122 3590 371 3659 litteris
414 3591 501 3659 ad
545 3590 1020 3661 Fonterabiam
1066 3601 1138 3657 et
1180 3587 1488 3658 Andeam
1541 3586 1827 3656 flumina
1876 3610 1957 3656 eo
2002 3608 2345 3654 armorum

125 3729 398 3800 genere,
450 3707 637 3800 quod
700 3710 865 3777 certi
931 3730 1234 3799 proceres
1298 3704 1683 3798 elegissent,
1743 3727 1817 3773 se
1884 3712 2344 3793 pugnaturum

128 3827 456 3917 promisit.
500 3824 635 3894 Sed
676 3825 809 3893 *ille
825 3877 845 3908 ,
890 3822 1316 3895 dissimulato
1374 3844 1689 3913 responso
1706 3870 1728 3903 ‚
1783 3818 1908 3887 ubi
1971 3839 2164 3899 suos,
2219 3818 2345 3910 qui

127 3942 598 4014 mediolanum.
649 3942 1045 4014 obsidebant
1071 3994 1093 4025 ,
1160 3942 1251 4010 ab
1317 3940 1629 4030 Hispanis
1697 3935 2075 4029 profligatos
2137 3931 2346 4003 fuisse

132 4062 414 4146 audivit,
454 4076 530 4130 et
572 4064 854 4131 Auriam
900 4062 991 4132 ob
1035 4059 1368 4130 occultam
1415 4057 1736 4146 injuriam
1785 4055 1869 4124 ad
1912 4053 2175 4124 bostem
2222 4053 2342 4121 de·
2444 4130 2451 4136 ,

130 4176 397 4264 fecisse,
422 4179 548 4267 ‚his
589 4179 849 4273 legibus
893 4177 1070 4249 hosti
1115 4180 1361 4247 iterum
1403 4187 1504 4246 est
1546 4171 1975 4254 conciliatus,
2018 4185 2101 4242 ut
2143 4171 2344 4243 vicies
