2950 5017
924 393 1125 438 crana
1168 391 1468 448 quana-us
2149 378 2275 444 251

31 514 359 584 Nuntii
405 512 662 582 nobilia
706 524 995 603 quatuor
1037 513 1362 582 suburbia
1414 522 1482 578 et
1541 514 1667 602 ipsi
1709 513 2023 582 incendio
2067 513 2284 582 dirue·

39 644 254 700 rant.
313 628 583 699 Exinde
612 627 931 698 Herberia
973 641 1043 697 et
1082 627 1155 697 S.
1186 630 1474 699 Martino
1519 628 1961 701 Robertorum
2004 631 2280 701 castello

37 759 500 838 expugnato,
541 748 839 836 quinque
886 756 1156 811 tantum
1201 744 1434 842 diebus
1475 743 1573 810 ibi
1639 757 1797 811 sunt
1853 749 2277 815 commorati.

37 863 451 955 Extemplo
516 863 724 931 literis
785 862 866 928 ad
927 862 1177 930 Canem
1228 862 1489 930 Verona
1559 861 1810 943 allatis,
1852 864 2098 953 quibus
2143 864 2281 933 Go-

37 984 274 1048 ritiae
319 981 659 1048 Comitem
728 981 800 1047 in
864 979 1267 1047 veronenses
1333 990 1693 1047 venturum
1758 979 2279 1069 significabatur,

39 1096 294 1166 Canis
353 1095 644 1188 Scaliger
704 1095 1088 1203 Regiolum,
1142 1096 1518 1164 Passerinus
1583 1118 1742 1165 vero
1809 1097 2143 1164 Mutinam
2211 1122 2281 1166 se

39 1211 409 1294 contulit3
455 1214 574 1301 qui
619 1215 810 1280 sociis
854 1211 1256 1280 abeuntibus
1301 1234 1457 1278 cum
1512 1212 1875 1303 capiendae
1927 1214 2111 1280 urbis
2163 1238 2282 1305 ape

50 1329 441 1397 excidisset
461 1380 481 1410 ,
526 1330 609 1396 ad
655 1328 1096 1419 oppugnanda
1141 1328 1566 1419 Regiensium
1614 1328 1887 1397 castella
1929 1353 2281 1399 conversus

51 1458 329 1535 quarto
372 1468 580 1513 nonas
610 1444 893 1513 octobris
924 1444 1244 1512 Budrium
1292 1468 1378 1511 ex
1424 1456 1718 1534 tempore
1764 1445 2034 1512 adortus
2077 1449 2278 1535 cepit.

57 1561 509 1642 Par-menses,
552 1564 671 1651 qui
715 1573 881 1628 tunc
926 1561 1016 1629 ob
1058 1558 1437 1628 Rolandum
1486 1561 1804 1630 Roscium
1848 1585 2002 1628 cum
2051 1561 2283 1635 Gibel-

55 1675 260 1745 linae
304 1676 611 1746 factionis
655 1677 1040 1747 bominibus
1081 1678 1482 1758 sentiebant,
1515 1681 1584 1745 in
1613 1681 1903 1768 speciem
1940 1679 2281 1747 avertendi

57 1793 256 1861 belli
299 1818 450 1861 cum
498 1793 738 1863 ocultis
781 1794 1118 1864 mandatis
1171 1805 1462 1882 quatuor
1506 1793 1760 1884 legatos
1803 1817 1963 1861 cum
2010 1808 2283 1863 centum

63 1910 431 2000 equitibus
474 1909 559 1977 ad
599 1909 1011 1977 Passerinum
1080 1922 1258 1977 tecta
1325 1907 1559 1976 fraude
1628 1913 1984 1991 miserunt3
2033 1912 2282 2001 quibus

67 2048 397 2116 agrorum
445 2038 819 2094 nostrorum
878 2025 1382 2115 populationem
1450 2025 1797 2115 prohibere
1842 2026 2050 2094 videri
2096 2027 2278 2096 vole-
2324 2056 2329 2061 ·

65 2141 283 2211 bant:
334 2143 452 2210 sed
494 2167 566 2210 re
606 2166 761 2210 vera
806 2141 1104 2208 hostibus
1148 2155 1378 2209 contra
1411 2144 1665 2211 vicinos
1703 2146 1912 2210 socios
1944 2144 2279 2212 auxilium

73 2260 808 2350 tulerunt.,Regienses
852 2272 1286 2348 tyrannorum
1357 2259 1619 2347 opibus,
1665 2273 1735 2327 et
1777 2284 2048 2329 suorum
2116 2262 2284 2329 sedi-

73 2378 383 2445 tionibus
426 2377 722 2467 undique
783 2378 1257 2457 circumventi,
1311 2375 1597 2442 alienam
1665 2401 1860 2467 opem
1927 2378 2282 2469 implorare

73 2506 442 2584 coguntur.

211 2611 371 2687 Jam
418 2632 590 2677 anno
634 2619 788 2675 ante
831 2607 1113 2684 Joannes
1142 2606 1341 2674 XXII
1384 2607 1722 2687 Pontifex,
1750 2612 1868 2698 qui
1920 2612 1987 2675 in
2033 2608 2282 2678 Galliis

75 2725 401 2817 degebat,
444 2724 878 2793 Beltrandum
922 2724 1246 2814 Pogetum
1292 2725 1716 2799 Cardinalem
1763 2723 2058 2814 legatum
2107 2726 2282 2793 Pon-

82 2841 342 2909 tificiae
405 2844 613 2932 partis
679 2839 959 2931 populos
1027 2844 1095 2907 in
1162 2839 1377 2910 officio
1440 2852 1854 2907 retenturum
1899 2844 1968 2907 in
2011 2840 2280 2908 Italiam

83 2962 402 3039 miseran
428 2962 583 3049 qui,
627 2982 780 3025 cum
825 2958 1081 3035 Joanne
1111 2958 1287 3047 Rege
1316 2957 1673 3025 Boherniae
1718 2955 1977 3025 foedere
2021 2957 2283 3044 juncto,

85 3098 226 3144 non
277 3073 471 3142 modo
516 3072 811 3164 plurium
869 3073 1140 3139 urbium
1212 3084 1438 3161 gentes
1506 3072 1634 3139 sibi
1702 3072 2133 3153 conciliavit,
2169 3073 2283 3140 sed

80 3193 399 3257 civitates
458 3193 661 3257 etiam
730 3214 861 3257 non
930 3212 1176 3278 paucas
1220 3186 1529 3257 Pontifici
1571 3188 1880 3275 subjecit.
1948 3190 2055 3255 Ad
2124 3212 2279 3256 eum

83 3306 448 3397 Regienses
488 3305 908 3373 Placentiam
970 3307 1092 3371 ubi
1154 3305 1484 3373 residebat
1526 3309 1767 3395 quinto
1822 3307 1971 3374 idus
2014 3329 2285 3374 novem-

83 3422 216 3491 bris
263 3423 522 3513 legatos
564 3427 877 3503 mittunt,
920 3435 1247 3513 orantque
1313 3437 1394 3489 ut
1433 3423 1609 3488 .urbi
1655 3421 1997 3490 Pontificis
2065 3434 2282 3512 partes

82 3552 358 3607 secutae
405 3551 725 3607 rectorem
771 3536 1129 3629 praeficiat.
1184 3537 1473 3606 Gratum
1522 3538 1915 3606 Beltrandus
1959 3541 2282 3606 nuncium

83 3658 370 3746 accepit,
401 3679 480 3723 ac
508 3656 714 3746 Regio
758 3657 829 3724 in
871 3678 1062 3722 suam
1102 3654 1390 3724 tutelam
1436 3669 1700 3746 recepto
1744 3668 1814 3722 et
1857 3658 1925 3722 in
1972 3654 2283 3721 libertate

85 3775 504 3861 permanenti
571 3772 698 3839 sub
761 3769 1076 3862 praefecti
1141 3774 1413 3841 nomine
1478 3774 1621 3839 sine
1686 3773 1962 3861 imperio
2027 3773 2099 3837 in
2165 3793 2283 3837 sex

87 3911 340 3956 meuses
383 3886 788 3957 defensorem
849 3890 1228 3957 constituit.
1283 3889 1347 3955 Is
1394 3886 1529 3954 fuit
1572 3887 1934 3979 Vergusius
1977 3886 2280 3967 Landus,

88 4005 210 4093 qui
249 4004 433 4095 quod
478 4002 859 4072 Galleaciua
905 4004 1293 4075 vicecomes
1364 4007 1589 4074 uxoris
1654 4027 1815 4072 suae
1882 4003 2281 4095 pudicitiam

88 4121 503 4210 petulantius
567 4133 1032 4214 pertentasset,
1102 4122 1383 4191 Actium
1450 4123 1596 4214 ejus
1659 4119 1878 4190 filium
1944 4120 2284 4189 Placentia
