2950 5017
662 414 796 461 222
1404 410 1643 457 numm
1686 406 2104 456 BEGlssuUM

663 535 852 600 annis
895 554 1081 600 suam
1129 528 1607 619 rempublicam
1652 552 1786 597 non
1832 526 2028 596 modo
2074 524 2347 595 viriliter
2373 521 2846 606 defenderunt,

659 650 772 716 sed
812 652 1015 715 etiam
1048 647 1303 737 longius
1334 658 1692 736 propagato
1723 648 1999 735 imperio
2031 641 2545 733 amplificarunt.
2595 642 2847 710 Contra

660 766 962 844 Iacobus
1006 765 1325 832 Presicus
1369 763 1825 831 Cremonensis
1868 762 2140 830 Praetor
2185 783 2501 827 vesanum
2559 757 2844 848 perfidae

660 879 1401 971 plebis·retundendum
1447 875 1768 958 furorem,
1814 880 2069 968 optimo
2112 877 2395 966 principi
2439 874 2714 953 urbem,
2754 873 2846 939 di·
2928 868 2929 875 '

662 999 1023 1085 gnitatem,
1068 1009 1137 1061 et
1179 997 1532 1084 imperium
1577 993 2100 1063 conservandum
2144 1014 2282 1058 esse
2326 1001 2836 1058 commemorat:

661 1115 966 1204 praemiis
1027 1108 1314 1179 fortibus
1381 1114 1760 1202 propositis,
1829 1121 2060 1179 monet
2125 1106 2451 1198 praelium
2517 1105 2843 1197 paulisper

659 1235 1059 1308 sustineant,
1091 1228 1376 1309 auxilia,
1405 1252 1581 1318 quae
1610 1252 1696 1294 ex
1727 1229 2042 1318 proximis
2086 1226 2253 1294 locis
2298 1228 2615 1293 accersita
2665 1236 2845 1301 sunt,

659 1349 837 1415 intra
881 1368 1124 1437 paucas
1169 1344 1359 1411 horas
1404 1342 1730 1424 affutura,
1764 1345 2030 1412 interim
2075 1364 2294 1408 arcem
2336 1365 2470 1408 non
2516 1339 2744 1406 deesse
2783 1341 2844 1404 in

664 1484 871 1550 quam
918 1473 1070 1528 tuto
1114 1484 1182 1526 se
1227 1461 1478 1549 possint
1523 1462 1829 1548 recipere.
1871 1459 1991 1524 His
2019 1457 2235 1525 verbis
2264 1459 2566 1524 omnium
2606 1455 2847 1521 animis

658 1576 819 1643 hinc
866 1575 1020 1643 inde
1064 1574 1466 1642 confirmatis
1510 1576 1579 1641 in
1628 1573 1843 1643 medio
1905 1569 2048 1642 foro
2116 1574 2353 1638 acriter
2398 1571 2846 1646 concurritur,
2930 1582 2931 1605 *

660 1690 938 1780 plurimi
1007 1693 1319 1779 utrinque
1377 1689 1745 1769 vulnerati,
1790 1691 1928 1755 vivi
1972 1686 2358 1753 cadentibus
2423 1683 2846 1752 cadaveribus

657 1809 978 1894 permixti
1022 1806 1454 1871 crudeliorem
1501 1804 1757 1869 cladem
1820 1801 2200 1884 faciehant3
2251 1803 2370 1893 qui
2436 1803 2615 1868 enim
2683 1798 2850 1886 jace·

663 1921 828 1987 bant
876 1923 1272 2010 plerumque
1319 1920 1761 2008 pugnantium
1795 1921 2188 1999 amicorum,
2225 1929 2346 1985 aut
2376 1915 2664 1985 fratrum
2699 1915 2847 1983 alio-

657 2060 895 2104 rumve
942 2041 1462 2125 propinquorum
1511 2035 1789 2124 pedibus
1831 2035 2203 2103 conculcati
2249 2049 2404 2103 ante
2452 2033 2689 2102 horam
2736 2036 2848 2099 mi-

662 2175 799 2220 sere
841 2155 1049 2218 vitam
1098 2151 1464 2239 relinquere
1513 2150 1948 2239 cogebantur:
1995 2155 2313 2241 sanguine
2358 2152 2675 2219 madente
2716 2149 2845 2216 solo
2932 2200 2933 2203 η

659 2267 967 2335 nonnulli
1012 2266 1339 2347 labentes,
1385 2266 1573 2335 nullo
1620 2268 1838 2334 adhuc
1885 2282 2157 2357 accepto
2203 2267 2501 2347 vulnere,
2541 2291 2582 2332 a
2621 2274 2845 2356 super-

660 2384 1081 2452 venientibus
1126 2384 1411 2472 oppressi
1457 2383 1886 2451 necabantur.
1931 2384 2373 2451 Multitudine
2426 2382 2703 2451 tandem
2747 2405 2845 2449 su·

663 2524 895 2590 perans
938 2499 1225 2590 populus
1256 2501 1572 2568 Actianos
1618 2500 1838 2590 pellit,
1865 2504 1982 2592 qui
2015 2501 2212 2569 saluti
2245 2526 2402 2570 suae
2431 2500 2841 2569 consulentes

662 2621 734 2684 in
780 2642 1032 2696 arcem,
1076 2641 1280 2707 quam
1313 2618 1394 2684 ad
1427 2616 1499 2683 S.
1534 2618 1709 2684 Petri
1756 2632 2015 2707 portam
2062 2618 2598 2699 aedificaverant,
2639 2618 2847 2685 letha-

666 2737 823 2801 liter
860 2737 1211 2802 vulnerato
1273 2750 1343 2803 et
1386 2735 1689 2803 Cortesia
1733 2736 2196 2803 Casaloldensi
2239 2736 2602 2826 Praefecto
2616 2783 2643 2819 ,
2685 2757 2843 2800 cum

658 2850 963 2919 Praetore
1029 2875 1098 2917 se
1167 2854 1514 2940 recipiunt.
1582 2850 1817 2918 Primis
1871 2855 2169 2941 ingressis
2212 2851 2375 2919 dum
2424 2857 2694 2919 timetur
2759 2875 2844 2916 ne
2934 2916 2935 2925 ,

657 2965 760 3032 his
828 2970 1200 3055 permixtus
1231 2996 1236 2999 ’
1265 2968 1552 3057 populus
1599 2991 1733 3034 una
1778 2982 2188 3057 sequeretur,
2232 2990 2512 3058 propere
2582 2956 2861 3034 sublato

659 3100 864 3171 ponte
909 3083 1146 3173 reliqui
1193 3083 1444 3150 exclusi
1476 3084 1558 3149 ad
1589 3107 1801 3150 unum
1835 3108 2060 3152 omnes
2090 3095 2249 3152 sunt
2283 3085 2625 3152 trucidati.
2656 3084 2841 3152 Cives

661 3201 746 3266 ad
792 3200 1307 3290 oppugnandam
1355 3224 1573 3265 arcem
1621 3204 1952 3287 conversi,
1982 3203 2248 3292 repletis
2277 3200 2498 3284 fossis,
2528 3206 2600 3270 vi
2631 3222 2842 3268 muros

658 3340 965 3405 superare
1035 3328 1388 3383 conantur.
1437 3317 1707 3382 Actiani
1753 3322 1908 3406 qui,
1953 3319 2257 3408 pluribus
2301 3343 2571 3390 suorum
2621 3322 2840 3397 caesis,

660 3435 862 3522 pauci
917 3454 1193 3498 numero
1259 3430 1754 3520 superfuerant,
1802 3433 1919 3499 ubi
1966 3458 2040 3502 se
2082 3436 2336 3504 viribus
2380 3439 2667 3526 impares
2712 3457 2838 3501 esse

668 3548 1234 3627 animadvertunt,
1302 3548 1554 3615 deserta
1621 3553 1939 3633 statione,
2005 3576 2121 3642 per
2188 3566 2482 3643 portam,
2535 3577 2711 3644 quae
2774 3554 2837 3618 in

655 3665 838 3731 urbis
884 3663 1232 3732 moenibus
1276 3677 1506 3753 aperta
1553 3679 1726 3747 erat,
1770 3679 2031 3736 mature
2075 3668 2380 3758 fugiunt.
2426 3670 2533 3735 Ita
2578 3693 2728 3735 arce
2770 3669 2832 3732 in

655 3779 886 3870 populi
929 3791 1323 3869 potestatem
1369 3781 1657 3861 redacta,
1702 3782 2002 3865 libertas,
2045 3798 2196 3873 post
2240 3796 2506 3852 sextum
2557 3796 2627 3851 et
2673 3783 2835 3848 deci·

653 3921 844 3965 mum
899 3900 1148 3964 annum
1218 3922 1422 3987 quam
1470 3899 1560 3965 ab
1604 3899 1845 3971 Obicio
1915 3904 2216 3971 Atestino
2282 3925 2590 3993 oppressa
2656 3913 2834 3980 erat,

655 4025 916 4103 recepta
959 4011 1117 4081 fuit.
1164 4013 1359 4080 Unde
1405 4015 1641 4084 Blondi
1695 4042 1866 4087 error
1910 4018 2457 4108 deprehenditur,
2503 4021 2623 4109 qui
2669 4018 2834 4084 Fris-

657 4152 811 4197 cum
828 4179 850 4211 ‚
897 4130 1093 4200 Actio
1138 4131 1438 4198 naturali·
1472 4144 1659 4222 patre
1702 4138 1960 4217 occiso,'
1988 4135 2171 4202 urbis
2214 4145 2472 4214 nostrae
2516 4133 2830 4225 principa-
