2950 5017
933 392 1128 437 maan
1173 392 1417 440 ramus
2168 380 2259 466 49

42 515 307 580 vetusti
387 510 771 603 possessmis
816 514 1085 580 nornine
1138 524 1427 593 retento,
1472 510 1768 602 Campus
1808 510 2101 599 cajanus
2146 537 2261 583 vo-
2325 493 2328 496 Δ

40 642 243 696 catur
264 654 285 695 z
342 651 512 694 oum
559 650 600 693 a
643 626 925 695 dominis
969 630 1240 694 nomina
1283 631 1452 717 agris
1508 616 1759 718 imponi
1815 627 2009 696 solita
2059 626 2260 698 fuisse

35 767 123 808 ex
166 740 823 829 jurisconsultorum
870 739 1146 809 lectione
1190 740 1538 808 manifeste
1567 743 1988 833 percipiatur.
2032 744 2251 826 Quem

34 859 231 926 enim
266 857 766 937 Gramanium‚
796 856 1152 923 Paternum
1170 907 1189 933 ‚
1217 869 1285 923 et
1313 857 1705 924 Cassianum
1737 856 1935 947 vulgo
1977 870 2257 941 vocant,

32 974 129 1039 ab
174 973 337 1041 illis
385 972 777 1053 Gratianus,
821 971 1141 1038 Paternus
1185 983 1254 1040 et
1294 972 1648 1039 Cassianus
1688 970 1941 1040 fundus
1983 974 2252 1043 dici-tur.

28 1088 397 1181 Pleraque
437 1090 647 1156 etiam
698 1085 831 1153 alia
883 1085 1181 1155 locorum
1227 1065 1405 1154 nunc
1459 1088 1738 1172 obscura
1793 1088 2125 1158 vocabula
2166 1090 2258 1158 ab
2352 1116 2355 1121 ·

32 1208 368 1296 antiquis
408 1203 547 1272 illis
588 1204 1063 1297 possessoribus
1107 1202 1496 1272 descendere
1541 1201 1875 1285 feruntur3
1906 1216 1986 1273 ut
2014 1205 2253 1274 clodia

32 1320 259 1389 Porta
274 1371 317 1401 ,.
346 1330 581 1410 postea
623 1318 983 1385 Brennonis
1027 1313 1244 1399 dicta,
1287 1341 1461 1407 quae
1515 1342 1557 1385 a
1608 1318 1903 1426 quodam
1948 1318 2254 1389 Romano

34 1439 143 1504 ita
190 1448 447 1507 vocata
489 1433 697 1502 fuisse
739 1433 1049 1502 creditur.
1098 1432 1210 1501 Sic
1244 1434 1524 1503 Bebiani
1564 1434 1918 1503 castellum
1962 1435 2053 1502 ab
2096 1459 2254 1525 agro

38 1552 282 1620 Bebiis
332 1553 701 1644 assignato,
744 1548 1070 1631 Gabiani,
1112 1550 1295 1640 quod
1340 1574 1520 1618 nunc
1576 1549 1649 1618 S.
1695 1551 1889 1619 Pauli
1935 1564 2255 1633 vocatur,
2317 1584 2323 1590 ·

42 1694 87 1738 a
130 1669 431 1738 Gabiis:
478 1668 671 1738 Ciani
701 1718 724 1749 ,
765 1666 946 1758 quod
991 1665 1312 1753 Sejanum
1367 1679 1511 1735 erat
1562 1668 1949 1750 dicendum,
1975 1693 2039 1737 a
2082 1667 2250 1737 Seiis

38 1785 331 1852 dictum
372 1783 586 1874 plures
629 1785 1008 1873 opinantur.
1054 1782 1163 1848 Ab
1195 1782 1483 1876 Albiniis
1513 1782 1893 1864 Albineam,
1923 1808 1963 1850 a
1991 1784 2247 1852 Vectiis

44 1900 505 1981 Vectianum,
553 1922 593 1966 a
637 1897 845 1967 Liviis
881 1896 1239 1965 Livianum
1259 1947 1280 1980 ,
1338 1897 1522 1990 quod
1567 1909 1875 1988 corrupto
1920 1898 2249 1968 vocabulo

46 2015 493 2085 Livinanum
546 2015 967 2096 nominatur3
1012 2036 1052 2080 a
1096 2011 1320 2080 Sessiis
1364 2012 1629 2081 Sessum
1686 2013 1920 2082 villam
1971 2013 2090 2081 alii
2134 2014 2245 2082 de-
2375 2082 2381 2088 ,

48 2137 281 2202 rivant
298 2185 321 2215 ,
360 2155 524 2201 cum
580 2130 855 2199 Dercilii
907 2127 1133 2197 Sessae
1176 2131 1351 2221 (qui
1401 2155 1521 2221 pro
1575 2129 1963 2201 Triumviris
2015 2144 2247 2200 contra

52 2248 139 2318 C.
186 2249 499 2319 Cassium
529 2299 551 2330 ,
594 2259 667 2314 et
721 2247 819 2315 M.
864 2247 1150 2313 Brutum
1193 2270 1347 2313 cum
1392 2246 1475 2314 G.
1519 2246 1837 2317 Norbano
1900 2250 1972 2313 in
2028 2246 2249 2314 Mace-

48 2365 323 2434 doniam
364 2361 702 2456 profectus
743 2362 889 2449 est)
949 2362 1127 2429 Dion
1197 2360 1444 2451 aliique
1506 2360 1836 2428 luculenti
1901 2365 2244 2452 scriptores

54 2485 459 2550 mentionem
507 2477 804 2548 fecerint.
851 2476 1299 2544 Scandianum
1341 2479 1544 2543 etiam
1576 2476 1955 2544 Romanum
1999 2501 2244 2545 nomen

54 2619 197 2664 me
248 2596 697 2700 dubitandum
766 2618 900 2661 non
968 2601 1069 2659 est
1088 2645 1116 2673 .,
1159 2616 1317 2660 cum
1372 2596 1547 2659 inter
1610 2591 1940 2661 malorum
2005 2615 2240 2681 genera

53 2709 505 2782 Scandianum
536 2710 856 2803 sylvestre
885 2709 1262 2779 Macrobius
1289 2720 1640 2778 recenseat.
1669 2708 2032 2791 Ovianum,
2057 2707 2241 2798 quod

52 2830 549 2897 nuchianum
578 2838 702 2909 est,
732 2827 820 2894 ab
849 2825 1139 2907 Oviniis;
1172 2825 1597 2916 sergianum,
1626 2848 1806 2892 nunc
1837 2822 2196 2902 Sarzanum
2214 2873 2235 2903 ,
2349 2904 2358 2916 ·

58 2968 100 3011 a
145 2943 428 3034 Sergiis,
465 2942 865 3013 scurranum
920 2942 1008 3009 ab
1065 2941 1290 3031 aliquo
1344 2943 1462 3030 qui
1517 2949 1952 3029 cognomento
1994 2936 2236 3004 Scurra

56 3060 435 3130 dicebatur:
476 3060 892 3141 Portianum,
935 3081 1115 3126 nunc
1144 3058 1512 3126 Borzanum
1535 3107 1555 3137 ,
1602 3079 1642 3122 a
1684 3055 1948 3136 Portiis,
1981 3047 2062 3122 'et
2104 3054 2236 3121 alia

54 3177 437 3266 hujusmodi
474 3177 769 3247 locorum
799 3178 1072 3245 nomina
1101 3199 1141 3242 a
1171 3175 1487 3244 Romanis
1515 3171 1898 3240 descendere
1928 3170 2226 3261 plerique

58 3307 434 3363 autumant.
479 3295 673 3362 Certe
717 3292 948 3361 villam
992 3291 1188 3360 hodie
1230 3289 1491 3360 Covioli
1529 3300 1837 3359 vocatam
1870 3310 1910 3354 a
1940 3286 2230 3368 Cluviis,

58 3409 324 3480 Guincii
388 3434 430 3478 a
480 3412 770 3494 Quintiis
838 3408 1242 3499 appellatam
1307 3405 1509 3474 fuisse
1574 3416 1842 3474 vetusta
1906 3426 2232 3471 marmora

62 3540 474 3597 attestantur.
519 3527 968 3595 Romanorum
1012 3548 1166 3596 vero
1209 3523 1508 3593 coloniae
1548 3525 1617 3589 in
1664 3522 1933 3612 oppido,
1962 3520 2083 3586 ubi
2121 3543 2230 3588 re-

62 3646 391 3726 sidebant,
432 3643 765 3733 Campum
808 3642 1160 3723 Martium,
1203 3642 1484 3721 Forum,
1513 3638 1820 3717 Circum,
1863 3636 2228 3704 Theatrum

62 3772 121 3828 et
145 3761 281 3828 alia
310 3760 573 3828 Romae
601 3761 858 3849 propria
887 3754 1176 3825 aedifitia
1219 3767 1561 3847 ponentes,
1590 3749 1930 3846 'quandam
1973 3753 2228 3843 patriae

62 3880 233 3946 urbis
273 3875 560 3968 effigiem
606 3874 1006 3957 formabant,
1033 3886 1115 3942 ut
1152 3873 1339 3943 locus
1381 3884 1649 3939 tantum
1691 3894 1827 3940 non
1871 3869 2028 3937 urbs
2074 3892 2226 3936 mu-

64 4005 193 4060 tata
244 3994 623 4071 videretur3
665 3992 839 4059 sicut
882 3990 1091 4059 Varro
1109 4041 1129 4071 ,
1147 3982 1239 4057 'et
1282 3987 1539 4057 Gellius
1590 3985 1873 4054 illustres
1926 3995 2223 4051 auctores

60 4107 374 4193 referunt,
401 4112 521 4202 qui
564 4107 853 4180 colonias
896 4109 1145 4179 Romae
1187 4109 1390 4176 instar
1432 4102 1755 4187 conditas,
1786 4115 1989 4192 atque
2031 4099 2210 4179 inde,

1769 4226 1776 4232 .
1885 4243 1896 4256 ⁸
1949 4213 1985 4281 4
2044 4263 2048 4270 .
