2950 5017
701 400 784 487 78
1429 417 1661 462 anama
1704 416 2115 462 anonumum

694 548 921 605 contra
962 534 1348 603 Cassianum
1407 534 1809 603 haereticum
1828 585 1847 616 ,
1900 539 2019 602 etsi
2066 539 2352 603 auctoris
2421 537 2622 606 titulo
2692 538 2876 605 liber

688 664 941 734 careat,
981 664 1052 719 et
1093 652 1178 718 ad
1219 652 1510 722 Leonem
1553 651 1844 720 eruditas
1895 651 2210 741 epistolas
2244 656 2648 743 conscripdt.
2699 654 2871 723 Plu-

690 768 875 836 ribus
926 767 1072 836 aliis
1121 769 1445 849 carmine,
1483 791 1575 852 ‚ac
1633 767 1916 857 pedestri
1978 770 2304 850 oratione,
2356 793 2441 835 ex
2495 770 2872 838 christiana

688 884 982 954 doctrina
1023 885 1328 964 exaratis,
1357 885 1560 950 etiam
1590 884 1746 952 Divi
1780 886 2143 952 Hieronimi
2187 884 2490 953 chronica
2526 909 2568 952 a
2597 885 2862 954 Valen-

691 1004 944 1069 tiniano
986 1024 1194 1090 usque
1237 999 1322 1066 ad
1364 999 1808 1069 Theodosium
1837 1001 2198 1068 secundum
2229 1001 2575 1092 supplevit.
2622 1002 2864 1069 Eccle-

685 1119 1013 1183 siasticam
1056 1137 1323 1205 quoque
1371 1114 1710 1183 historiam
1728 1165 1749 1197 ,
1791 1139 1962 1205 quae
2007 1139 2334 1205 nusquam
2380 1129 2599 1183 tamen
2644 1140 2864 1207 appa-

686 1234 825 1298 ruit
863 1254 1072 1320 usque
1118 1229 1202 1297 ad
1244 1253 1322 1297 ea
1367 1241 1699 1319 tempora,
1745 1231 1832 1296 ab
1874 1255 1952 1298 eo
1994 1234 2302 1320 scriptam
2349 1228 2545 1298 fnisse
2590 1228 2859 1299 ferunt.

685 1344 1037 1415 Caeterum
1081 1347 1327 1412 Ariana
1371 1346 1525 1413 labe
1576 1345 1714 1432 jam
1760 1348 2139 1413 universum
2183 1346 2410 1414 orbem
2452 1359 2858 1437 occupante,

683 1459 1008 1553 quosdam
1052 1461 1237 1551 Regii
1301 1464 1584 1552 impium
1628 1462 1868 1551 dogma
1924 1462 2230 1529 docentes
2254 1511 2273 1544 ,
2312 1486 2431 1530 nec
2473 1485 2717 1551 paucos
2779 1467 2856 1529 in

684 1577 824 1646 divi
854 1577 1152 1645 Thomae
1182 1577 1456 1668 templo,
1484 1578 1664 1668 quod
1694 1578 1783 1645 ab
1810 1580 1963 1668 ipsis
1991 1577 2327 1646 conditum
2356 1576 2559 1646 fuisse
2604 1576 2857 1660 ferunt,

680 1694 810 1760 sibi
854 1707 1271 1784 aggregantes
1315 1693 1546 1784 populi
1577 1717 1889 1761 consensu
1917 1694 2191 1783 Prosper
2220 1694 2381 1760 urbe
2424 1697 2651 1761 eiicere
2699 1718 2854 1762 coa-

681 1823 831 1880 ctus
896 1824 1018 1878 est.
1084 1809 1350 1877 Turrim
1393 1811 1752 1901 quamdam
1801 1811 1883 1876 ad
1938 1810 2335 1891 Gabellum,
2400 1810 2572 1878 unde
2637 1815 2857 1878 amnis

678 1948 854 2015 aqua
897 1928 966 1992 in
1010 1927 1242 1993 urbem
1288 1927 1655 2006 derivatur,
1704 1925 1789 1991 ad
1840 1949 2104 1993 omnem
2166 1949 2397 1993 eorum
2438 1929 2555 2015 qui
2607 1949 2852 2015 aquae-

677 2038 955 2106 ductum
999 2040 1390 2128 impedirent
1433 2044 1570 2106 vim
1619 2039 1963 2107 arcendam
1983 2092 2001 2120 ,
2030 2031 2222 2107 antea
2251 2041 2598 2130 Regieusea
2626 2063 2852 2107 erexe-

676 2168 848 2224 rant.
894 2156 999 2222 Ibi
1044 2157 1268 2222 Ariani
1316 2156 1588 2223 aedibus
1632 2161 1947 2224 extructis
2000 2157 2220 2225 locum
2281 2160 2352 2225 in
2396 2144 2662 2224 'castelli
2716 2156 2853 2226 for-

676 2295 858 2338 mam
902 2270 1308 2361 redegerunt.
1355 2273 1551 2355 Quod
1599 2285 1745 2338 tum
1799 2273 1888 2339 ab
1931 2274 2190 2339 Arianis
2239 2286 2525 2339 castrum
2567 2274 2851 2341 Ariano-

675 2411 860 2467 rum‚
905 2400 974 2454 et
1015 2411 1192 2455 nunc
1243 2400 1549 2478 corrupto
1594 2372 1918 2456 vocabulo
1962 2388 2488 2455 Castellaranum
2544 2402 2845 2456 vocatur.

673 2503 836 2570 Inde
878 2504 964 2572 ad
1006 2501 1160 2571 fana
1202 2506 1272 2571 in
1317 2504 1690 2594 Martyrum
1722 2503 2034 2573 honorem
2066 2502 2465 2572 aedificanda
2494 2527 2850 2573 conversus

671 2618 967 2685 Antiates
1016 2617 1342 2708 templum
1408 2632 1597 2687 extra
1664 2641 1883 2687 muros
1940 2631 2169 2687 contra
2236 2642 2454 2685 arcem
2519 2621 2587 2686 in
2655 2619 2851 2686 Beati

670 2732 1070 2823 Apollinaris
1116 2737 1529 2815 memoriam,
1575 2736 1694 2824 qui
1737 2737 1986 2824 primus
2037 2734 2383 2823 Regienses
2435 2732 2847 2801 Christianos

671 2846 952 2931 fecerat,
983 2847 1382 2930 aedificavit3
1412 2849 1594 2939 quod
1624 2850 1798 2915 intra
1827 2861 2010 2939 septa
2038 2848 2331 2917 coenobii
2356 2848 2515 2915 Divi
2544 2848 2846 2938 Prosperi

669 2975 897 3052 postea
939 2964 1325 3032 conclusum
1355 2965 1683 3044 vidimus3
1726 2963 1840 3029 sed
1883 2964 2127 3049 injuria
2170 2977 2539 3054 temporum
2588 2976 2658 3029 et
2700 2962 2845 3029 bel-

667 3079 886 3147 lorum
928 3080 1306 3147 calamitate
1351 3081 1662 3146 omnibus
1705 3080 2043 3146 suburbiis
2088 3082 2350 3160 eversis,
2397 3082 2601 3145 etiam
2648 3102 2848 3147 vene-

669 3195 950 3263 randum
995 3195 1167 3261 illud
1213 3193 1526 3262 sacellum
1579 3195 1877 3261 dirutum
1926 3193 2082 3261 fuit.
2127 3195 2303 3264 Cum
2334 3219 2488 3264 vero
2524 3199 2844 3264 continuo

664 3309 914 3396 jejunio
958 3307 1238 3376 afflictus
1281 3311 1517 3397 viginti
1587 3308 1802 3375 tribus
1868 3311 2054 3377 anuis
2121 3310 2431 3400 singulari
2485 3310 2840 3400 disciplina

667 3424 1049 3513 Regiensem
1112 3423 1448 3491 ecclesiam
1500 3424 1770 3514 Prosper
1834 3426 2103 3491 rexisset
2123 3475 2142 3505 ‚
2209 3424 2328 3492 ubi
2393 3428 2569 3493 vitae
2637 3424 2838 3492 finem

667 3562 867 3629 prope
908 3561 1044 3605 esse
1088 3542 1323 3621 sensit,
1368 3551 1656 3608 sacratos
1713 3542 1888 3609 viros
1905 3590 1926 3622 ,
1968 3541 2282 3630 urbisque
2331 3544 2640 3630 primates
2683 3564 2840 3608 con-

663 3666 889 3737 vocat,
941 3678 1106 3745 quos
1162 3657 1273 3744 pia
1325 3658 1616 3723 oratione
1668 3655 1753 3721 ad
1797 3656 2102 3723 divinum
2153 3654 2413 3723 cultum
2464 3666 2838 3723 constanter

663 3770 1079 3838 retinendum
1149 3769 1572 3838 exhortatur.
1636 3774 1679 3814 ‘⁶
1732 3772 1972 3853 Video,
2039 3772 2479 3854 dilectissimi,
2545 3784 2837 3859 quantus

670 3931 716 3970 ,‚
735 3900 1017 3976 pectora
1044 3900 1264 3955 vestra
1290 3910 1541 3955 moeror
1566 3893 2014 3978 occupaverit,
2036 3892 2196 3976 qaia
2217 3908 2397 3953 meae
2426 3890 2609 3952 vitae
2622 3887 2836 3973 finem

661 4051 706 4088 aa
734 4006 1122 4073 adventasse
1165 4011 1434 4073 cernitis
1450 4031 1476 4073 .·
1522 4029 1644 4074 nec
1687 4011 1924 4090 miror‚·
1965 4009 2108 4073 scio
2151 4007 2324 4072 enim
2379 4025 2578 4090 quam
2634 4006 2833 4071 mole-

661 4165 708 4204 „
735 4134 910 4190 stum
950 4126 1043 4190 sit
1083 4122 1460 4191 amantibus
1513 4124 1864 4211 disjungi,
1918 4144 2086 4189 cum·
2122 4125 2515 4212 praesertim
2576 4123 2683 4186 sic
2750 4119 2836 4185 ab

2612 4335 2619 4342 ·
2714 4331 2790 4396 κ
