2950 5017
969 437 1168 484 mmm
1210 437 1487 485 ‘rna-nus
2189 424 2308 493 181

253 557 450 628 Inter
507 556 679 624 haec
734 554 1028 625 Eduardi
1070 558 1273 650 Angli
1337 560 1505 650 regis
1573 557 1916 649 adventus,
1959 560 2320 651 paululum

111 675 386 743 civium
456 676 710 741 animos
755 697 796 740 a
841 671 1177 742 discordiis
1225 678 1494 744 avertit.
1539 674 1605 742 Is
1647 675 1736 742 ab
1774 665 2059 748 Henrico
2127 690 2319 768 patre

109 793 383 880 ingenti
429 789 634 858 classe
677 792 750 857 in
795 789 1021 856 Asiam
1049 821 1054 826 ²
1079 793 1315 859 missus
1358 788 1624 872 fuerat,
1657 802 1738 858 ut
1781 791 1867 860 ob
1911 792 2174 883 Syriam
2219 819 2321 863 re-

105 905 574 996 cuperandam
629 905 1036 995 principibus
1102 903 1473 972 christianis
1520 904 1852 973 auxilium
1895 906 2129 990 ferret,
2173 907 2358 978 din-.

109 1043 255 1111 que
310 1019 763 1088 Ptholemaide
807 1030 1007 1111 prout
1048 1021 1221 1087 inter
1264 1017 1474 1087 duces
1509 1033 1942 1103 convenerat,
1970 1024 2138 1091 dum
2183 1025 2324 1093 Lu-

114 1135 444 1206 dovicum
488 1134 864 1205 Gallorum·
892 1150 1134 1224 regem'
1160 1137 1230 1202 in
1275 1133 1503 1202 Africa
1562 1147 1725 1204 tnnc
1774 1160 1937 1204 cum
1982 1136 2322 1210 Saracenis

115 1251 386 1320 bellum
434 1263 776 1342 gerentem
822 1264 1161 1343 expectat,
1192 1249 1406 1319 ferme
1428 1251 1720 1343 quatuor
1767 1275 1973 1322 annos
2015 1273 2323 1328 consum·-

115 1382 366 1459 pserat.
414 1369 711 1437 Demum
756 1392 797 1435 a
839 1368 1144 1460 quodam
1169 1366 1481 1436 Arsacida
1502 1419 1522 1451 ‚
1553 1391 1763 1459 quem
1789 1368 1872 1436 de
1906 1356 2081 1439 snae.
2113 1376 2325 1461 gentis

119 1486 428 1553 moribus
484 1484 726 1552 multa'
756 1482 1060 1556 fabulosa
1128 1487 1511 1575 nugacitate
1580 1505 1841 1554 narrare
1907 1486 2184 1555 solitum
2251 1493 2324 1558 in

119 1604 512 1670 interiorem
543 1599 1068 1668 familiaritatem
1100 1601 1483 1683 admiserat,
1514 1624 1716 1692 prope
1745 1602 2111 1671 domestica
2143 1601 2324 1678 flaur-

124 1717 211 1785 de
253 1720 597 1786 extinctus
643 1729 766 1785 est.
793 1717 997 1784 Dum
1044 1720 1224 1790 enim
1288 1716 1489 1786 solus·
1540 1722 1614 1785 in
1680 1718 1995 1789 cubiculo
2039 1742 2323 1794 cum.eo

129 1830 532 1901 familiarius
576 1819 1003 1922 colloquitur,
1032 1833 1244 1900 tribus
1290 1856 1331 1899 a
1375 1835 1611 1902 sicario
1652 1836 1902 1924 petitus
1930 1834 2323 1906 vulneribus

129 1952 250 2018 vix
313 1954 543 2019 mortis
610 1948 976 2040 periculum
1032 1953 1265 2019 evasit.
1310 1948 1786 2019 cubicularius
1855 1950 1949 2019 ad'
2009 1954 2323 2044 principis

123 2065 492 2136 clamorem
536 2067 1233 2157 ingressus-Arsacidae
1271 2045 1548 2136 maurim
1594 2063 1869 2158 vulnera
1914 2070 2323 2159 ingeminan-

125 2193 261 2270 tem
321 2185 642 2263 retinuit,
688 2186 808 2272 qui
854 2207 894 2249 a
940 2166 1205 2272 reliqtffs
1271 2183 1519 2251 aulicis·
1574 2195 1947 2272 opportune
2011 2205 2325 2274 superve-

121 2299 486 2376 nientibus,
528 2303 592 2365 θ’
635 2299 1336 2389 vestigio··trucidatus
1402 2309 1557 2366 est„
1597 2297 1905 2384 Saraceni
1954 2297 2320 2370 'Arsacidas

128 2417 483 2484 nominant
526 2416 814 2495 sicarios,
857 2417 976 2505 qui
1023 2409 1321 2484 homines
1359 2412 1585 2496 infidi,
1632 2427 1705 2482 et
1744 2427 1960 2484 vanae
2004 2418 2323 2506 supersti-

125 2532 288 2599 tioni
331 2530 614 2611 addicti,
657 2530 770 2598 sed
815 2530 1086 2608 beatam
1131 2533 1341 2599 vitam
1386 2533 1741 2621 promereri
1786 2534 2223 2612 existimant,
2259 2533 2314 2598 si

125 2644 391 2737 publico
435 2644 624 2714 hoste
669 2642 1039 2725 interfecto,
1082 2647 1286 2713 etiam
1332 2646 1817 2714 acerbissimam
1868 2657 2091 2735 postea
2139 2670 2315 2718 mor·-⁴

125 2773 264 2854 tem
303 2764 670 2853 patiantur.
716 2761 1067 2830 Eduardus
1116 2763 1237 2829 nbi
1284 2765 1578 2852 primum
1609 2759 2118 2832 ex‘vulneribus
2161 2785 2316 2832 con·

133 2875 381 2957 valuit,
420 2900 578 2945 cnm
625 2877 1043 2945 Lndovicurn
1085 2860 1160 2945 in
1206 2875 1433 2946 Africa
1478 2877 1715 2948 morbo
1758 2879 2139 2952 extinctum,
2181 2900 2318 2945 esse

133 2991 557 3062 intellexisset
578 3045 597 3076 ‚
640 2993 723 3062 de
772 2974 966 3061 rebus
1011 2992 1301 3085 Syriacis
1361 2978 1746 3084 desperans,
1812 2993 2091 3066 induciis
2106 3016 2317 3084 *cnm

129 3106 316 3178 hoste
353 3112 601 3200 pactis,
646 3112 715 3180 in
759 3109 1075 3199 Angliam
1117 3121 1223 3178 est
1266 3132 1583 3182 reversus.
1654 3109 1840 3195 Inter
1905 3093 2211 3182 eundum
2272 3145 2317 3177 ι..

126 3225 380 3294 civibus
427 3229 662 3296 nostris
704 3225 1065 3298 liberaliter
1094 3206 1417 3317 exceptus
1461 3249 1620 3294 cum
1657 3249 1867 3295 uxore
1899 3227 1969 3294 in
2003 3226 2315 3298 antistitis

131 3338 454 3430 palatium
484 3341 783 3423 divertit,
812 3363 933 3407 nec
962 3340 1180 3410 multo
1223 3353 1371 3431 post
1413 3340 1641 3431 gladio
1678 3343 1927 3410 occisus
1957 3337 2112 3408 fuit.
2160 3342 2313 3425 Quo

129 3465 420 3548 tempore
464 3460 536 3525 in
580 3454 721 3527 foro
763 3457 905 3545 jam
947 3454 1312 3526 Sessiorum
1358 3456 1708 3538 aedificiis,
1753 3469 1821 3524 et
1864 3455 2149 3528 aliorum
2193 3457 2313 3527 do-

131 3574 369 3656 mibus,
414 3587 497 3641 ut
539 3597 737 3665 snpra
782 3567 1188 3656 memoravi,
1217 3576 1482 3657 dirutis,
1513 3597 1762 3644 novum
1796 3574 2164 3665 palatium,
2192 3574 2315 3640 uhi

135 3701 357 3777 postea
403 3691 627 3790 curiae
679 3690 862 3759 sedes
911 3701 1012 3758 est
1061 3692 1457 3772 constituta,
1513 3688 2015 3758 aedificabatur.
2061 3686 2311 3758 Zaldns

132 3801 579 3874 Cancellarius
623 3806 1030 3875 Pistoriensis
1057 3808 1325 3876 Praetor
1352 3809 1422 3874 in
1452 3829 1575 3876 suo
1602 3809 1892 3883 semestri
1923 3807 2312 3894 magistratu

135 3942 393 3990 murum
440 3945 653 4012 usque
699 3935 948 3991 tectum
971 3924 1268 4013 ·perduci
1325 3925 1622 4003 curavit,
1678 3922 2098 4012 calendisque
2140 3920 2312 4007 junii

136 4056 296 4107 tuno
327 4059 688 4105 uccnxxm
718 4038 1062 4110 absolutus
1110 4036 1262 4107 fuit.
1311 4037 1644 4107 Structilis
1675 4043 2009 4127 praeterea
2040 4033 2310 4116 canalis,

138 4171 326 4240 quem
406 4152 605 4246 vulgo
682 4166 977 4246 vegetem
1044 4154 1439 4231 Folleanum
1511 4178 1549 4223 a
1616 4152 1931 4224 Folleano
2002 4153 2309 4243 episcopo
