<?xml version="1.0" encoding="UTF-8"?>
<!DOCTYPE html PUBLIC "-//W3C//DTD XHTML 1.0 Transitional//EN"
    "http://www.w3.org/TR/xhtml1/DTD/xhtml1-transitional.dtd">
<html xmlns="http://www.w3.org/1999/xhtml" xml:lang="en" lang="en">
 <head>
  <title>
</title>
<meta http-equiv="Content-Type" content="text/html;charset=utf-8" />
  <meta name='ocr-system' content='tesseract 3.04.00' />
  <meta name='ocr-capabilities' content='ocr_page ocr_carea ocr_par ocr_line ocrx_word'/>
</head>
<body>
  <div class='ocr_page' id='page_1' title='image "./rerumhistoricar00unkngoog_0038.png"; bbox 0 0 2950 5017; ppageno 0'>
   <div class='ocr_carea' id='block_1_1' title="bbox 800 420 2226 484">
    <p class='ocr_par' dir='ltr' id='par_1_1' title="bbox 800 420 2226 484">
     <span class='ocr_line' id='line_1_1' title="bbox 800 420 2226 484; baseline -0.002 -1"><span class='ocrx_word' id='word_1_1' title='bbox 800 420 883 483; x_wconf 74' lang='lat'><strong>32</strong></span> <span class='ocrx_word' id='word_1_2' title='bbox 1533 438 1766 484; x_wconf 67' lang='lat' dir='ltr'><strong>acaum</strong></span> <span class='ocrx_word' id='word_1_3' title='bbox 1811 435 2226 482; x_wconf 59' lang='lat' dir='ltr'><strong>secunaum</strong></span> 
     </span>
    </p>
   </div>
   <div class='ocr_carea' id='block_1_2' title="bbox 788 550 2849 3766">
    <p class='ocr_par' dir='ltr' id='par_1_2' title="bbox 794 550 2847 737">
     <span class='ocr_line' id='line_1_2' title="bbox 795 550 2847 653; baseline -0 -32"><span class='ocrx_word' id='word_1_4' title='bbox 795 555 1189 636; x_wconf 75' lang='lat' dir='ltr'><strong>devovisset,</strong></span> <span class='ocrx_word' id='word_1_5' title='bbox 1234 555 1316 622; x_wconf 87' lang='lat' dir='ltr'><strong>de</strong></span> <span class='ocrx_word' id='word_1_6' title='bbox 1356 553 1637 624; x_wconf 78' lang='lat' dir='ltr'><strong>Gallicis</strong></span> <span class='ocrx_word' id='word_1_7' title='bbox 1680 555 2024 653; x_wconf 79' lang='lat' dir='ltr'><strong>torquibus</strong></span> <span class='ocrx_word' id='word_1_8' title='bbox 2068 575 2339 620; x_wconf 85' lang='lat' dir='ltr'><strong>aureum</strong></span> <span class='ocrx_word' id='word_1_9' title='bbox 2385 551 2534 631; x_wconf 82' lang='lat' dir='ltr'><strong>Jovi</strong></span> <span class='ocrx_word' id='word_1_10' title='bbox 2581 550 2847 643; x_wconf 64' lang='lat' dir='ltr'><strong>trophet</strong></span> 
     </span>
     <span class='ocr_line' id='line_1_3' title="bbox 794 673 1396 737; baseline 0 -1"><span class='ocrx_word' id='word_1_11' title='bbox 794 685 893 736; x_wconf 86' lang='lat' dir='ltr'><strong>est</strong></span> <span class='ocrx_word' id='word_1_12' title='bbox 935 673 1396 737; x_wconf 87' lang='lat' dir='ltr'><strong>constitutum.</strong></span> 
     </span>
    </p>

    <p class='ocr_par' dir='ltr' id='par_1_3' title="bbox 788 782 2849 3766">
     <span class='ocr_line' id='line_1_4' title="bbox 927 782 2847 875; baseline -0.001 -25"><span class='ocrx_word' id='word_1_13' title='bbox 927 782 1245 874; x_wconf 80' lang='lat' dir='ltr'><strong>Sequenti</strong></span> <span class='ocrx_word' id='word_1_14' title='bbox 1290 807 1488 863; x_wconf 87' lang='lat' dir='ltr'><strong>anno,</strong></span> <span class='ocrx_word' id='word_1_15' title='bbox 1532 788 1649 875; x_wconf 90' lang='lat' dir='ltr'><strong>qui</strong></span> <span class='ocrx_word' id='word_1_16' title='bbox 1716 783 1849 850; x_wconf 85' lang='lat' dir='ltr'><strong>fuit</strong></span> <span class='ocrx_word' id='word_1_17' title='bbox 1914 784 2001 851; x_wconf 87' lang='lat' dir='ltr'><strong>ab</strong></span> <span class='ocrx_word' id='word_1_18' title='bbox 2045 783 2135 851; x_wconf 87' lang='lat' dir='ltr'><strong>U.</strong></span> <span class='ocrx_word' id='word_1_19' title='bbox 2181 782 2374 851; x_wconf 81' lang='lat' dir='ltr'><strong>cond.</strong></span> <span class='ocrx_word' id='word_1_20' title='bbox 2427 805 2621 849; x_wconf 78' lang='lat' dir='ltr'><strong>nxxx</strong></span> <span class='ocrx_word' id='word_1_21' title='bbox 2685 795 2760 849; x_wconf 85' lang='lat' dir='ltr'><strong>et</strong></span> <span class='ocrx_word' id='word_1_22' title='bbox 2826 808 2847 849; x_wconf 80' lang='grc' dir='ltr'><strong>ε</strong></span> 
     </span>
     <span class='ocr_line' id='line_1_5' title="bbox 794 897 2847 989; baseline -0.002 -23"><span class='ocrx_word' id='word_1_23' title='bbox 794 909 1085 966; x_wconf 81' lang='lat' dir='ltr'><strong>nostram</strong></span> <span class='ocrx_word' id='word_1_24' title='bbox 1138 899 1420 965; x_wconf 87' lang='lat' dir='ltr'><strong>salntem</strong></span> <span class='ocrx_word' id='word_1_25' title='bbox 1475 921 1679 966; x_wconf 79' lang='lat' dir='ltr'><strong>ccxxi</strong></span> <span class='ocrx_word' id='word_1_26' title='bbox 1731 898 1814 965; x_wconf 88' lang='grc' dir='ltr'><strong>Τ.</strong></span> <span class='ocrx_word' id='word_1_27' title='bbox 1852 899 2143 967; x_wconf 85' lang='lat' dir='ltr'><strong>Manlius</strong></span> <span class='ocrx_word' id='word_1_28' title='bbox 2188 898 2593 989; x_wconf 76' lang='lat' dir='ltr'>Torquatus,</span> <span class='ocrx_word' id='word_1_29' title='bbox 2643 910 2716 964; x_wconf 92' lang='lat' dir='ltr'><strong>et</strong></span> <span class='ocrx_word' id='word_1_30' title='bbox 2761 897 2847 980; x_wconf 72' lang='lat' dir='ltr'><strong>Q!</strong></span> 
     </span>
     <span class='ocr_line' id='line_1_6' title="bbox 795 1011 2848 1103; baseline -0 -24"><span class='ocrx_word' id='word_1_31' title='bbox 795 1025 904 1079; x_wconf 91' lang='lat' dir='ltr'><strong>tus</strong></span> <span class='ocrx_word' id='word_1_32' title='bbox 957 1012 1235 1079; x_wconf 80' lang='lat' dir='ltr'><strong>Fulvius</strong></span> <span class='ocrx_word' id='word_1_33' title='bbox 1290 1012 1569 1080; x_wconf 76' lang='lat' dir='ltr'><strong>Flaccus</strong></span> <span class='ocrx_word' id='word_1_34' title='bbox 1619 1011 1942 1081; x_wconf 76' lang='lat' dir='ltr'>Consules</span> <span class='ocrx_word' id='word_1_35' title='bbox 2001 1037 2159 1080; x_wconf 90' lang='lat' dir='ltr'><strong>cum</strong></span> <span class='ocrx_word' id='word_1_36' title='bbox 2220 1016 2470 1103; x_wconf 82' lang='lat' dir='ltr'>ingenti</span> <span class='ocrx_word' id='word_1_37' title='bbox 2528 1015 2848 1091; x_wconf 61' lang='lat' dir='ltr'><strong>exercitu,</strong></span> 
     </span>
     <span class='ocr_line' id='line_1_7' title="bbox 791 1126 2849 1217; baseline 0 -25"><span class='ocrx_word' id='word_1_38' title='bbox 791 1129 915 1216; x_wconf 86' lang='lat' dir='ltr'><strong>ipsi</strong></span> <span class='ocrx_word' id='word_1_39' title='bbox 957 1127 1263 1196; x_wconf 88' lang='lat' dir='ltr'><strong>Boiorum</strong></span> <span class='ocrx_word' id='word_1_40' title='bbox 1292 1126 1468 1208; x_wconf 63' lang='lat' dir='ltr'><strong>⁴fines</strong></span> <span class='ocrx_word' id='word_1_41' title='bbox 1515 1130 1816 1216; x_wconf 83' lang='lat' dir='ltr'><strong>ingressi,</strong></span> <span class='ocrx_word' id='word_1_42' title='bbox 1861 1127 2052 1196; x_wconf 87' lang='lat' dir='ltr'><strong>nullo</strong></span> <span class='ocrx_word' id='word_1_43' title='bbox 2117 1126 2256 1194; x_wconf 85' lang='lat' dir='ltr'><strong>fere</strong></span> <span class='ocrx_word' id='word_1_44' title='bbox 2314 1130 2615 1217; x_wconf 85' lang='lat' dir='ltr'><strong>negotio,</strong></span> <span class='ocrx_word' id='word_1_45' title='bbox 2668 1126 2849 1217; x_wconf 86' lang='lat' dir='ltr'><strong>pluri</strong></span> 
     </span>
     <span class='ocr_line' id='line_1_8' title="bbox 794 1243 2847 1334; baseline -0.001 -23"><span class='ocrx_word' id='word_1_46' title='bbox 794 1244 1049 1333; x_wconf 75' lang='lat' dir='ltr'><strong>oppidis</strong></span> <span class='ocrx_word' id='word_1_47' title='bbox 1089 1248 1357 1323; x_wconf 88' lang='lat' dir='ltr'><strong>eversis,</strong></span> <span class='ocrx_word' id='word_1_48' title='bbox 1401 1246 1736 1312; x_wconf 83' lang='lat' dir='ltr'><strong>universos</strong></span> <span class='ocrx_word' id='word_1_49' title='bbox 1781 1267 2010 1312; x_wconf 85' lang='lat' dir='ltr'><strong>eorum</strong></span> <span class='ocrx_word' id='word_1_50' title='bbox 2058 1267 2245 1334; x_wconf 86' lang='lat' dir='ltr'><strong>agros</strong></span> <span class='ocrx_word' id='word_1_51' title='bbox 2287 1248 2359 1311; x_wconf 89' lang='lat' dir='ltr'><strong>in</strong></span> <span class='ocrx_word' id='word_1_52' title='bbox 2411 1243 2644 1334; x_wconf 91' lang='lat' dir='ltr'><strong>populi</strong></span> <span class='ocrx_word' id='word_1_53' title='bbox 2688 1245 2847 1313; x_wconf 81' lang='lat' dir='ltr'><strong>Ron</strong></span> 
     </span>
     <span class='ocr_line' id='line_1_9' title="bbox 794 1358 2847 1449; baseline 0 -25"><span class='ocrx_word' id='word_1_54' title='bbox 794 1359 1112 1426; x_wconf 87' lang='lat' dir='ltr'><strong>ditionem</strong></span> <span class='ocrx_word' id='word_1_55' title='bbox 1159 1360 1570 1447; x_wconf 86' lang='lat' dir='ltr'><strong>redegerunt.</strong></span> <span class='ocrx_word' id='word_1_56' title='bbox 1604 1359 1849 1426; x_wconf 86' lang='lat' dir='ltr'><strong>Nostra</strong></span> <span class='ocrx_word' id='word_1_57' title='bbox 1877 1363 2107 1449; x_wconf 86' lang='lat' dir='ltr'><strong>itaque</strong></span> <span class='ocrx_word' id='word_1_58' title='bbox 2137 1362 2312 1449; x_wconf 85' lang='lat' dir='ltr'><strong>regio</strong></span> <span class='ocrx_word' id='word_1_59' title='bbox 2342 1360 2558 1428; x_wconf 90' lang='lat' dir='ltr'><strong>multo</strong></span> <span class='ocrx_word' id='word_1_60' title='bbox 2588 1358 2801 1427; x_wconf 83' lang='lat' dir='ltr'><strong>effuso</strong></span> <span class='ocrx_word' id='word_1_61' title='bbox 2835 1385 2847 1424; x_wconf 73' lang='lat' dir='ltr'>a</span> 
     </span>
     <span class='ocr_line' id='line_1_10' title="bbox 791 1474 2847 1564; baseline -0 -23"><span class='ocrx_word' id='word_1_62' title='bbox 791 1477 989 1563; x_wconf 86' lang='lat' dir='ltr'><strong>guiue</strong></span> <span class='ocrx_word' id='word_1_63' title='bbox 1033 1486 1194 1541; x_wconf 89' lang='lat' dir='ltr'><strong>tunc</strong></span> <span class='ocrx_word' id='word_1_64' title='bbox 1238 1477 1529 1563; x_wconf 87' lang='lat' dir='ltr'><strong>primum</strong></span> <span class='ocrx_word' id='word_1_65' title='bbox 1558 1474 1876 1542; x_wconf 86' lang='lat' dir='ltr'><strong>Romanis</strong></span> <span class='ocrx_word' id='word_1_66' title='bbox 1905 1498 2128 1564; x_wconf 85' lang='lat' dir='ltr'><strong>parere</strong></span> <span class='ocrx_word' id='word_1_67' title='bbox 2159 1477 2399 1564; x_wconf 89' lang='lat' dir='ltr'><strong>coepit.</strong></span> <span class='ocrx_word' id='word_1_68' title='bbox 2432 1474 2578 1541; x_wconf 88' lang='lat' dir='ltr'><strong>Sub</strong></span> <span class='ocrx_word' id='word_1_69' title='bbox 2607 1474 2677 1541; x_wconf 90' lang='lat' dir='ltr'><strong>id</strong></span> <span class='ocrx_word' id='word_1_70' title='bbox 2708 1486 2847 1541; x_wconf 90' lang='lat' dir='ltr'><strong>tem</strong></span> 
     </span>
     <span class='ocr_line' id='line_1_11' title="bbox 791 1590 2847 1681; baseline -0.002 -20"><span class='ocrx_word' id='word_1_71' title='bbox 791 1592 1023 1662; x_wconf 83' lang='lat' dir='ltr'><strong>urbem</strong></span> <span class='ocrx_word' id='word_1_72' title='bbox 1069 1592 1258 1678; x_wconf 89' lang='lat' dir='ltr'><strong>Regii</strong></span> <span class='ocrx_word' id='word_1_73' title='bbox 1307 1615 1346 1657; x_wconf 88' lang='lat' dir='ltr'><strong>a</strong></span> <span class='ocrx_word' id='word_1_74' title='bbox 1389 1591 1682 1679; x_wconf 83' lang='lat' dir='ltr'><strong>quadam</strong></span> <span class='ocrx_word' id='word_1_75' title='bbox 1713 1590 1970 1680; x_wconf 82' lang='lat' dir='ltr'><strong>legione</strong></span> <span class='ocrx_word' id='word_1_76' title='bbox 1998 1591 2183 1658; x_wconf 88' lang='lat' dir='ltr'><strong>ducis</strong></span> <span class='ocrx_word' id='word_1_77' title='bbox 2232 1591 2417 1678; x_wconf 86' lang='lat' dir='ltr'><strong>jussu</strong></span> <span class='ocrx_word' id='word_1_78' title='bbox 2448 1591 2587 1659; x_wconf 84' lang='lat' dir='ltr'><strong>solo</strong></span> <span class='ocrx_word' id='word_1_79' title='bbox 2620 1614 2847 1681; x_wconf 85' lang='lat' dir='ltr'><strong>aequa·</strong></span> 
     </span>
     <span class='ocr_line' id='line_1_12' title="bbox 789 1703 2847 1796; baseline -0.001 -20"><span class='ocrx_word' id='word_1_80' title='bbox 789 1707 987 1777; x_wconf 81' lang='lat' dir='ltr'><strong>fuisse</strong></span> <span class='ocrx_word' id='word_1_81' title='bbox 1032 1706 1325 1775; x_wconf 86' lang='lat' dir='ltr'><strong>Blondus</strong></span> <span class='ocrx_word' id='word_1_82' title='bbox 1371 1717 1725 1786; x_wconf 82' lang='lat' dir='ltr'><strong>memorat3</strong></span> <span class='ocrx_word' id='word_1_83' title='bbox 1769 1706 1959 1796; x_wconf 86' lang='lat' dir='ltr'><strong>quod</strong></span> <span class='ocrx_word' id='word_1_84' title='bbox 2005 1703 2262 1773; x_wconf 84' lang='lat' dir='ltr'><strong>factum</strong></span> <span class='ocrx_word' id='word_1_85' title='bbox 2307 1729 2463 1774; x_wconf 87' lang='lat' dir='ltr'><strong>cum</strong></span> <span class='ocrx_word' id='word_1_86' title='bbox 2507 1705 2794 1773; x_wconf 88' lang='lat' dir='ltr'><strong>Senatus</strong></span> <span class='ocrx_word' id='word_1_87' title='bbox 2843 1745 2847 1790; x_wconf 34' lang='grc' dir='ltr'>ξ</span> 
     </span>
     <span class='ocr_line' id='line_1_13' title="bbox 791 1821 2847 1913; baseline -0.001 -21"><span class='ocrx_word' id='word_1_88' title='bbox 791 1829 960 1892; x_wconf 85' lang='lat' dir='ltr'><strong>viter</strong></span> <span class='ocrx_word' id='word_1_89' title='bbox 1007 1822 1232 1901; x_wconf 86' lang='lat' dir='ltr'><strong>ferret,</strong></span> <span class='ocrx_word' id='word_1_90' title='bbox 1275 1835 1566 1913; x_wconf 86' lang='lat' dir='ltr'><strong>quatuor</strong></span> <span class='ocrx_word' id='word_1_91' title='bbox 1627 1821 1838 1889; x_wconf 85' lang='lat' dir='ltr'><strong>millia</strong></span> <span class='ocrx_word' id='word_1_92' title='bbox 1896 1847 2126 1892; x_wconf 90' lang='lat' dir='ltr'><strong>eorum</strong></span> <span class='ocrx_word' id='word_1_93' title='bbox 2179 1822 2471 1889; x_wconf 88' lang='lat' dir='ltr'><strong>militum</strong></span> <span class='ocrx_word' id='word_1_94' title='bbox 2513 1826 2732 1890; x_wconf 85' lang='lat' dir='ltr'><strong>necari</strong></span> <span class='ocrx_word' id='word_1_95' title='bbox 2776 1825 2847 1908; x_wconf 85' lang='lat' dir='ltr'><strong>ju</strong></span> 
     </span>
     <span class='ocr_line' id='line_1_14' title="bbox 790 1936 2847 2026; baseline 0 -23"><span class='ocrx_word' id='word_1_96' title='bbox 790 1941 993 2004; x_wconf 86' lang='lat' dir='ltr'><strong>etiam</strong></span> <span class='ocrx_word' id='word_1_97' title='bbox 1021 1938 1303 2026; x_wconf 86' lang='lat' dir='ltr'><strong>sepeliri,</strong></span> <span class='ocrx_word' id='word_1_98' title='bbox 1330 1938 1620 2026; x_wconf 85' lang='lat' dir='ltr'><strong>lugerive</strong></span> <span class='ocrx_word' id='word_1_99' title='bbox 1653 1936 1991 2026; x_wconf 85' lang='lat' dir='ltr'><strong>prohibuit</strong></span> <span class='ocrx_word' id='word_1_100' title='bbox 2009 1964 2029 2017; x_wconf 91' lang='lat'>;</span> <span class='ocrx_word' id='word_1_101' title='bbox 2075 1937 2281 2026; x_wconf 88' lang='lat' dir='ltr'><strong>idque</strong></span> <span class='ocrx_word' id='word_1_102' title='bbox 2301 1937 2386 2002; x_wconf 83' lang='lat'><strong>(¹)</strong></span> <span class='ocrx_word' id='word_1_103' title='bbox 2409 1936 2565 2006; x_wconf 82' lang='lat' dir='ltr'><strong>Sex.</strong></span> <span class='ocrx_word' id='word_1_104' title='bbox 2596 1937 2734 2014; x_wconf 88' lang='lat' dir='ltr'><strong>Jul.</strong></span> <span class='ocrx_word' id='word_1_105' title='bbox 2773 1939 2847 2003; x_wconf 78' lang='lat' dir='ltr'><strong>F]</strong></span> 
     </span>
     <span class='ocr_line' id='line_1_15' title="bbox 794 2052 2846 2143; baseline 0.001 -24"><span class='ocrx_word' id='word_1_106' title='bbox 794 2057 1011 2120; x_wconf 89' lang='lat' dir='ltr'><strong>tinum</strong></span> <span class='ocrx_word' id='word_1_107' title='bbox 1060 2053 1308 2119; x_wconf 80' lang='lat' dir='ltr'><strong>tradere</strong></span> <span class='ocrx_word' id='word_1_108' title='bbox 1352 2053 1603 2120; x_wconf 76' lang='lat' dir='ltr'><strong>scribit.</strong></span> <span class='ocrx_word' id='word_1_109' title='bbox 1654 2052 1786 2119; x_wconf 88' lang='lat' dir='ltr'><strong>Sed</strong></span> <span class='ocrx_word' id='word_1_110' title='bbox 1837 2054 2093 2143; x_wconf 89' lang='lat' dir='ltr'><strong>Rhegio</strong></span> <span class='ocrx_word' id='word_1_111' title='bbox 2147 2053 2523 2135; x_wconf 80' lang='lat' dir='ltr'><strong>Calabriae,</strong></span> <span class='ocrx_word' id='word_1_112' title='bbox 2574 2078 2705 2121; x_wconf 89' lang='lat' dir='ltr'><strong>non</strong></span> <span class='ocrx_word' id='word_1_113' title='bbox 2754 2078 2846 2121; x_wconf 87' lang='lat' dir='ltr'><strong>no</strong></span> 
     </span>
     <span class='ocr_line' id='line_1_16' title="bbox 791 2166 2847 2259; baseline 0 -23"><span class='ocrx_word' id='word_1_114' title='bbox 791 2170 862 2236; x_wconf 91' lang='lat' dir='ltr'><strong>id</strong></span> <span class='ocrx_word' id='word_1_115' title='bbox 910 2172 1198 2237; x_wconf 85' lang='lat' dir='ltr'><strong>evenisse</strong></span> <span class='ocrx_word' id='word_1_116' title='bbox 1240 2193 1327 2236; x_wconf 83' lang='lat' dir='ltr'><strong>ex</strong></span> <span class='ocrx_word' id='word_1_117' title='bbox 1371 2166 1716 2240; x_wconf 76' lang='lat' dir='ltr'><strong>Orosio·(²)</strong></span> <span class='ocrx_word' id='word_1_118' title='bbox 1747 2172 1902 2236; x_wconf 85' lang='lat' dir='ltr'><strong>satis</strong></span> <span class='ocrx_word' id='word_1_119' title='bbox 1945 2169 2181 2259; x_wconf 83' lang='lat' dir='ltr'><strong>liquet.</strong></span> <span class='ocrx_word' id='word_1_120' title='bbox 2211 2168 2353 2259; x_wconf 90' lang='lat' dir='ltr'><strong>Ego</strong></span> <span class='ocrx_word' id='word_1_121' title='bbox 2385 2180 2637 2249; x_wconf 87' lang='lat' dir='ltr'><strong>tamen,</strong></span> <span class='ocrx_word' id='word_1_122' title='bbox 2667 2194 2847 2259; x_wconf 89' lang='lat' dir='ltr'><strong>quan</strong></span> 
     </span>
     <span class='ocr_line' id='line_1_17' title="bbox 790 2284 2847 2377; baseline -0 -25"><span class='ocrx_word' id='word_1_123' title='bbox 790 2285 981 2353; x_wconf 89' lang='lat' dir='ltr'><strong>nulla</strong></span> <span class='ocrx_word' id='word_1_124' title='bbox 1024 2297 1204 2352; x_wconf 86' lang='lat' dir='ltr'><strong>certa</strong></span> <span class='ocrx_word' id='word_1_125' title='bbox 1246 2285 1330 2351; x_wconf 90' lang='lat' dir='ltr'><strong>de</strong></span> <span class='ocrx_word' id='word_1_126' title='bbox 1368 2284 1499 2353; x_wconf 90' lang='lat' dir='ltr'><strong>hoc</strong></span> <span class='ocrx_word' id='word_1_127' title='bbox 1530 2297 1716 2351; x_wconf 85' lang='lat' dir='ltr'><strong>extet</strong></span> <span class='ocrx_word' id='word_1_128' title='bbox 1745 2287 2097 2367; x_wconf 88' lang='lat' dir='ltr'><strong>memoria,</strong></span> <span class='ocrx_word' id='word_1_129' title='bbox 2125 2309 2203 2354; x_wconf 88' lang='lat' dir='ltr'><strong>eo</strong></span> <span class='ocrx_word' id='word_1_130' title='bbox 2232 2284 2412 2353; x_wconf 87' lang='lat' dir='ltr'><strong>bello</strong></span> <span class='ocrx_word' id='word_1_131' title='bbox 2443 2284 2753 2377; x_wconf 87' lang='lat' dir='ltr'><strong>Regium,</strong></span> <span class='ocrx_word' id='word_1_132' title='bbox 2784 2310 2847 2352; x_wconf 77' lang='lat' dir='ltr'><strong>ci</strong></span> 
     </span>
     <span class='ocr_line' id='line_1_18' title="bbox 789 2400 2839 2490; baseline -0 -22"><span class='ocrx_word' id='word_1_133' title='bbox 789 2400 974 2470; x_wconf 86' lang='lat' dir='ltr'><strong>nulla</strong></span> <span class='ocrx_word' id='word_1_134' title='bbox 1020 2404 1092 2468; x_wconf 88' lang='lat' dir='ltr'><strong>in</strong></span> <span class='ocrx_word' id='word_1_135' title='bbox 1136 2412 1241 2469; x_wconf 88' lang='lat' dir='ltr'><strong>tot</strong></span> <span class='ocrx_word' id='word_1_136' title='bbox 1282 2401 1599 2469; x_wconf 90' lang='lat' dir='ltr'><strong>Boiorum</strong></span> <span class='ocrx_word' id='word_1_137' title='bbox 1643 2404 1840 2490; x_wconf 85' lang='lat' dir='ltr'><strong>gestis</strong></span> <span class='ocrx_word' id='word_1_138' title='bbox 1905 2400 1986 2466; x_wconf 90' lang='lat' dir='ltr'><strong>fit</strong></span> <span class='ocrx_word' id='word_1_139' title='bbox 2035 2403 2377 2480; x_wconf 89' lang='lat' dir='ltr'><strong>memoria,</strong></span> <span class='ocrx_word' id='word_1_140' title='bbox 2434 2424 2474 2466; x_wconf 89' lang='lat' dir='ltr'><strong>a</strong></span> <span class='ocrx_word' id='word_1_141' title='bbox 2518 2402 2839 2468; x_wconf 87' lang='lat' dir='ltr'><strong>Romanis</strong></span> 
     </span>
     <span class='ocr_line' id='line_1_19' title="bbox 791 2516 2845 2607; baseline 0 -23"><span class='ocrx_word' id='word_1_142' title='bbox 791 2529 1019 2584; x_wconf 87' lang='lat' dir='ltr'><strong>rutum</strong></span> <span class='ocrx_word' id='word_1_143' title='bbox 1066 2516 1267 2585; x_wconf 87' lang='lat' dir='ltr'><strong>fnisse</strong></span> <span class='ocrx_word' id='word_1_144' title='bbox 1313 2520 1652 2598; x_wconf 77' lang='lat' dir='ltr'><strong>existimo,</strong></span> <span class='ocrx_word' id='word_1_145' title='bbox 1694 2517 1878 2607; x_wconf 86' lang='lat' dir='ltr'><strong>quod</strong></span> <span class='ocrx_word' id='word_1_146' title='bbox 1922 2528 2154 2606; x_wconf 87' lang='lat' dir='ltr'><strong>postea</strong></span> <span class='ocrx_word' id='word_1_147' title='bbox 2196 2517 2292 2584; x_wconf 89' lang='grc' dir='ltr'><strong>Μ.</strong></span> <span class='ocrx_word' id='word_1_148' title='bbox 2338 2516 2647 2586; x_wconf 87' lang='lat' dir='ltr'><strong>AEmilius</strong></span> <span class='ocrx_word' id='word_1_149' title='bbox 2688 2518 2845 2607; x_wconf 81' lang='lat' dir='ltr'><strong>Lepi</strong></span> 
     </span>
     <span class='ocr_line' id='line_1_20' title="bbox 788 2631 2815 2724; baseline -0.001 -23"><span class='ocrx_word' id='word_1_150' title='bbox 788 2637 1101 2701; x_wconf 83' lang='lat' dir='ltr'><strong>restituit.</strong></span> <span class='ocrx_word' id='word_1_151' title='bbox 1146 2633 1385 2724; x_wconf 88' lang='lat' dir='ltr'><strong>Neque</strong></span> <span class='ocrx_word' id='word_1_152' title='bbox 1414 2635 1639 2722; x_wconf 89' lang='lat' dir='ltr'><strong>ipsum</strong></span> <span class='ocrx_word' id='word_1_153' title='bbox 1685 2655 1726 2699; x_wconf 91' lang='lat' dir='ltr'><strong>a</strong></span> <span class='ocrx_word' id='word_1_154' title='bbox 1768 2632 1984 2701; x_wconf 84' lang='lat' dir='ltr'><strong>Gallis</strong></span> <span class='ocrx_word' id='word_1_155' title='bbox 2027 2631 2166 2701; x_wconf 81' lang='lat' dir='ltr'><strong>solo</strong></span> <span class='ocrx_word' id='word_1_156' title='bbox 2212 2645 2581 2723; x_wconf 88' lang='lat' dir='ltr'><strong>aequatum</strong></span> <span class='ocrx_word' id='word_1_157' title='bbox 2613 2631 2815 2699; x_wconf 87' lang='lat' dir='ltr'><strong>fuisse</strong></span> 
     </span>
     <span class='ocr_line' id='line_1_21' title="bbox 788 2750 2845 2840; baseline 0 -25"><span class='ocrx_word' id='word_1_158' title='bbox 788 2750 1079 2816; x_wconf 90' lang='lat' dir='ltr'><strong>dendum</strong></span> <span class='ocrx_word' id='word_1_159' title='bbox 1133 2762 1259 2832; x_wconf 86' lang='lat' dir='ltr'><strong>est,</strong></span> <span class='ocrx_word' id='word_1_160' title='bbox 1311 2754 1475 2840; x_wconf 86' lang='lat' dir='ltr'><strong>quia</strong></span> <span class='ocrx_word' id='word_1_161' title='bbox 1526 2752 1581 2818; x_wconf 91' lang='lat' dir='ltr'><strong>si</strong></span> <span class='ocrx_word' id='word_1_162' title='bbox 1633 2761 1772 2816; x_wconf 88' lang='lat' dir='ltr'><strong>tam</strong></span> <span class='ocrx_word' id='word_1_163' title='bbox 1826 2750 2025 2839; x_wconf 92' lang='lat' dir='ltr'><strong>longo</strong></span> <span class='ocrx_word' id='word_1_164' title='bbox 2083 2760 2378 2838; x_wconf 89' lang='lat' dir='ltr'><strong>tempore</strong></span> <span class='ocrx_word' id='word_1_165' title='bbox 2429 2750 2737 2836; x_wconf 86' lang='lat' dir='ltr'><strong>jacuisset</strong></span> <span class='ocrx_word' id='word_1_166' title='bbox 2794 2750 2845 2815; x_wconf 84' lang='lat' dir='ltr'>R</span> 
     </span>
     <span class='ocr_line' id='line_1_22' title="bbox 789 2862 2844 2953; baseline -0 -20"><span class='ocrx_word' id='word_1_167' title='bbox 789 2890 1056 2947; x_wconf 85' lang='lat' dir='ltr'><strong>nomen,</strong></span> <span class='ocrx_word' id='word_1_168' title='bbox 1097 2866 1238 2952; x_wconf 85' lang='lat' dir='ltr'><strong>jam</strong></span> <span class='ocrx_word' id='word_1_169' title='bbox 1283 2869 1470 2933; x_wconf 90' lang='lat' dir='ltr'><strong>omni</strong></span> <span class='ocrx_word' id='word_1_170' title='bbox 1521 2865 1665 2952; x_wconf 89' lang='lat' dir='ltr'><strong>ejus</strong></span> <span class='ocrx_word' id='word_1_171' title='bbox 1737 2864 1987 2933; x_wconf 88' lang='lat' dir='ltr'><strong>abolito</strong></span> <span class='ocrx_word' id='word_1_172' title='bbox 2052 2875 2523 2944; x_wconf 87' lang='lat' dir='ltr'><strong>monumento,</strong></span> <span class='ocrx_word' id='word_1_173' title='bbox 2585 2862 2786 2952; x_wconf 86' lang='lat' dir='ltr'><strong>longo</strong></span> <span class='ocrx_word' id='word_1_174' title='bbox 2833 2888 2844 2953; x_wconf 89' lang='grc'>]</span> 
     </span>
     <span class='ocr_line' id='line_1_23' title="bbox 789 2980 2843 3072; baseline -0.002 -24"><span class='ocrx_word' id='word_1_175' title='bbox 789 2994 1083 3072; x_wconf 87' lang='lat' dir='ltr'><strong>tempore</strong></span> <span class='ocrx_word' id='word_1_176' title='bbox 1127 2981 1328 3049; x_wconf 87' lang='lat' dir='ltr'><strong>facile</strong></span> <span class='ocrx_word' id='word_1_177' title='bbox 1371 2984 1662 3070; x_wconf 83' lang='lat' dir='ltr'><strong>recipere</strong></span> <span class='ocrx_word' id='word_1_178' title='bbox 1706 3005 1838 3048; x_wconf 91' lang='lat' dir='ltr'><strong>non</strong></span> <span class='ocrx_word' id='word_1_179' title='bbox 1886 2984 2229 3069; x_wconf 86' lang='lat' dir='ltr'><strong>potuisset.</strong></span> <span class='ocrx_word' id='word_1_180' title='bbox 2300 2980 2477 3054; x_wconf 86' lang='lat' dir='ltr'><strong>Cum</strong></span> <span class='ocrx_word' id='word_1_181' title='bbox 2544 3002 2695 3046; x_wconf 84' lang='lat' dir='ltr'><strong>vero</strong></span> <span class='ocrx_word' id='word_1_182' title='bbox 2740 2981 2843 3046; x_wconf 87' lang='lat' dir='ltr'><strong>rel.</strong></span> 
     </span>
     <span class='ocr_line' id='line_1_24' title="bbox 788 3095 2843 3185; baseline -0.001 -21"><span class='ocrx_word' id='word_1_183' title='bbox 788 3097 1069 3165; x_wconf 77' lang='lat' dir='ltr'><strong>subinde</strong></span> <span class='ocrx_word' id='word_1_184' title='bbox 1114 3096 1297 3163; x_wconf 86' lang='lat' dir='ltr'><strong>Galli</strong></span> <span class='ocrx_word' id='word_1_185' title='bbox 1344 3099 1412 3163; x_wconf 84' lang='lat' dir='ltr'><strong>vi</strong></span> <span class='ocrx_word' id='word_1_186' title='bbox 1458 3097 1807 3170; x_wconf 82' lang='lat' dir='ltr'><strong>imbrium.</strong></span> <span class='ocrx_word' id='word_1_187' title='bbox 1850 3107 1919 3161; x_wconf 89' lang='lat' dir='ltr'><strong>et</strong></span> <span class='ocrx_word' id='word_1_188' title='bbox 1977 3095 2355 3183; x_wconf 80' lang='lat' dir='ltr'><strong>pestilentia</strong></span> <span class='ocrx_word' id='word_1_189' title='bbox 2408 3095 2642 3163; x_wconf 90' lang='lat' dir='ltr'><strong>eodem</strong></span> <span class='ocrx_word' id='word_1_190' title='bbox 2688 3107 2843 3185; x_wconf 83' lang='lat' dir='ltr'><strong>tem]</strong></span> 
     </span>
     <span class='ocr_line' id='line_1_25' title="bbox 788 3209 2842 3299; baseline -0.001 -22"><span class='ocrx_word' id='word_1_191' title='bbox 788 3213 1004 3299; x_wconf 80' lang='lat' dir='ltr'><strong>subigi</strong></span> <span class='ocrx_word' id='word_1_192' title='bbox 1050 3235 1181 3277; x_wconf 91' lang='lat' dir='ltr'><strong>non</strong></span> <span class='ocrx_word' id='word_1_193' title='bbox 1233 3212 1627 3297; x_wconf 87' lang='lat' dir='ltr'><strong>potuissent,</strong></span> <span class='ocrx_word' id='word_1_194' title='bbox 1686 3220 1912 3297; x_wconf 87' lang='lat' dir='ltr'><strong>postea</strong></span> <span class='ocrx_word' id='word_1_195' title='bbox 1958 3209 2042 3274; x_wconf 89' lang='lat' dir='ltr'><strong>C.</strong></span> <span class='ocrx_word' id='word_1_196' title='bbox 2086 3209 2401 3292; x_wconf 82' lang='lat' dir='ltr'><strong>Quintius</strong></span> <span class='ocrx_word' id='word_1_197' title='bbox 2469 3209 2842 3276; x_wconf 85' lang='lat' dir='ltr'><strong>Flaminius</strong></span> 
     </span>
     <span class='ocr_line' id='line_1_26' title="bbox 791 3322 2840 3412; baseline 0 -20"><span class='ocrx_word' id='word_1_198' title='bbox 791 3327 869 3392; x_wconf 84' lang='lat' dir='ltr'><strong>P.</strong></span> <span class='ocrx_word' id='word_1_199' title='bbox 914 3327 1155 3392; x_wconf 87' lang='lat' dir='ltr'><strong>Furius</strong></span> <span class='ocrx_word' id='word_1_200' title='bbox 1199 3322 1431 3389; x_wconf 91' lang='lat' dir='ltr'><strong>Philus</strong></span> <span class='ocrx_word' id='word_1_201' title='bbox 1475 3322 1896 3402; x_wconf 72' lang='lat' dir='ltr'><strong>Insubribus„</strong></span> <span class='ocrx_word' id='word_1_202' title='bbox 1962 3326 2079 3412; x_wconf 89' lang='lat' dir='ltr'><strong>qui</strong></span> <span class='ocrx_word' id='word_1_203' title='bbox 2138 3324 2593 3392; x_wconf 80' lang='lat' dir='ltr'><strong>Mediolanum</strong></span> <span class='ocrx_word' id='word_1_204' title='bbox 2639 3327 2840 3392; x_wconf 90' lang='lat' dir='ltr'><strong>teneb</strong></span> 
     </span>
     <span class='ocr_line' id='line_1_27' title="bbox 791 3440 2841 3532; baseline 0 -24"><span class='ocrx_word' id='word_1_205' title='bbox 791 3441 1169 3532; x_wconf 85' lang='lat' dir='ltr'><strong>profligatis,</strong></span> <span class='ocrx_word' id='word_1_206' title='bbox 1213 3444 1547 3530; x_wconf 91' lang='lat' dir='ltr'><strong>ingentem</strong></span> <span class='ocrx_word' id='word_1_207' title='bbox 1595 3443 2020 3529; x_wconf 84' lang='lat' dir='ltr'><strong>captivorum</strong></span> <span class='ocrx_word' id='word_1_208' title='bbox 2068 3440 2593 3521; x_wconf 86' lang='lat' dir='ltr'><strong>multitudinem,</strong></span> <span class='ocrx_word' id='word_1_209' title='bbox 2636 3440 2841 3530; x_wconf 82' lang='lat' dir='ltr'><strong>spolia</strong></span> 
     </span>
     <span class='ocr_line' id='line_1_28' title="bbox 789 3556 2841 3647; baseline -0 -23"><span class='ocrx_word' id='word_1_210' title='bbox 789 3563 861 3626; x_wconf 91' lang='lat' dir='ltr'><strong>in</strong></span> <span class='ocrx_word' id='word_1_211' title='bbox 905 3559 1139 3625; x_wconf 88' lang='lat' dir='ltr'><strong>urbem</strong></span> <span class='ocrx_word' id='word_1_212' title='bbox 1184 3559 1418 3647; x_wconf 83' lang='lat' dir='ltr'><strong>insigni</strong></span> <span class='ocrx_word' id='word_1_213' title='bbox 1449 3579 1697 3646; x_wconf 88' lang='lat' dir='ltr'><strong>pompa</strong></span> <span class='ocrx_word' id='word_1_214' title='bbox 1727 3556 2041 3625; x_wconf 87' lang='lat' dir='ltr'><strong>detulere.</strong></span> <span class='ocrx_word' id='word_1_215' title='bbox 2067 3556 2305 3625; x_wconf 85' lang='lat' dir='ltr'><strong>Tantis</strong></span> <span class='ocrx_word' id='word_1_216' title='bbox 2336 3558 2640 3626; x_wconf 81' lang='lat' dir='ltr'><strong>cladibus</strong></span> <span class='ocrx_word' id='word_1_217' title='bbox 2668 3558 2841 3625; x_wconf 74' lang='lat' dir='ltr'><strong>Insu]</strong></span> 
     </span>
     <span class='ocr_line' id='line_1_29' title="bbox 793 3673 2838 3766; baseline -0 -23"><span class='ocrx_word' id='word_1_218' title='bbox 793 3673 1043 3757; x_wconf 86' lang='lat' dir='ltr'><strong>afflicti,</strong></span> <span class='ocrx_word' id='word_1_219' title='bbox 1086 3698 1320 3764; x_wconf 90' lang='lat' dir='ltr'><strong>pacem</strong></span> <span class='ocrx_word' id='word_1_220' title='bbox 1365 3697 1406 3741; x_wconf 91' lang='lat' dir='ltr'><strong>a</strong></span> <span class='ocrx_word' id='word_1_221' title='bbox 1447 3675 1766 3743; x_wconf 87' lang='lat' dir='ltr'><strong>Romanis</strong></span> <span class='ocrx_word' id='word_1_222' title='bbox 1832 3676 2167 3744; x_wconf 83' lang='lat' dir='ltr'><strong>victorum</strong></span> <span class='ocrx_word' id='word_1_223' title='bbox 2234 3676 2513 3746; x_wconf 87' lang='lat' dir='ltr'><strong>arbitrio</strong></span> <span class='ocrx_word' id='word_1_224' title='bbox 2576 3699 2689 3766; x_wconf 88' lang='lat' dir='ltr'><strong>per</strong></span> <span class='ocrx_word' id='word_1_225' title='bbox 2731 3675 2838 3765; x_wconf 86' lang='lat' dir='ltr'><strong>leg</strong></span> 
     </span>
    </p>
   </div>
   <div class='ocr_carea' id='block_1_3' title="bbox 868 4048 1797 4216">
    <p class='ocr_par' dir='ltr' id='par_1_4' title="bbox 868 4048 1797 4216">
     <span class='ocr_line' id='line_1_30' title="bbox 868 4048 1797 4120; baseline -0.001 -18"><span class='ocrx_word' id='word_1_226' title='bbox 868 4049 951 4118; x_wconf 79' lang='grc' dir='ltr'><strong>(ι)</strong></span> <span class='ocrx_word' id='word_1_227' title='bbox 983 4048 1098 4101; x_wconf 78' lang='lat' dir='ltr'><strong>Ital.</strong></span> <span class='ocrx_word' id='word_1_228' title='bbox 1129 4048 1321 4103; x_wconf 77' lang='lat' dir='ltr'><strong>Illustr.</strong></span> <span class='ocrx_word' id='word_1_229' title='bbox 1340 4048 1414 4101; x_wconf 85' lang='lat' dir='ltr'><strong>·in</strong></span> <span class='ocrx_word' id='word_1_230' title='bbox 1447 4056 1573 4120; x_wconf 80' lang='lat' dir='ltr'><strong>sept.</strong></span> <span class='ocrx_word' id='word_1_231' title='bbox 1606 4048 1797 4119; x_wconf 78' lang='lat' dir='ltr'><strong>region.</strong></span> 
     </span>
     <span class='ocr_line' id='line_1_31' title="bbox 869 4143 1411 4216; baseline 0 -21"><span class='ocrx_word' id='word_1_232' title='bbox 869 4143 955 4216; x_wconf 77' lang='lat' dir='ltr'><strong>(s)</strong></span> <span class='ocrx_word' id='word_1_233' title='bbox 985 4144 1102 4198; x_wconf 85' lang='lat' dir='ltr'><strong>Lib.</strong></span> <span class='ocrx_word' id='word_1_234' title='bbox 1135 4144 1188 4211; x_wconf 76' lang='grc'><strong>4,</strong></span> <span class='ocrx_word' id='word_1_235' title='bbox 1223 4160 1331 4213; x_wconf 83' lang='lat' dir='ltr'><strong>cap.</strong></span> <span class='ocrx_word' id='word_1_236' title='bbox 1363 4144 1411 4196; x_wconf 79' lang='lat'><strong>3.</strong></span> 
     </span>
    </p>
   </div>
  </div>
 </body>
</html>
