2950 5017
939 415 1139 479 um
1186 419 1483 482 octavus
2173 418 2302 485 533

47 551 478 626 Galleacins
519 551 852 624 Tassonus
895 554 1167 624 Hectori
1209 554 1491 628 Sacrate
1535 557 1608 623 in
1649 553 1862 647 Regii
1888 553 2302 647 praefectum

47 671 416 746 suffectus
442 683 662 753 esset,
704 674 945 742 reversi
989 674 1061 740 in
1103 671 1408 762 hyberna
1451 673 1734 764 Hispani
1800 696 1918 763 per
1983 673 2303 744 tredecim

47 812 378 873 menses,
404 789 656 880 quibus
696 791 936 858 misere
964 787 1320 880 Regienses
1364 783 1786 871 afflixerunt,
1828 788 1982 879 plus
2024 798 2308 861 centum

47 905 391 975 minium
458 923 819 976 aureorum
882 899 1209 976 damnum
1276 904 1679 973 intulerunt.
1737 903 2012 975 Praeter
2074 929 2312 977 omues

47 1022 380 1092 barbara
421 1019 816 1090 crudelitate
856 1023 1135 1112 insignis
1178 1021 1492 1109 cajetani
1535 1019 1822 1089 Tribuni
1863 1019 2096 1091 cohors
2139 1020 2304 1106 fuit,

47 1162 268 1231 quae
315 1140 500 1210 omni
543 1136 779 1229 flagitii
822 1159 1058 1229 genere
1111 1133 1378 1230 patrato
1391 1188 1412 1220 ,
1454 1149 1540 1208 ut
1582 1137 1719 1224 alia
1760 1136 2007 1206 scelera
2049 1153 2312 1230 praete·

48 1277 279 1324 team
300 1305 322 1338 ,
364 1251 663 1324 infelices
706 1253 1043 1346 agricolas
1075 1253 1276 1324 suillo
1319 1254 1516 1345 adipe
1557 1254 1872 1322 inunctos
1932 1254 2020 1322 ad
2063 1257 2311 1345 ignem

52 1370 424 1442 horrenda
468 1368 733 1439 feritate
779 1369 1162 1461 petulanter
1216 1372 1524 1441 torruisse
1557 1369 1862 1452 dicitur,
1903 1372 2312 1441 suavissimis

58 1489 482 1580 quibusque
525 1487 741 1582 epulis
784 1490 1103 1569 saturati,
1147 1499 1475 1579 raptaque
1520 1487 1808 1578 pecunia
1878 1487 2146 1556 abunde
2209 1512 2313 1557 re-

60 1605 298 1698 pleti,
328 1607 535 1673 etiam
584 1616 927 1672 austerum
962 1603 1394 1683 saccharum,
1430 1603 1542 1672 vel
1584 1603 1694 1671 lac
1737 1602 2182 1695 gallinaceum
2226 1605 2316 1673 ad

64 1723 547 1816 quaerendam
591 1720 968 1791 inferendae
1011 1719 1300 1810 injuriae
1343 1724 1754 1793 occasionem
1797 1722 2079 1814 quidam
2132 1720 2316 1792 effia-

69 1843 338 1933 gitasse
391 1839 734 1909 dicuntur.
788 1838 1056 1925 Quibus
1098 1838 1529 1909 contumeliis
1588 1838 1973 1908 exacerbati
2041 1841 2312 1922 rustici,

73 1980 271 2049 quos
327 1955 504 2038 solos
542 1960 638 2025 'in
708 1956 948 2025 mediis
1004 1958 1258 2047 campis
1308 1937 1707 2048 'intercipere
1755 1967 2127 2047 potuerunt
2170 1975 2311 2028 uon

78 2097 352 2167 paucos
409 2073 862 2142 trucidarunt.
933 2073 1013 2142 In
1083 2095 1239 2141 eam
1303 2071 1577 2144 tandem
1644 2073 2000 2144 audaciam
2066 2072 2318 2150 milites

83 2194 539 2274 devenerunt,
583 2204 663 2260 ut
706 2195 778 2260 in
822 2191 1062 2260 urbem
1106 2190 1468 2282 praedandi
1514 2190 1741 2262 studio
1770 2192 2134 2283 irrumpere
2169 2204 2313 2262 ten-

86 2313 423 2381 severintz
468 2308 584 2377 sed
629 2329 790 2380 cum
834 2312 1016 2377 cives
1061 2319 1205 2378 toto
1248 2307 1356 2375 die
1400 2331 1523 2399 pro
1570 2309 1925 2378 moenibus
1969 2309 2316 2379 excuban-

91 2439 215 2510 tes,
243 2426 591 2508 vidissent,
636 2425 1084 2516 postridieque
1140 2437 1589 2495 trecentorum
1658 2426 1966 2516 pediturn
2033 2449 2323 2494 manum.

93 2543 487 2635 Alphonsus
531 2545 852 2625 misisset,
918 2541 1008 2609 ab
1075 2544 1307 2612 insano
1369 2541 1649 2611 consilio
1704 2541 2129 2610 destiterunt.
2175 2540 2320 2611 Illis

99 2660 423 2754 stipendii
481 2658 778 2751 plurium
833 2661 1167 2729 mensium
1220 2658 1693 2740 creditoribus,
1749 2679 1909 2726 cum
1955 2660 2028 2726 in
2071 2680 2323 2749 magna

98 2781 201 2848 rei
243 2779 658 2847 nummariae
700 2774 1101 2844 difficultate
1141 2774 1444 2844 satisfieri
1499 2798 1635 2843 non
1690 2785 1946 2865 posset,
1992 2773 2319 2845 alimenta

97 2893 421 2986 praebere
463 2893 812 2984 Regienses
855 2892 1290 2984 cogebantur.
1338 2889 1645 2959 Tandem
1686 2913 1844 2958 cum
1876 2890 2162 2972 Turcae,
2197 2894 2321 2982 qui

100 3011 489 3081 Pannoniae
552 3033 710 3078 cum
778 3013 1134 3079 innumero
1199 3012 1498 3078 exercitu
1564 3007 1964 3076 imminebat
1991 3058 2012 3090 ,
2074 3006 2319 3079 Caesar

106 3130 382 3200 obviam
427 3130 527 3196 ire
573 3138 953 3219 cogeretur,
997 3149 1235 3196 omnes·
1273 3128 1342 3194 in
1389 3125 1827 3196 Germaniam
1882 3128 2174 3195 revocati
2220 3126 2325 3194 di-

105 3270 405 3316 scessere.
434 3246 780 3315 Fabricius
809 3244 1265 3314 Maramaldus
1292 3243 1785 3335 Neapolitanus
1827 3267 1910 3313 eo
1951 3266 2111 3351 curn
2158 3244 2328 3314 dua·

109 3365 244 3435 bus
283 3362 681 3455 legionibus,
708 3363 1193 3453 Romanusque
1223 3385 1379 3429 cum
1413 3372 1708 3453 quatuor
1753 3359 1939 3429 mille
1984 3361 2326 3453 peditibus

114 3492 193 3549 et
232 3482 538 3569 trecentis
581 3478 923 3572 equitibus
966 3477 1333 3570 profecturi
1363 3480 1437 3548 in
1465 3477 1904 3570 Regiensibus
1938 3501 2028 3546 ex
2069 3481 2327 3548 civium

117 3596 402 3668 fortunis
466 3607 537 3667 s'e
604 3596 998 3689 aliquandiu
1074 3596 1393 3666 aluerunt
1410 3645 1428 3664 .
1505 3596 1808 3665 Demurn
1874 3596 2097 3664 Turca
2170 3617 2330 3663 cum

119 3712 559 3788 formidandia
594 3715 1109 3786 christianorum
1153 3715 1363 3807 copiis
1409 3713 1719 3806 congredi
1766 3735 1900 3781 non
1944 3734 2137 3793 auso,
2166 3734 2329 3782 cum

124 3835 437 3925 utrinque
481 3836 750 3904 retracti
820 3845 1041 3902 essent
1100 3835 1436 3901 exercitus
1449 3883 1469 3913 ,
1514 3830 1763 3898 Caesar
1805 3850 1964 3896 cum
2010 3826 2333 3899 Pontifice

129 3948 361 4020 foedus
412 3961 849 4020 renovaturus
913 3954 983 4019 in
1050 3949 1323 4017 Italiam
1389 3949 1767 4018 revertitur.
1830 3945 2148 4015 Venienti
2214 3968 2334 4036 pro

132 4066 271 4135 lata
314 4068 648 4137 sententia
706 4069 955 4160 gratias
999 4078 1269 4135 acturus
1313 4062 1696 4156 Alphonsus
1750 4061 1983 4146 affuit,
2026 4085 2103 4131 ac
2147 4061 2340 4131 Man·

138 4197 256 4255 tua
320 4182 657 4304 Mutinam
724 4185 1095 4256 deductum
1162 4182 1714 4304 splendidissimo⁸
1772 4205 1931 4253 curn
2007 4192 2338 4274 apparatu
