2950 5017
945 430 1147 476 mnan
1191 432 1436 478 ramus
2199 418 2290 484 23

88 559 431 630 mrum,
499 546 624 616 uhi
672 544 983 638 Delphici
1040 549 1373 640 Apollinis
1447 550 1774 642 templum
1825 562 2002 634 erat,
2053 558 2287 622 misere

84 677 242 734 sunt
282 663 653 746 trucidati,
690 687 1060 755 eorumque
1108 666 1254 733 dux
1281 666 1579 735 Brennus
1622 669 1910 757 graviter
1951 670 2288 739 sauciatus

84 780 378 870 pugione
423 775 784 848 transfosso
826 791 1095 868 pectore
1136 777 1387 848 infelici
1430 783 1629 849 exitu
1669 784 1882 850 vitam
1928 781 2149 852 finivit
2183 786 2285 852 (¹).

84 894 365 987 Reliqui
412 918 453 962 a
497 893 835 963 Bithiniae
894 917 1045 985 rege
1087 900 1357 976 vocati,
1409 908 1482 965 et
1524 900 1597 965 in
1661 902 1965 988 proxima
2030 903 2290 989 regione

90 1010 290 1081 buti
332 1035 492 1079 earn
547 1034 591 1080 a
647 1033 722 1080 se
773 1010 1302 1103 Gallograeciam
1348 1037 1515 1082 mox
1557 1013 1899 1082 Galatiam
1946 1016 2288 1085 dixerunt.

91 1127 357 1196 Praeter
401 1150 561 1195 eum
604 1131 728 1217 qui
769 1150 812 1194 a
852 1127 1124 1197 Graecis
1166 1127 1554 1220 profligatus
1601 1139 1730 1211 est,
1776 1129 1946 1197 alius
1991 1132 2288 1201 Brennus

96 1244 358 1335 regulus
404 1267 636 1335 genere
676 1244 1067 1326 Britannus,
1111 1257 1181 1312 et
1221 1245 1578 1313 Dumualli
1643 1248 1812 1335 regis
1853 1243 2067 1328 filius,
2122 1272 2278 1316 cum

95 1382 137 1427 a
176 1360 439 1430 Bellino
466 1358 672 1428 fratre
697 1360 1057 1428 domestica
1101 1360 1190 1429 ob
1234 1383 1508 1450 regnum
1542 1362 1865 1430 discordia
1898 1363 2289 1445 dissentiret,

98 1477 411 1544 maternis
438 1476 752 1565 precihus
780 1472 971 1542 fratri
1002 1475 1494 1557 reconciliatus,
1515 1479 1586 1544 in
1608 1476 1936 1559 Galliam,
1965 1479 2289 1568 stipendia

100 1587 433 1674 facturus,
479 1592 780 1679 trajecit3
824 1604 1054 1682 postea
1097 1597 1312 1682 gentis
1354 1605 1562 1683 caput
1603 1608 1884 1675 creatus,
1916 1597 1986 1661 in
2017 1595 2290 1663 Italiam

100 1710 281 1775 venit
311 1721 383 1775 et
411 1707 668 1776 Romae
713 1706 1049 1798 Capitolio
1092 1708 1382 1790 obsesso,
1421 1732 1462 1774 a
1505 1707 1795 1776 Camillo
1838 1710 1925 1775 ad
1971 1710 2289 1777 ultimum

108 1823 441 1890 excidium
484 1833 584 1889 est
630 1820 1036 1914 profligatus.
1082 1821 1212 1890 Sed
1258 1823 1373 1890 alii
1418 1823 1603 1891 hunc
1648 1825 1826 1915 apud
1870 1824 2294 1916 Allobroges,

105 1950 175 2006 ct
212 1937 558 2029 cisalpinos
587 1937 817 2006 Gallos
846 1938 965 2004 diu
992 1939 1398 2020 consedisse,
1443 1940 1533 2005 ab
1578 1939 1812 2028 hisque
1857 1942 1924 2007 in
1974 1940 2289 2010 honorem

106 2053 410 2122 habitum
457 2051 660 2122 fuisse
703 2067 992 2122 narrant.
1034 2053 1178 2121 Nec
1204 2055 1442 2122 desunt
1473 2057 1591 2144 qui
1643 2039 1798 2121 eum
1835 2056 2024 2145 Regii
2069 2056 2292 2124 sedem

108 2167 449 2252 habuisse,
518 2180 638 2236 aut
701 2168 938 2236 saltem
998 2169 1386 2261 aliquandiu
1469 2173 1541 2237 in
1601 2183 1821 2239 nostra
1880 2172 2045 2238 urbe
2095 2170 2295 2238 fuisse

110 2283 456 2366 affirment,
502 2307 657 2351 cum
703 2289 903 2352 unius
948 2285 1187 2354 Brenni
1218 2286 1408 2373 Regii
1439 2298 1697 2375 portam
1745 2301 2045 2375 apertam
2092 2284 2294 2354 fuisse

109 2404 459 2490 antiquum
490 2423 777 2469 marmor
810 2413 1116 2481 testetur,
1145 2414 1216 2467 et
1244 2404 1667 2489 portaetiam
1702 2404 1867 2490 ipsa,
1897 2425 2071 2491 quae
2102 2401 2295 2470 hodie

110 2538 370 2607 quoque
397 2516 761 2584 Brennonis
791 2529 1097 2598 vocatur,
1126 2515 1327 2602 hujus
1371 2520 1460 2584 rei
1493 2515 1690 2583 fidem
1726 2516 1934 2585 facere
1965 2519 2291 2585 videatur.

112 2630 211 2698 Ea
251 2656 463 2715 nunc,
492 2645 575 2701 ut
608 2633 903 2723 quotidie
947 2637 1020 2701 in
1065 2656 1237 2702 nova
1266 2645 1530 2701 vetusta
1559 2637 1803 2700 mutari
1834 2633 2069 2715 solent,
2101 2635 2299 2700 obtu-

114 2761 253 2815 rata
279 2773 412 2817 non
444 2761 762 2839 apparet3
791 2753 1038 2839 priscae
1085 2762 1308 2817 tamen
1356 2748 1607 2817 formae
1638 2747 1911 2830 faciem,
1942 2743 2010 2816 et
2041 2773 2295 2830 arcum,

126 2876 477 2954 antequam
506 2864 595 2931 ab
624 2864 909 2931 Hercule
937 2865 1223 2932 secundo
1255 2864 1559 2931 Atestino
1605 2864 1761 2930 urbs
1808 2866 2200 2942 muniretur,
2230 2877 2299 2928 et

122 2979 260 3067 ipse
298 2979 467 3058 vidi,
494 2992 563 3046 et
591 2979 815 3069 plures
860 2980 1079 3047 adhuc
1128 2983 1604 3062 meminerunt,
1635 3000 1920 3048 marmor
1964 2979 2034 3043 in
2079 2974 2298 3044 fronte

120 3091 362 3174 stabat,
389 3094 566 3183 quod
593 3107 927 3163 vetustate
956 3098 1164 3163 exesis
1192 3094 1430 3161 litteris
1459 3116 1633 3184 quae
1664 3095 1782 3161 vix
1811 3091 1937 3182 legi
1969 3103 2299 3181 poterant,

118 3207 372 3278 Brenno
399 3210 589 3277 Duce
619 3224 877 3301 portam
907 3212 1095 3278 illam
1126 3212 1462 3279 conditam
1496 3208 1696 3277 fuisse
1724 3207 2140 3278 continebat.
2170 3206 2301 3273 Sed

119 3329 265 3416 quis
304 3327 421 3395 ille
467 3328 765 3395 Brennus
811 3326 1014 3395 fuerit
1058 3354 1187 3397 non
1250 3329 1427 3419 apud
1477 3350 1705 3395 omnes
1765 3325 1958 3416 plane
2009 3337 2299 3393 constat.

124 3441 431 3510 Ponticus
475 3444 871 3511 Britannum
915 3467 1071 3511 eum
1116 3443 1342 3526 fuisse,
1372 3467 1580 3534 quam
1610 3441 1816 3510 alium
1863 3441 2120 3508 credere
2164 3464 2304 3507 rna-

120 3558 289 3636 vult,
336 3582 381 3625 a
420 3583 555 3649 quo
601 3558 879 3648 Regium
918 3560 1248 3641 dirutum,
1292 3573 1359 3625 et
1404 3571 1630 3648 postea
1674 3561 2056 3625 restitutum
2101 3552 2299 3622 fuisse

124 3673 468 3758 eujusdam
498 3677 808 3744 orationis
839 3673 1135 3742 funebris
1171 3678 1242 3742 in
1276 3674 1770 3741 Helisabetham
1804 3671 2303 3738 Vicedorninam

129 3785 401 3855 habitae
442 3793 817 3860 testimonio
868 3790 1188 3859 affirmat.
1233 3789 1363 3857 Sed
1407 3814 1527 3880 ego
1589 3789 1769 3879 apud
1830 3788 2305 3855 vetustissimos

132 3903 398 3972 annales
427 3928 468 3971 a
487 3905 832 3974 Brennone
865 3910 1056 3976 tertio
1080 3905 1423 3975 Saxonum
1471 3927 1644 3994 rege,
1666 3904 1784 3993 qui
1814 3925 1968 3968 cum
2012 3900 2307 3968 Odoacre

201 4160 281 4229 (⁸)
314 4159 453 4214 Just.
484 4162 576 4216 lib.
608 4163 692 4232 ’‘l-
724 4171 776 4217 et
808 4163 951 4217 Paul.
983 4164 1128 4218 Diae.
1160 4162 1252 4216 lib.
1284 4181 1332 4215 a.
1365 4162 1428 4216 de
1460 4160 1648 4233 gentib.
1681 4158 2047 4230 Longobsrdisi
