2950 5017
732 401 820 484 84
1463 417 1697 462 aarum
1750 415 2167 463 nzcrznsmsr

727 536 928 607 modo
968 535 1285 628 opulento
1327 559 1527 627 regno
1572 538 1822 627 potitus
1852 535 2300 605 Theodericus
2342 534 2578 602 Italiae
2622 558 2765 603 rex
2817 558 2929 626 ap·

728 653 1045 744 pellatur,
1083 659 1200 743 qui
1243 652 1556 723 Odoacris
1597 651 1907 743 exemplo
1955 655 2150 720 tertia
2199 675 2499 739 agrorum
2547 666 2761 742 parte
2787 653 2929 720 Ge*

730 769 865 836 this
891 791 1219 849 concessa,
1250 770 1319 834 in
1349 766 1616 858 reliquis
1654 790 1914 834 summa
1962 770 2300 856 aequitate
2344 767 2625 857 populos
2682 767 2929 856 guber-

728 887 920 951 navit
951 884 1049 950 (ῑ).
1086 883 1700 951 Caeterum-omnia
1729 881 2056 973 praeclare
2096 895 2277 971 gesta
2318 883 2532 950 studio
2564 884 2929 971 pravitatis

729 1001 1046 1081 Arianae,
1114 1010 1183 1066 et
1248 1022 1405 1065 nece
1458 997 1882 1088 Symmachi,
1925 997 2180 1079 Boetii,
2222 999 2490 1075 Ioannis
2532 997 2929 1079 Pontificis,

732 1113 1151 1204 aliorumque
1196 1113 1523 1183 clarorum
1555 1113 1903 1182 hominum
1936 1111 2250 1181 foedavit.
2297 1114 2478 1197 Quos
2519 1113 2928 1202 proditionis

730 1230 1145 1299 insimulatos
1174 1228 1346 1298 ferro
1380 1241 1625 1296 temere
1667 1231 2013 1318 percussit:
2049 1253 2168 1296 nec
2200 1233 2296 1296 ita
2326 1229 2521 1317 longo
2555 1229 2925 1297 intervallo

729 1345 983 1413 sceleris
1028 1369 1272 1435 poenas
1316 1344 1469 1411 luit.
1518 1344 1844 1413 coenanti
1889 1346 2062 1411 enim
2111 1346 2305 1434 piscis
2335 1355 2535 1433 caput
2566 1347 2746 1410 mira
2786 1368 2928 1410 ma-

730 1462 1072 1553 gnitudine
1106 1464 1488 1551 appositum
1519 1459 1909 1550 Symmachi
1945 1474 2127 1529 torve
2160 1462 2555 1550 aspicientis,
2585 1472 2655 1525 et
2691 1462 2921 1551 gravia

731 1581 1046 1645 minantis
1090 1576 1358 1645 vultum
1401 1579 1618 1644 visum
1651 1574 1851 1643 fuisse
1880 1572 2133 1655 ferunt3
2178 1599 2390 1666 eoque
2431 1586 2733 1643 monstro
2780 1598 2924 1663 per-

733 1689 1039 1762 territum
1083 1697 1153 1761 in
1198 1692 1584 1760 cubiculum
1629 1696 2007 1773 secessisse3
2061 1716 2184 1759 nec
2232 1691 2450 1759 multo
2519 1703 2674 1781 post
2745 1715 2914 1757 anno

734 1812 913 1898 regni
959 1805 1205 1875 xxxyn
1247 1834 1335 1876 ex
1377 1809 1505 1875 hac
1549 1812 1688 1875 vita
1732 1812 2065 1897 migrasse.
2108 1807 2244 1874 Alii
2278 1830 2434 1873 eum
2465 1808 2732 1873 Arianis
2766 1806 2919 1871 hae-

734 1927 949 1991 reticis
994 1922 1332 1992 faventem
1376 1925 1598 1992 subita
1653 1937 1863 1993 morte
1919 1937 2293 2013 correptum
2315 1975 2334 2004 ,
2377 1946 2538 1991 mox
2581 1924 2768 2011 apud
2813 1924 2917 1988 Li-

738 2063 968 2130 param
1017 2038 1360 2108 AEolidum
1428 2040 1715 2106 insulam
1784 2044 1955 2107 inter
2021 2041 2337 2117 joannem
2397 2038 2787 2107 Pontificem
2853 2050 2918 2103 et

741 2155 1236 2246 Symmachum
1281 2158 1349 2221 in
1385 2154 1653 2222 vulcani
1683 2154 1887 2224 ollam
1918 2157 2202 2245 demergi
2234 2181 2274 2222 a
2304 2158 2467 2236 viro,
2496 2157 2613 2245 qui
2657 2157 2730 2221 in
2774 2154 2920 2221 soli-

741 2273 971 2339 tudine
1010 2271 1206 2338 rebus
1236 2270 1476 2338 divinis
1506 2285 1793 2351 vacaret,
1823 2286 2247 2362 conspectum
2286 2270 2484 2339 fuisse
2517 2268 2798 2338 tradunt
2818 2271 2910 2336 (²).

877 2385 1007 2453 Sed
1049 2388 1457 2476 quicumque
1506 2386 1650 2473 ejus
1701 2390 1881 2454 vitae
1933 2385 2080 2455 finis
2123 2385 2292 2468 fuit,
2338 2411 2499 2455 mox
2542 2385 2781 2453 Italiae
2821 2409 2919 2453 re-

745 2526 949 2592 gnum
994 2502 1414 2569 Athalaricus
1459 2503 1603 2588 ejus
1646 2501 1859 2584 filius,
1903 2507 2018 2572 vel
2058 2525 2292 2593 nepo-⁹,
2344 2505 2666 2593 suscepit:
2714 2525 2913 2592 quern

745 2617 965 2684 adhuc
1030 2618 1441 2707 impuberem
1501 2618 1988 2686 Amalasuntha
2055 2630 2263 2685 mater
2283 2669 2302 2699 ,
2366 2620 2650 2707 ingentis
2717 2619 2915 2683 animi

745 2732 1009 2813 mulier,
1037 2735 1165 2800 sub
1195 2733 1491 2801 custodia
1535 2738 1738 2802 trium
1783 2738 2110 2804 seniorum
2142 2737 2314 2801 inter
2343 2733 2604 2801 Gothos
2638 2732 2917 2823 pruden-

748 2853 879 2931 tia,
931 2863 999 2917 et
1054 2852 1383 2940 probitate
1444 2855 1882 2940 prestantium
1953 2854 2156 2919 etiam
2220 2850 2608 2919 liberalibus
2673 2850 2915 2917 artibus

748 2966 968 3032 imbui
1013 2970 1364 3056 praecepit.
1404 2966 1536 3033 Sed
1569 2991 1728 3055 puer
1759 2968 1847 3035 ob
1875 2970 2154 3055 ineptias
2199 2991 2238 3032 a
2282 2978 2495 3033 matre
2539 2969 2611 3032 in
2658 2964 2912 3054 publico

752 3083 1035 3172 colapho
1112 3107 1337 3151 caesus
1406 3086 1584 3173 apud
1655 3108 1950 3173 proceres
2019 3085 2280 3186 plorans
2358 3107 2425 3150 se
2509 3083 2910 3168 verberatum

753 3197 956 3265 fuisse
999 3211 1397 3287 conquestus
1443 3212 1567 3265 est.
1608 3199 1712 3264 Ibi
1743 3200 2007 3266 barbari
2038 3202 2344 3267 conviciis
2374 3199 2911 3266 Amalasuntham

754 3311 1184 3402 compellere,
1229 3311 1312 3378 de
1357 3312 1549 3378 illata
1593 3316 1726 3401 regi
1773 3314 2015 3399 injuria
2061 3319 2340 3407 graviter
2382 3318 2713 3395 incusare,
2758 3316 2915 3404 prin-

756 3430 972 3518 cipem
1017 3430 1185 3493 inter
1228 3430 1438 3508 viros,
1482 3441 1551 3494 et
1597 3427 1794 3497 fortia
1840 3454 2058 3512 arma,
2102 3458 2233 3499 non
2288 3431 2487 3499 libros
2549 3432 2679 3497 sub
2734 3431 2914 3520 peda-

753 3545 932 3634 gogis
975 3543 1205 3609 timide
1250 3543 1669 3612 educandum
1714 3570 1851 3614 esse
1895 3548 2259 3615 clamitare.
2306 3548 2541 3637 Itaque
2582 3549 2911 3634 exvmatris

756 3660 972 3728 tutela
1017 3671 1278 3750 ereptus
1321 3661 1745 3730 Athalaricus
1813 3675 1970 3731 cum
2036 3670 2206 3731 inter
2251 3686 2555 3753 procaces
2613 3666 2911 3752 intempe-

755 3778 1009 3844 rantius
1051 3776 1332 3845 vivendo
1399 3780 1711 3845 intestina
1779 3783 2203 3869 corrupisset,
2262 3803 2380 3847 nec
2438 3781 2601 3845 dum
2670 3779 2913 3869 expleto

828 4034 908 4104 (ι)
941 4033 1152 4103 Procop.
1185 4035 1219 4085 1.
1261 4052 1284 4087 r
1321 4037 1382 4088 de
1416 4038 1534 4089 bell.
1572 4037 1733 4091 Goth.

828 4128 913 4199 (a)
945 4127 1088 4183 Paul.
1120 4129 1263 4182 Diae.
1300 4130 1387 4182 lib.
1422 4148 1561 4182 xvu.
