2950 5017
747 416 836 497 24
1110 480 1119 487 ,
1485 429 1721 477 anaim
1762 428 2178 477 nxcrmsmu

747 549 1107 619 Erulorum
1182 570 1363 639 rege,
1423 561 1574 639 post
1627 573 1875 617 annum
1935 549 2167 618 salutis
2227 547 2873 638 quadragentesimt

743 667 1222 756 sexagesimum
1264 666 1335 731 in
1379 663 1646 731 Italiam
1680 667 1895 745 venit,
1922 675 2181 754 portam
2213 661 2401 730 illam
2430 663 2716 732 dictam
2758 662 2873 732 fuis

743 780 896 870 legi,
927 792 1125 869 prout
1152 778 1325 846 hanc
1355 776 1532 845 infra
1552 777 1830 845 difnsius
1859 802 1979 847 suo
2001 778 2148 847 loco
2179 778 2531 847 historiam
2560 803 2873 869 prosequz

879 893 1009 961 Sed
1055 906 1132 961 ut
1183 894 1269 961 ad
1314 893 1507 962 Boios
1536 905 1760 962 nostra
1787 897 2046 983 regione
2089 895 2333 983 potitos
2378 907 2702 963 revertar
2723 944 2745 976 ,
2785 919 2873 964 ma

744 1010 943 1077 nibus
999 1021 1160 1076 tunc
1219 1012 1534 1099 temporis
1576 1031 1806 1082 omnes
1852 1008 2112 1088 Galliae
2154 1008 2536 1100 Cisalpinae
2583 1011 2805 1078 urbes
2855 1033 2873 1074 ι

741 1127 1019 1207 rebant,
1070 1137 1150 1192 ut
1199 1127 1268 1192 in
1312 1124 1378 1192 V
1421 1125 1873 1214 Geographiae
1924 1125 2093 1193 libro
2143 1123 2416 1206 Strabo,
2473 1137 2556 1192 et
2616 1119 2874 1215 Polybi

742 1241 812 1306 in
879 1262 934 1303 11
990 1239 1308 1329 scriptum
1376 1237 1816 1327 reliquerunt,
1859 1241 1979 1327 qui
2021 1238 2477 1308 Mediolanum
2549 1240 2873 1306 Insubriu

740 1351 1196 1443 metropolim,
1229 1350 1510 1419 aliarum
1542 1351 1955 1419 Gallicarum
1999 1354 2269 1419 urbium
2314 1356 2563 1433 instar,
2601 1378 2790 1443 quae
2817 1356 2870 1420 si

737 1472 943 1537 muris
992 1479 1181 1536 erant
1207 1517 1227 1549 ,
1267 1466 1469 1535 villae
1539 1465 1819 1535 formam
1886 1467 2193 1535 habuisse
2259 1480 2700 1537 memorant:
2775 1493 2872 1535 un·

737 1586 1120 1652 munitiores
1150 1593 1396 1671 portas,
1425 1583 1673 1671 quibus
1704 1582 2347 1672 propugnaculorum
2377 1586 2528 1652 vice
2564 1596 2873 1652 uterentn

737 1699 824 1767 ad
876 1701 1016 1767 vim
1076 1695 1564 1787 propellendam
1609 1696 1794 1764 Galli
1846 1708 2148 1766 extruere
2215 1698 2683 1788 cogebantur.
2736 1698 2873 1765 Iide

736 1824 1181 1904 apparatuum
1227 1815 1529 1881 omnium
1561 1815 1823 1902 penitus
1853 1824 2173 1903 expertes,
2226 1814 2417 1881 humi
2465 1838 2686 1904 super
2732 1826 2872 1881 stra

734 1931 1025 2017 gramine
1071 1928 1522 1995 dormiebant.
1567 1927 1938 1995 Plurimum
1993 1928 2299 1996 carnibus
2354 1941 2747 2011 vescentes,
2800 1930 2873 1995 be

734 2042 892 2110 licas
936 2041 1353 2110 solummodo
1401 2056 1500 2109 res
1545 2055 1749 2132 atque
1804 2044 2278 2134 agriculturam
2324 2068 2671 2126 exercere,
2719 2042 2873 2112 null:

732 2160 1008 2226 omnino
1051 2158 1301 2225 litteras
1343 2181 1452 2225 eas
1496 2161 1759 2228 scivisse
1803 2173 1924 2227 aut
1966 2159 2237 2239 vidisse,
2279 2163 2404 2227 nisi
2455 2185 2640 2251 quas
2691 2160 2873 2227 Grae«

736 2274 1026 2342 advenae
1085 2297 1204 2363 pro
1261 2274 1580 2341 miraculo
1626 2274 1841 2341 habiti
1906 2275 2014 2343 vel
2079 2275 2394 2365 pauculas
2446 2276 2873 2348 ostendissent

732 2387 958 2457 Nullis
1001 2391 1313 2470 scientiis,
1359 2401 1481 2455 aut
1522 2392 1715 2457 certis
1761 2390 2011 2458 artibus
2040 2414 2306 2481 operam
2338 2391 2606 2472 dantes,
2663 2390 2873 2458 divitie

731 2507 803 2572 in
850 2527 1011 2573 auro
1056 2516 1124 2570 et
1179 2503 1547 2594 pecudibus
1613 2505 1889 2587 habere,
1939 2507 2122 2596 quod
2175 2507 2337 2574 haec
2402 2505 2549 2575 sola
2621 2506 2757 2573 alio
2799 2507 2871 2569 mi

732 2642 915 2710 grate
959 2622 1206 2701 coacti,
1250 2643 1673 2710 quocumque
1719 2621 1953 2689 liberet
1994 2620 2186 2689 facile
2234 2620 2585 2691 transferre
2636 2639 2871 2711 possem

732 2736 1063 2815 Amicitiis
1108 2725 1265 2803 vero
1309 2735 1765 2824 comparandis
1810 2740 2032 2825 ingens
2075 2740 2354 2826 quisque
2381 2737 2689 2804 studium
2737 2732 2871 2799 adhi

729 2852 960 2933 bebat,
988 2854 1235 2942 quippe
1262 2864 1516 2942 quanto
1545 2852 1761 2942 plures
1791 2858 1940 2944 quis
1972 2854 2243 2921 asseclas
2290 2866 2439 2943 post
2468 2877 2541 2920 se
2576 2848 2871 2920 trahebat

729 2978 919 3035 tanto
960 2968 1139 3057 apud
1183 2991 1291 3037 eos
1322 2971 1651 3057 potentior
1678 2971 2198 3037 existimabatur.
2224 2967 2566 3036 Praeclaro
2616 2949 2868 3054 corpori

727 3082 967 3150 habitu
1011 3083 1302 3162 exculti,
1357 3085 1703 3174 torquibus
1770 3087 1983 3151 aureis
2050 3083 2426 3173 sagulisque
2475 3082 2668 3151 ruffis
2698 3086 2797 3160 (1),
2841 3102 2869 3141 e

724 3221 886 3266 auro
929 3203 1193 3287 virgatis
1236 3203 1616 3286 praesertim
1670 3211 2033 3288 pugnantes
2080 3202 2476 3280 utebantur;
2526 3200 2709 3267 unde
2770 3216 2869 3261 ma

728 3335 897 3402 gnus
942 3323 1103 3380 tunc
1149 3315 1461 3401 temporis
1507 3311 1856 3381 Gallorum
1900 3313 2225 3403 splendor,
2273 3318 2547 3383 caeteris
2593 3319 2664 3381 in
2710 3308 2867 3378 Itali2

726 3427 990 3517 populis
1019 3427 1239 3494 adhuc
1266 3427 1708 3509 sordentibus,
1740 3426 1942 3496 fuisse
1974 3429 2415 3519 dignoscitur:
2447 3431 2715 3498 ensibus
2745 3445 2867 3514 quo

723 3566 860 3633 que
901 3542 1110 3632 longis
1152 3555 1220 3609 et
1264 3544 1596 3633 gravibus,
1640 3544 1752 3611 sed
1794 3546 2032 3613 obtusa
2076 3548 2344 3636 cuspide
2390 3547 2762 3613 utebantur
2791 3539 2851 3604 (2)

728 3658 1012 3747 Clypeos
1079 3662 1241 3725 item
1305 3659 1533 3749 longos
1591 3662 1947 3750 gerebant,
1986 3663 2297 3752 qualibus
2340 3664 2626 3731 Romani
2682 3654 2865 3725 curvi:

727 3778 930 3842 instar
974 3775 1380 3874 tegularum,
1423 3776 1852 3868 longitudinis
1895 3792 2182 3870 quatuor
2225 3780 2508 3870 pedum,
2551 3792 2622 3847 et
2663 3776 2865 3870 latitu-

793 4060 872 4127 (ι)
904 4055 1133 4111 Martial.
1162 4061 1305 4131 Epig.
1346 4078 1423 4133 ¹7,
1454 4063 1546 4115 lib.
1582 4064 1658 4132 14.

792 4151 873 4220 (a)
905 4151 1068 4207 Polih.
1102 4152 1188 4206 ubi
1222 4172 1330 4225 sup.
