2950 5017
968 435 1168 482 muna
1214 434 1509 482 oca-avus
2190 420 2318 506 ⁵47

82 558 283 624 dente
331 554 512 636 filia,
558 556 642 621 ad
689 580 759 623 se
802 570 922 623 aut
969 556 1283 625 haeredes
1327 554 1943 626 reverterentur.'Si
1977 580 2132 626 vero
2161 559 2316 627 Fer-

84 672 369 741 dinandi
445 670 662 740 fili-am
731 673 1044 755 traderet,
1089 673 1676 744 Mediolanensem'
1700 677 2155 766 principatum
2193 699 2320 766 -pro

84 791 239 859 dote
282 788 843 857 futurum-dixit.
889 792 1082 875 Quae
1127 796 1381 873 omnia,
1412 791 1658 861 Garolo
1689 792 2154 860 Aurelianensi
2183 817 2319 861 non

82 906 307 976 multo
351 920 518 997 post
562 906 961 992 decedente,
1006 911 1190 978 irrita
1236 907 1448 977 fuere.
1497 909 1689 1000 Regii
1736 932 1894 978 vero
1940 912 2121 978 cives
2165 922 2319 976 cen·-

79 1047 227 1093 sum
275 1022 708 1093 memorialis
753 1038 1067 1095 vocatum
1112 1050 1251 1118 *pro
1321 1050 1549 1096 annua
1614 1039 1892 1096 centum
1960 1049 2317 1095 aureorum

85 1140 551 1230 pensione-ab
595 1139 889 1209 Hercule
929 1145 1000 1209 in
1048 1141 1547 1233 emphyteusim
1600 1155 2028 1233 acceperunt.
2075 1141 2201 1212 Est
2243 1142 2316 1210 id

86 1256 325 1323 tributi
372 1280 598 1347 genus
627 1258 809 1348 quod
838 1257 1309 1327 contrahentes
1355 1261 1423 1327 ei
1461 1258 1721 1327 solvere
1768 1259 2170 1327 tenebantur
2197 1263 2319 1349 qui

84 1373 419 1464 Principia
482 1373 673 1461 jussu
718 1378 1246 1446 conventionum
1291 1379 1683 1445 memoriam
1731 1376 2195 1445 conservabat.
2239 1376 2320 1456 Id

84 1493 484 1558 institutum
533 1489 789 1573 fuerat,
837 1504 915 1559 ut
973 1493 1302 1584 cujusque
1368 1497 1467 1560 rei
1526 1493 1804 1562 dominii
1873 1496 2058 1582 otigo
2120 1490 2319 1561 facile

85 1621 296 1696 posset
342 1609 665 1677 inveniri.
755 1649 763 1658 ·

214 1723 551 1792 Ceterum
585 1724 852 1792 'Paulus
888 1719 1214 1793 Pontifex
1280 1725 1398 1792 diu
1463 1738 1870 1795 concoctum
1914 1726 2194 1793 Parmae
2246 1736 2319 1793 et

86 1840 475 1909 Placentiae
523 1842 720 1911 Petro
765 1844 990 1911 Inoisio
1035 1842 1396 1911 tradendae
1439 1843 1848 1925 consilium,
1882 1844 2151 1912 tandem
2200 1866 2317 1934 pa·

93 1956 313 2026 tefecit
343 1961 453 2028 (Ι).
504 1961 608 2027 Ac
654 1965 839 2052 prius
891 1960 1225 2052 cujusque
1265 1960 1630 2051 Pul-putati
1684 1961 2044 2030 voluntate
2097 1964 2319 2052 priva·-

92 2077 208 2141 tim
236 2076 626 2167 explorata,
659 2100 815 2144 cum
854 2076 1074 2168 plures
1120 2080 1190 2145 in
1235 2099 1427 2145 suam
1474 2081 1876 2146 sententiam
1907 2078 2315 2146 blandiendo

96 2190 510 2273 adduxisset,
552 2207 863 2262 senatum
909 2197 1329 2263 convocavit.
1383 2194 1574 2262 Duas
1620 2193 1804 2262 ultra
1847 2194 2188 2262 Mutinam
2242 2206 2315 2261 et

93 2306 365 2397 Regium
414 2309 762 2377 Ecclesiae
805 2313 1111 2379 civitates
1170 2310 1370 2401 longe
1438 2324 1729 2380 remotas
1774 2334 2018 2402 magno
2061 2290 2315 2379 incom-

94 2425 284 2494 modo
329 2430 775 2520 impensaque
805 2426 1069 2496 defendi
1100 2430 1401 2518 exponit.
1433 2427 1593 2509 Eas,
1625 2428 2108 2496 altercantibus
2138 2431 2311 2500 inter

99 2562 161 2606 se
188 2542 535 2612 christiani
566 2545 747 2614 orbis
777 2545 1212 2635 principibus,
1241 2549 1576 2635 expositas
1608 2543 1802 2610 facile
1835 2545 1923 2609 ab
1958 2543 2309 2623 alterutro,

95 2661 205 2745 qui
248 2663 508 2743 vicerit,
555 2666 864 2751 occupari
911 2686 1120 2752 posse,
1167 2664 1553 2752 praesertim
1598 2683 1757 2726 cum
1808 2661 1893 2725 ad
1941 2659 2305 2728 Insubrum

97 2778 537 2868 principatum
585 2783 910 2871 pertinere
954 2781 1289 2850 dicantur.
1331 2776 1668 2868 Expedite
1715 2799 1956 2868 magna
2005 2776 2308 2846 molestia

101 2873 331 2963 Sedem
365 2899 419 2965 A
431 2898 826 2989 postolicam
859 2897 1178 2980 liberare3
1210 2909 1279 2964 et
1306 2898 1694 2978 Camerino,
1724 2897 1908 2987 quod
1953 2900 2022 2963 in
2070 2896 2307 2963 mediis

99 3006 419 3081 Ecclesiae
466 3018 655 3083 terris
697 3017 1107 3096 continetur,
1140 3028 1440 3104 accepto,
1470 3037 1582 3080 eas
1626 3013 1827 3081 urbes
1858 3014 2062 3081 Petro·
2084 3014 2307 3080 Loisio

100 3125 516 3201 beneficiario
564 3133 767 3201 titulo
812 3120 1124 3222 regendas
1169 3134 1641 3213 committere;
1688 3134 1783 3199 ita
1830 3129 2179 3210 futurum,
2226 3144 2308 3196 ut

103 3242 339 3318 directo
385 3250 572 3344 apud
615 3249 986 3320 Ecclesiam
1031 3250 1331 3319 dominio
1381 3249 1748 3328 residente,
1794 3269 1917 3317 nec
1972 3247 2314 3316 alienatae·

103 3361 399 3434 civitates
444 3368 862 3449 viderentur,
909 3382 979 3435 et
1024 3366 1296 3434 alterius
1350 3367 1540 3458 urbis
1606 3365 1872 3434 lucrum
1937 3364 2152 3466 fueret.
2199 3365 2305 3434 Eo

107 3476 273 3547 inani
315 3485 537 3554 colore
583 3488 905 3576 persuasis
950 3485 1295 3576 patribus,
1337 3484 1705 3562 Grimanus
1748 3482 2017 3552 illarum
2067 3487 2308 3552 civita-
2382 3525 2390 3530 -

112 3604 248 3661 tum
301 3599 564 3693 legatus
624 3616 1014 3683 revocatur,
1059 3585 1349 3693 quarum
1405 3602 1646 3669 Petrus
1682 3602 1946 3669 Loisius
1987 3601 2151 3666 Dux
2195 3597 2307 3663 de-

110 3707 391 3786 claratus
462 3722 657 3789 tertio
720 3719 1030 3789 calendas
1081 3719 1372 3790 octobris
1407 3721 1634 3809 primo
1677 3716 2021 3795 Parmam,
2065 3713 2308 3781 deiude

110 3822 512 3903 Placentiam
559 3837 886 3906 obtinuit.
917 3839 1012 3905 At
1043 3836 1360 3905 Hercules
1389 3837 1737 3902 Atestinus
1785 3835 2064 3911 veritus,
2109 3855 2193 3898 ne
2237 3830 2306 3898 id

113 3937 355 4018 factum
402 3957 557 4024 novi
603 3956 1008 4049 quandoque
1052 3955 1218 4024 belli
1263 3976 1542 4022 causam
1574 3964 1855 4042 pareret,
1887 3952 2137 4040 ingenti
2169 3964 2309 4016 stu-

180 4195 258 4268 (¹)
294 4220 492 4260 mxu.
