2950 5017
703 396 838 469 260
1440 414 1679 461 annun
1702 412 2138 461 -ucmrtsrmr

699 532 934 604 Mutus
978 554 1296 605 monacus
1362 554 1406 601 u
1466 532 1773 603 suburbii
1813 529 2152 603 Praefecto
2195 527 2416 603 claves
2456 530 2917 610 obtinuerat,

697 648 887 719 velut
952 659 1118 718 ante.
1166 647 1410 717 lucem.
1444 647 1750 739 Bagnum
1816 647 1900 714 ad
1966 647 2370 737 propinquos
2430 643 2921 737 profecturus,

696 789 866 857 quas
907 768 1300 857 intempesta
1342 776 1565 846 nocte,
1611 766 1849 855 apertis
1891 765 2121 855 portis,
2149 765 2224 832 in·
2254 775 2535 854 puteum
2584 763 2919 854 projecit.

694 880 903 949 Dicta
931 881 1039 951 dic
1065 882 1194 950 sub
1237 903 1543 950 auroram
1588 902 1828 969 magno
1871 878 2176 970 peditatu
2221 881 2589 968 octingenti
2639 881 2919 968 equites

694 997 974 1068 demisso
1018 1009 1225 1089 ponte
1269 1021 1310 1065 a
1350 998 1606 1097 Ioanne
1648 1008 1807 1063 sunt
1850 998 2135 1086 recepti:
2180 995 2722 1084 subsequebatur
2760 996 2912 1061 mi-

696 1114 897 1183 litum
952 1113 1358 1202 praefectus,
1399 1115 1523 1204 qui
1566 1125 1711 1183 orto
1753 1110 1893 1183 sole
1934 1115 2143 1183 serius
2184 1134 2227 1181 a
2269 1111 2515 1182 Sancto
2555 1111 2865 1181 Mar-tino
2884 1160 2909 1192 ,

697 1231 820 1297 ubi
866 1239 1390 1319 pernoctaverat,
1431 1227 1765 1297 discedens
1829 1250 2049 1299 serum
2114 1230 2251 1295 suis
2319 1227 2677 1301 auxilium,
2712 1226 2913 1294 tulit.

694 1343 1150 1411 Excubabant
1193 1366 1328 1412 non
1372 1341 1607 1432 procul
1651 1341 1931 1425 milites,
1975 1344 2098 1433 qui
2140 1342 2228 1410 ad
2268 1345 2622 1433 strepitum
2683 1366 2911 1412 armo-

692 1482 844 1526 rum
909 1458 1134 1525 exciti.
1168 1481 1247 1527 eo
1309 1456 1608 1525 celeriter
1649 1469 1948 1526 currunt.
1992 1456 2103 1527 Ex
2156 1457 2351 1548 plebe
2393 1480 2679 1549 qnoque
2727 1482 2912 1527 non-

585 1592 596 1607 ·
690 1572 865 1641 nulli
926 1576 1186 1664 privata
1254 1570 1481 1642 officia
1547 1570 1720 1643 forte
1785 1573 2151 1655 obeuntes,
2209 1585 2509 1663 portam,
2551 1596 2744 1664 quae
2787 1574 2912 1641 diu

697 1690 926 1759 clausa
990 1702 1306 1773 steterat,
1348 1701 1648 1782 apertam
1715 1694 2067 1759 mirantur.
2111 1689 2309 1765 Cum,
2339 1713 2491 1759 vero
2534 1693 2760 1759 etiam
2806 1715 2908 1758 ar-

697 1820 916 1875 matos
959 1807 1399 1899 ingredientes
1441 1810 1876 1899 conspiciunt,
1920 1807 2281 1898 proditam,
2325 1820 2403 1875 ut
2446 1820 2612 1889 erat,
2650 1808 2933 1887 urbem¹

696 1926 1011 2015 suspicati
1055 1947 1250 2015 opem
1296 1928 1547 1993 civium
1596 1947 1780 1991 arma
1822 1924 2289 2015 auxiliumque
2319 1923 2617 1993 militum
2653 1923 2904 2016 implo-

696 2051 870 2107 rant.
917 2040 1248 2108 Antonius
1291 2041 1548 2130 Lupius
1589 2044 1763 2108 inter
1805 2038 2228 2111 Caesarianos
2287 2042 2727 2130 conspicuae,
2778 2043 2898 2130 qui

696 2178 833 2222 non
877 2152 1106 2243 procul
1151 2154 1533 2234 habitabat,
1578 2178 1911 2224 armorum
1954 2159 2311 2246 strepitum
2374 2159 2668 2223 sentiens
2740 2179 2899 2223 cum

694 2271 926 2339 vicinis
959 2268 1044 2337 ad
1074 2267 1447 2336 tumultum
1497 2269 1806 2352 advolat3
1853 2272 2080 2339 hostes
2124 2295 2167 2338 a
2211 2273 2437 2362 paucis
2485 2271 2905 2361 reipublicae

696 2385 1054 2467 militibus,
1084 2384 1553 2477 nonnullisque
1584 2387 1843 2455 civibus
1876 2387 2200 2456 distentos
2245 2390 2532 2456 invenit:
2563 2392 2714 2477 ipse
2743 2411 2903 2455 cum

694 2523 872 2570 nova
913 2503 1242 2587 sociorum
1282 2523 1491 2568 manu
1519 2505 1592 2567 in
1621 2502 1872 2570 medios
1908 2506 2323 2593 irrumpens:
2370 2503 2539 2570 Hem
2587 2503 2901 2593 perfidos,

697 2614 985 2697 clamat,
1028 2614 1393 2696 trucidate,
1437 2618 1689 2683 strenui
1734 2617 2260 2699 commilitones,
2303 2622 2422 2710 qui
2469 2617 2623 2686 dolo
2670 2622 2908 2686 civita-

704 2742 844 2801 tem
902 2742 1195 2800 nostram
1214 2781 1235 2814 ,
1277 2730 1660 2800 libertatem
1680 2782 1700 2813 ,
1744 2732 2121 2827 liberosque
2187 2734 2459 2824 perdere
2522 2747 2901 2815 conantur-3

699 2845 1091 2913 imbellibus
1133 2849 1276 2915 istis
1319 2820 1579 2916 fortiter
1610 2851 1914 2929 resistite,
1943 2848 2555 2939 rempublicamque
2593 2868 2896 2917 vestram

698 2960 981 3030 viriliter
1024 2973 1439 3033 conservate:
1486 2986 1605 3053 ego
1650 2963 1776 3029 hac
1817 2963 2089 3029 dextera
2143 2961 2422 3043 faciam,
2476 2975 2555 3030 ut
2614 2965 2736 3033 hos
2806 2966 2904 3032 la·

700 3087 923 3146 trones
952 3076 1148 3144 hodie
1179 3077 1313 3144 huc
1345 3081 1593 3145 venisse
1625 3082 1987 3167 poeniteat.
2033 3080 2215 3146 Haec
2258 3077 2437 3149 fatus
2479 3074 2551 3146 in
2596 3083 2898 3170 primum

700 3191 999 3261 hostium
1046 3215 1280 3283 agmen
1333 3196 1670 3281 impetum
1736 3192 1986 3262 faciens
2054 3221 2189 3263 non
2255 3219 2500 3286 paucos
2551 3195 2894 3276 vulnerat3

702 3307 819 3374 alii
865 3330 1021 3375 eum
1067 3310 1269 3389 cives,
1312 3308 1698 3398 militesque
1751 3314 1960 3377 secuti
2029 3315 2098 3380 in
2166 3313 2467 3381 adversos
2512 3313 2765 3381 ordines
2814 3318 2898 3381 ir-

700 3433 936 3490 ruunt.
977 3423 1130 3500 Jam
1174 3421 1358 3490 fama
1400 3425 1784 3514 proditionis
1830 3437 2041 3495 totam
2076 3429 2307 3503 urbem
2335 3442 2719 3520 pervagata,
2748 3454 2892 3498 cre-

704 3539 963 3631 braque
1027 3564 1505 3632 campanarum
1572 3541 1943 3633 pulsatione
2009 3546 2269 3625 civibus
2320 3550 2749 3629 convocatis,
2809 3572 2893 3614 ex

710 3657 1024 3727 omnibus
1077 3660 1201 3725 viis
1267 3657 1564 3749 undique
1631 3658 1716 3725 ad
1781 3661 2222 3750 prohibendos
2289 3662 2455 3728 urbe
2522 3661 2892 3731 Pontificius

705 3775 948 3839 armati
993 3771 1435 3840 confluebant.
1486 3775 1705 3858 Quare
1748 3789 2119 3844 nostrorum
2165 3801 2440 3847 numero
2464 3828 2484 3859 ,
2533 3789 2605 3867 et
2651 3781 2893 3847 virtute

701 3885 1037 3955 inferiores
1081 3887 1377 3978 Guelphi
1421 3890 1818 3963 retrocedere
1856 3895 2064 3960 coacti
2093 3905 2272 3960 sunt.
2304 3891 2892 3979 Zafredinus,lma-

709 4000 853 4088 jore
915 4001 1066 4072 nola
1108 4005 1270 4073 Divi
1314 4004 1608 4098 Prosperi
1659 4008 1957 4097 pulsata,
2003 4009 2269 4097 tardans
2323 4008 2661 4096 auxilium
2708 4033 2890 4091 voca-7

704 4117 859 4201 bat3
905 4121 1016 4189 sed
1038 4122 1180 4201 ,ubi
1223 4146 1365 4229 rem
1410 4123 1827 4217 deploratam
1865 4130 2231 4219 conspexit,
2259 4129 2491 4207 statim
2508 4126 2883 4215 *Bononiam
