2950 5017
934 449 1129 496 rinna
1172 451 1411 498 ramus
2162 437 2250 527 69

76 570 482 661 Bysantium
530 570 764 637 urbem
809 569 894 635 ad
941 569 1158 639 fauces
1188 573 1501 662 Bosphori
1531 569 1792 640 Thracii
1821 573 2249 643 clarissimam

70 710 259 755 anno
303 707 655 753 cccxxxur
697 689 952 774 imperii
997 686 1215 754 sedern
1263 688 1630 770 transtulit,
1660 701 1727 755 et
1756 714 1794 756 a
1833 713 1900 757 se
1930 690 2251 759 Constan—

68 799 442 891 tinopolim
494 802 891 867 nominavit.
938 800 1431 868 Tricennalibus
1486 826 1658 876 vero,
1702 802 2249 885 adventantibus,

66 938 238 981 cum
297 914 509 981 alium
552 914 763 981 filium
808 915 1237 982 Constantem
1279 916 1626 983 Caesarem
1679 914 1965 1000 fecisset,
2019 942 2057 985 e
2108 922 2255 987 vita

69 1034 309 1097 cessit.
350 1032 635 1099 Moriens
679 1042 933 1119 praeter
959 1030 1201 1098 liberos
1233 1035 1431 1098 etiam
1463 1032 1903 1115 Dalmatiam,
1930 1033 2254 1102 Dalmatii

70 1144 312 1213 fratris
338 1144 635 1213 defuncti
668 1146 908 1226 filium,
941 1159 1008 1213 et
1032 1146 1305 1213 Gallum
1339 1148 1570 1216 morbo
1599 1148 2024 1238 implicitum,
2051 1149 2259 1228 Julia-

82 1283 394 1350 numque
437 1257 755 1327 infantem
802 1261 1071 1329 alterius
1099 1258 1314 1328 fratris
1342 1262 1712 1329 Constantii
1755 1261 1924 1331 filios
1967 1262 2257 1353 reliquit.

82 1375 199 1441 Ex
243 1373 546 1442 defuncti
592 1377 871 1464 Augusti
913 1376 1157 1454 liberis,
1202 1376 1673 1444 Constantinus
1717 1391 1884 1443 natu
1924 1381 2259 1446 maximus

80 1489 380 1570 Gallias,
404 1491 773 1580 Hispanias,
796 1490 1332 1580 Britanniamque
1361 1491 1682 1572 obtinuit3
1705 1491 2049 1561 Constanti
2069 1492 2264 1561 Italia

82 1629 248 1673 cum
294 1605 563 1695 Illyrico
605 1618 673 1671 et
718 1604 991 1672 Graecia
1055 1617 1154 1672 est
1219 1628 1546 1674 concessa.
1616 1605 2074 1688 Constantius,
2120 1606 2263 1676 aliis

80 1719 506 1810 patruelibus
547 1718 882 1808 neglectis,
914 1742 1071 1785 cum
1101 1717 1442 1789 Dalmatio
1473 1719 1816 1788 Orientem
1846 1720 2116 1801 habuit,
2142 1723 2262 1811 qui

88 1845 254 1924 post
283 1833 448 1903 duos
480 1857 704 1915 annos,
724 1857 926 1924 quam
973 1838 1292 1924 imperare
1335 1848 1637 1925 coeperat
1679 1835 1950 1902 militari
1981 1831 2265 1905 factione

88 1971 442 2039 oppressus
483 1972 745 2018 saevam
792 1953 961 2016 inter
1013 1952 1390 2038 superstites
1441 1951 1526 2018 de
1581 1952 1953 2039 principatu
1997 1962 2267 2024 conten-

88 2067 341 2133 tionem
385 2064 686 2154 reliquit.
740 2065 1216 2133 Constantinus
1268 2069 1443 2133 enim
1490 2066 1866 2133 Constantis
1916 2087 2112 2156 regno
2166 2068 2267 2133 in-

89 2179 354 2261 videns,
400 2192 481 2246 ut
532 2178 799 2247 fratrem
856 2182 1130 2270 imperio
1182 2183 1382 2270 impie
1427 2180 1775 2261 deturbet,
1817 2184 2067 2271 ingenti
2112 2204 2268 2249 con-

92 2307 305 2363 tracto
349 2298 645 2362 exercitu
698 2294 876 2384 alpes
925 2307 1227 2385 superat3
1273 2296 1384 2362 sed
1428 2295 1589 2362 dum
1637 2320 1833 2387 prope
1878 2295 2267 2387 Aquileiam

92 2422 366 2480 cruento
411 2410 659 2500 praelio
704 2423 983 2500 pugnat,
1011 2414 1077 2477 in
1110 2409 1455 2478 factiosum
1503 2434 1808 2480 conversa
1852 2426 2097 2502 poena,
2143 2415 2267 2478 mi-

93 2549 230 2593 sere
270 2527 617 2595 occiditur.
660 2527 893 2616 Itaque
935 2530 1228 2595 extincto
1283 2524 1481 2593 fratre
1532 2530 1599 2594 in
1653 2526 1882 2608 Italia,
1946 2539 2265 2616 pacatum

98 2644 301 2709 totius
344 2641 582 2708 Italiae
628 2643 977 2731 imperium
1021 2642 1341 2709 Constans
1394 2653 1493 2708 est
1544 2654 1959 2709 consecutus.
2005 2641 2260 2708 Verum

95 2779 226 2823 non
269 2756 493 2824 multo
543 2767 691 2846 post
751 2780 826 2824 eo
887 2779 1152 2845 quoque
1195 2755 1597 2850 Magnentii,
1640 2759 1756 2844 qui
1813 2758 2262 2845 principatum

98 2869 493 2954 affectabat,
535 2870 687 2940 dolo
730 2870 1070 2940 interfecto
1090 2923 1109 2953 ,
1154 2896 1229 2938 ac
1274 2871 1593 2961 parricida
1634 2872 1947 2961 supplitio
1995 2868 2267 2952 affecto,

99 2987 529 3055 Constantius
569 2988 821 3076 ubique
864 2985 1038 3054 solus
1079 2990 1462 3076 imperavit.
1508 2979 1687 3053 crim
1742 3009 1888 3053 vero
1952 3008 2018 3051 se
2086 2983 2268 3074 prole

100 3124 327 3168 carere
370 3114 677 3181 cerneret,
706 3099 978 3167 Gallum
1011 3099 1276 3168 fratrem
1323 3099 1684 3190 patruelem
1703 3149 1722 3180 ,
1753 3101 1860 3165 cui
1890 3097 2269 3166 Constantii

98 3239 345 3285 nomen
392 3216 666 3297 indidit,
709 3214 1049 3283 Caesarem
1105 3220 1330 3295 creat3
1382 3218 1501 3305 qui
1554 3237 1707 3281 cum
1770 3213 1853 3280 ad
1900 3214 2267 3304 Augustam

100 3331 494 3423 dignitatem
536 3343 947 3422 praemature
993 3330 1359 3411 anhelaret,
1405 3354 1445 3397 a
1490 3332 1782 3420 principe
1825 3333 2110 3410 occisus,
2153 3330 2273 3407 Ju-

100 3447 353 3516 lisnum
422 3470 857 3516 successorem
924 3446 1192 3513 habuit.
1236 3448 1332 3525 Is,
1375 3446 1677 3512 Barbaria
1739 3445 1916 3534 apud
1959 3444 2271 3511 Rhenum

104 3559 379 3631 feliciter
421 3565 776 3651 superatis,
821 3561 1141 3650 superbus
1186 3574 1251 3626 et
1296 3563 1430 3649 ipse
1476 3560 1889 3626 ambitiosius
1930 3582 1998 3625 se
2042 3558 2273 3646 Augu-

106 3691 275 3747 stum
320 3677 722 3770 appellavit,
752 3677 1134 3745 Constantio
1165 3676 1510 3765 apoplexia
1540 3700 1618 3742 eo
1655 3686 1943 3765 tempore
1973 3669 2267 3753 sublatO,

106 3795 277 3863 solus
322 3817 547 3862 rerum
580 3806 677 3860 est
705 3796 978 3884 potitus.
1009 3792 1300 3858 Demum
1332 3790 1706 3858 Christiano
1735 3792 1985 3857 nomini
2014 3811 2271 3877 semper

108 3911 406 3993 infestus,
434 3910 600 3977 dum
643 3925 871 3980 contra
914 3911 1138 3976 Persas
1182 3920 1458 3999 pugnat,
1504 3909 1757 3976 incerto
1800 3905 2026 3992 jaculo·
2065 3916 2275 3972 trans-

108 4024 301 4109 fixus,
332 4052 511 4096 anno
544 4027 799 4115 imperii
832 4029 1050 4107 tertio,
1080 4036 1148 4092 et
1176 4029 1353 4092 vitae
1383 4025 1712 4113 trigesimo
1746 4003 1957 4112 primo
1999 4022 2272 4087 interiit.

112 4140 421 4225 Heriem,
467 4142 553 4210 ad
598 4142 858 4212 coelum
908 4145 1224 4232 sanguine
1281 4140 1609 4232 projecto,
1651 4137 1964 4206 clamasse
2006 4136 2272 4202 dicitur:
