<?xml version="1.0" encoding="UTF-8"?>
<!DOCTYPE html PUBLIC "-//W3C//DTD XHTML 1.0 Transitional//EN"
    "http://www.w3.org/TR/xhtml1/DTD/xhtml1-transitional.dtd">
<html xmlns="http://www.w3.org/1999/xhtml" xml:lang="en" lang="en">
 <head>
  <title>
</title>
<meta http-equiv="Content-Type" content="text/html;charset=utf-8" />
  <meta name='ocr-system' content='tesseract 3.04.00' />
  <meta name='ocr-capabilities' content='ocr_page ocr_carea ocr_par ocr_line ocrx_word'/>
</head>
<body>
  <div class='ocr_page' id='page_1' title='image "./rerumhistoricar00unkngoog_0606.png"; bbox 0 0 2950 5017; ppageno 0'>
   <div class='ocr_carea' id='block_1_1' title="bbox 589 394 2046 484">
    <p class='ocr_par' dir='ltr' id='par_1_1' title="bbox 589 394 2046 484">
     <span class='ocr_line' id='line_1_1' title="bbox 589 394 2046 484; baseline -0.001 -23"><span class='ocrx_word' id='word_1_1' title='bbox 589 394 719 484; x_wconf 78' lang='lat'>578</span> <span class='ocrx_word' id='word_1_2' title='bbox 1336 413 1578 460; x_wconf 69' lang='lat' dir='ltr'>numm</span> <span class='ocrx_word' id='word_1_3' title='bbox 1620 413 2046 462; x_wconf 71' lang='lat' dir='ltr'>ateramum</span> 
     </span>
    </p>
   </div>
   <div class='ocr_carea' id='block_1_2' title="bbox 580 525 2832 4266">
    <p class='ocr_par' dir='ltr' id='par_1_2' title="bbox 585 525 2482 861">
     <span class='ocr_line' id='line_1_2' title="bbox 585 525 2310 626; baseline -0.001 -24"><span class='ocrx_word' id='word_1_4' title='bbox 585 532 742 602; x_wconf 77' lang='lat' dir='ltr'>Alia</span> <span class='ocrx_word' id='word_1_5' title='bbox 782 554 1056 624; x_wconf 83' lang='lat' dir='ltr'>quoque</span> <span class='ocrx_word' id='word_1_6' title='bbox 1099 553 1329 603; x_wconf 75' lang='lat' dir='ltr'>versus</span> <span class='ocrx_word' id='word_1_7' title='bbox 1371 534 1652 606; x_wconf 85' lang='lat' dir='ltr'>chorum</span> <span class='ocrx_word' id='word_1_8' title='bbox 1699 536 2028 626; x_wconf 79' lang='lat' dir='ltr'>descripta</span> <span class='ocrx_word' id='word_1_9' title='bbox 2074 545 2266 602; x_wconf 86' lang='lat' dir='ltr'>erant</span> <span class='ocrx_word' id='word_1_10' title='bbox 2286 525 2310 600; x_wconf 61' lang='lat' dir='ltr'>&#39;t</span> 
     </span>
     <span class='ocr_line' id='line_1_3' title="bbox 856 650 2482 742; baseline 0 -24"><span class='ocrx_word' id='word_1_11' title='bbox 856 650 1182 742; x_wconf 81' lang='lat' dir='ltr'>Alpheusi</span> <span class='ocrx_word' id='word_1_12' title='bbox 1227 652 1522 722; x_wconf 80' lang='lat' dir='ltr'>adventu</span> <span class='ocrx_word' id='word_1_13' title='bbox 1568 653 1910 721; x_wconf 88' lang='lat' dir='ltr'>laetentur</span> <span class='ocrx_word' id='word_1_14' title='bbox 1952 652 2156 720; x_wconf 85' lang='lat' dir='ltr'>corda</span> <span class='ocrx_word' id='word_1_15' title='bbox 2202 676 2482 722; x_wconf 84' lang='lat' dir='ltr'>suorum</span> 
     </span>
     <span class='ocr_line' id='line_1_4' title="bbox 956 768 2365 861; baseline 0.001 -26"><span class='ocrx_word' id='word_1_16' title='bbox 956 768 1142 853; x_wconf 83' lang='lat' dir='ltr'>Quos</span> <span class='ocrx_word' id='word_1_17' title='bbox 1184 771 1435 861; x_wconf 84' lang='lat' dir='ltr'>pietate</span> <span class='ocrx_word' id='word_1_18' title='bbox 1481 768 1693 852; x_wconf 79' lang='lat' dir='ltr'>fovet,</span> <span class='ocrx_word' id='word_1_19' title='bbox 1736 771 2133 859; x_wconf 87' lang='lat' dir='ltr'>justitiaque</span> <span class='ocrx_word' id='word_1_20' title='bbox 2177 773 2365 859; x_wconf 85' lang='lat' dir='ltr'>regit.</span> 
     </span>
    </p>

    <p class='ocr_par' dir='ltr' id='par_1_3' title="bbox 580 881 2832 4266">
     <span class='ocr_line' id='line_1_5' title="bbox 585 881 2793 979; baseline 0.001 -27"><span class='ocrx_word' id='word_1_21' title='bbox 585 881 725 952; x_wconf 85' lang='lat' dir='ltr'>Ubi</span> <span class='ocrx_word' id='word_1_22' title='bbox 768 885 841 954; x_wconf 92' lang='lat' dir='ltr'>iu</span> <span class='ocrx_word' id='word_1_23' title='bbox 885 907 1091 955; x_wconf 86' lang='lat' dir='ltr'>aureo</span> <span class='ocrx_word' id='word_1_24' title='bbox 1135 885 1303 956; x_wconf 82' lang='lat' dir='ltr'>solio</span> <span class='ocrx_word' id='word_1_25' title='bbox 1323 938 1345 970; x_wconf 87' lang='lat'><strong>,</strong></span> <span class='ocrx_word' id='word_1_26' title='bbox 1388 886 1575 979; x_wconf 88' lang='lat' dir='ltr'>quod</span> <span class='ocrx_word' id='word_1_27' title='bbox 1621 889 1748 978; x_wconf 79' lang='lat' dir='ltr'>ipsi</span> <span class='ocrx_word' id='word_1_28' title='bbox 1802 898 2115 978; x_wconf 83' lang='lat' dir='ltr'>paratum</span> <span class='ocrx_word' id='word_1_29' title='bbox 2160 883 2384 953; x_wconf 84' lang='lat' dir='ltr'>fuerat</span> <span class='ocrx_word' id='word_1_30' title='bbox 2427 885 2566 952; x_wconf 88' lang='lat' dir='ltr'>sub</span> <span class='ocrx_word' id='word_1_31' title='bbox 2610 909 2793 954; x_wconf 79' lang='lat' dir='ltr'>aurea</span> 
     </span>
     <span class='ocr_line' id='line_1_6' title="bbox 584 1001 2800 1096; baseline -0 -24"><span class='ocrx_word' id='word_1_32' title='bbox 584 1001 921 1086; x_wconf 85' lang='lat' dir='ltr'>umbella,</span> <span class='ocrx_word' id='word_1_33' title='bbox 949 1003 1337 1095; x_wconf 84' lang='lat' dir='ltr'>Alpbonsus</span> <span class='ocrx_word' id='word_1_34' title='bbox 1376 1005 1578 1087; x_wconf 87' lang='lat' dir='ltr'>sedit,</span> <span class='ocrx_word' id='word_1_35' title='bbox 1607 1009 1728 1096; x_wconf 81' lang='lat' dir='ltr'>qui</span> <span class='ocrx_word' id='word_1_36' title='bbox 1774 1005 1865 1072; x_wconf 84' lang='lat' dir='ltr'>ab</span> <span class='ocrx_word' id='word_1_37' title='bbox 1907 1027 1987 1073; x_wconf 92' lang='lat' dir='ltr'>eo</span> <span class='ocrx_word' id='word_1_38' title='bbox 2030 1028 2119 1071; x_wconf 84' lang='lat' dir='ltr'>ex</span> <span class='ocrx_word' id='word_1_39' title='bbox 2159 1004 2545 1076; x_wconf 79' lang='lat' dir='ltr'>carceribus</span> <span class='ocrx_word' id='word_1_40' title='bbox 2590 1007 2800 1071; x_wconf 81' lang='lat' dir='ltr'>emissi</span> 
     </span>
     <span class='ocr_line' id='line_1_7' title="bbox 583 1116 2804 1215; baseline 0.001 -28"><span class='ocrx_word' id='word_1_41' title='bbox 583 1116 889 1205; x_wconf 78' lang='lat' dir='ltr'>fueraut,</span> <span class='ocrx_word' id='word_1_42' title='bbox 940 1146 1152 1191; x_wconf 86' lang='lat' dir='ltr'>manu</span> <span class='ocrx_word' id='word_1_43' title='bbox 1198 1123 1456 1198; x_wconf 72' lang='lat' dir='ltr'>vexilla</span> <span class='ocrx_word' id='word_1_44' title='bbox 1512 1135 1813 1215; x_wconf 77' lang='lat' dir='ltr'>gerentes</span> <span class='ocrx_word' id='word_1_45' title='bbox 1873 1124 2390 1212; x_wconf 79' lang='lat' dir='ltr'>superveniunt,</span> <span class='ocrx_word' id='word_1_46' title='bbox 2438 1124 2515 1190; x_wconf 90' lang='lat' dir='ltr'>iu</span> <span class='ocrx_word' id='word_1_47' title='bbox 2561 1122 2804 1213; x_wconf 85' lang='lat' dir='ltr'>quibus</span> 
     </span>
     <span class='ocr_line' id='line_1_8' title="bbox 584 1237 2805 1329; baseline -0 -24"><span class='ocrx_word' id='word_1_48' title='bbox 584 1239 908 1329; x_wconf 74' lang='lat' dir='ltr'>scriptum</span> <span class='ocrx_word' id='word_1_49' title='bbox 952 1251 1139 1307; x_wconf 83' lang='lat' dir='ltr'>erat:</span> <span class='ocrx_word' id='word_1_50' title='bbox 1187 1238 1407 1308; x_wconf 62' lang='lat' dir='ltr'>Sanus</span> <span class='ocrx_word' id='word_1_51' title='bbox 1450 1259 1735 1307; x_wconf 66' lang='lat' dir='ltr'>mosa-aa·</span> <span class='ocrx_word' id='word_1_52' title='bbox 1788 1239 1954 1308; x_wconf 85' lang='lat' dir='ltr'>Mox</span> <span class='ocrx_word' id='word_1_53' title='bbox 2011 1237 2429 1307; x_wconf 75' lang='lat' dir='ltr'>solemnibus</span> <span class='ocrx_word' id='word_1_54' title='bbox 2497 1239 2703 1305; x_wconf 85' lang='lat' dir='ltr'>sacris</span> <span class='ocrx_word' id='word_1_55' title='bbox 2764 1261 2805 1304; x_wconf 85' lang='lat' dir='ltr'>a</span> 
     </span>
     <span class='ocr_line' id='line_1_9' title="bbox 581 1351 2805 1447; baseline -0 -25"><span class='ocrx_word' id='word_1_56' title='bbox 581 1351 866 1424; x_wconf 77' lang='lat' dir='ltr'>Ravello</span> <span class='ocrx_word' id='word_1_57' title='bbox 909 1354 1242 1447; x_wconf 73' lang='lat' dir='ltr'><strong>Episcopo</strong></span> <span class='ocrx_word' id='word_1_58' title='bbox 1284 1357 1665 1437; x_wconf 87' lang='lat' dir='ltr'>celebratis,</span> <span class='ocrx_word' id='word_1_59' title='bbox 1704 1354 2088 1446; x_wconf 75' lang='lat' dir='ltr'>Alphonsus</span> <span class='ocrx_word' id='word_1_60' title='bbox 2134 1353 2219 1422; x_wconf 87' lang='lat' dir='ltr'>ad</span> <span class='ocrx_word' id='word_1_61' title='bbox 2265 1378 2490 1422; x_wconf 86' lang='lat' dir='ltr'>arcem</span> <span class='ocrx_word' id='word_1_62' title='bbox 2535 1378 2616 1421; x_wconf 88' lang='lat' dir='ltr'>se</span> <span class='ocrx_word' id='word_1_63' title='bbox 2659 1378 2805 1423; x_wconf 88' lang='lat' dir='ltr'>con-</span> 
     </span>
     <span class='ocr_line' id='line_1_10' title="bbox 586 1472 2808 1566; baseline -0.001 -26"><span class='ocrx_word' id='word_1_64' title='bbox 586 1475 815 1542; x_wconf 80' lang='lat' dir='ltr'>vertit.</span> <span class='ocrx_word' id='word_1_65' title='bbox 860 1473 941 1542; x_wconf 87' lang='lat' dir='ltr'>In</span> <span class='ocrx_word' id='word_1_66' title='bbox 987 1477 1204 1566; x_wconf 90' lang='lat' dir='ltr'>primo</span> <span class='ocrx_word' id='word_1_67' title='bbox 1247 1474 1394 1561; x_wconf 86' lang='lat' dir='ltr'>ejus</span> <span class='ocrx_word' id='word_1_68' title='bbox 1439 1498 1629 1552; x_wconf 82' lang='lat' dir='ltr'>areae</span> <span class='ocrx_word' id='word_1_69' title='bbox 1674 1475 1864 1540; x_wconf 87' lang='lat' dir='ltr'>aditu</span> <span class='ocrx_word' id='word_1_70' title='bbox 1932 1472 2240 1540; x_wconf 73' lang='lat' dir='ltr'>excelsae</span> <span class='ocrx_word' id='word_1_71' title='bbox 2307 1473 2684 1541; x_wconf 74' lang='lat' dir='ltr'>columnae</span> <span class='ocrx_word' id='word_1_72' title='bbox 2746 1475 2808 1538; x_wconf 86' lang='lat' dir='ltr'>in</span> 
     </span>
     <span class='ocr_line' id='line_1_11' title="bbox 581 1588 2811 1682; baseline -0.001 -24"><span class='ocrx_word' id='word_1_73' title='bbox 581 1592 917 1681; x_wconf 77' lang='lat' dir='ltr'>virginum</span> <span class='ocrx_word' id='word_1_74' title='bbox 961 1588 1250 1663; x_wconf 83' lang='lat' dir='ltr'>formam</span> <span class='ocrx_word' id='word_1_75' title='bbox 1290 1590 1577 1673; x_wconf 88' lang='lat' dir='ltr'>effictae,</span> <span class='ocrx_word' id='word_1_76' title='bbox 1610 1615 1784 1682; x_wconf 86' lang='lat' dir='ltr'>quae</span> <span class='ocrx_word' id='word_1_77' title='bbox 1811 1589 2090 1659; x_wconf 83' lang='lat' dir='ltr'>floribus</span> <span class='ocrx_word' id='word_1_78' title='bbox 2135 1588 2621 1681; x_wconf 76' lang='lat' dir='ltr'>fructibusque</span> <span class='ocrx_word' id='word_1_79' title='bbox 2667 1612 2811 1658; x_wconf 87' lang='lat' dir='ltr'>one-</span> 
     </span>
     <span class='ocr_line' id='line_1_12' title="bbox 583 1708 2809 1802; baseline -0.001 -24"><span class='ocrx_word' id='word_1_80' title='bbox 583 1722 769 1778; x_wconf 77' lang='lat' dir='ltr'>ratae</span> <span class='ocrx_word' id='word_1_81' title='bbox 837 1734 958 1802; x_wconf 87' lang='lat' dir='ltr'>pro</span> <span class='ocrx_word' id='word_1_82' title='bbox 1026 1710 1228 1781; x_wconf 87' lang='lat' dir='ltr'>Flora</span> <span class='ocrx_word' id='word_1_83' title='bbox 1295 1723 1366 1778; x_wconf 89' lang='lat' dir='ltr'>et</span> <span class='ocrx_word' id='word_1_84' title='bbox 1433 1712 1734 1780; x_wconf 88' lang='lat' dir='ltr'>Pomona</span> <span class='ocrx_word' id='word_1_85' title='bbox 1801 1708 2276 1790; x_wconf 81' lang='lat' dir='ltr'>cernebantur,</span> <span class='ocrx_word' id='word_1_86' title='bbox 2322 1732 2566 1776; x_wconf 87' lang='lat' dir='ltr'>arcum</span> <span class='ocrx_word' id='word_1_87' title='bbox 2631 1709 2809 1776; x_wconf 87' lang='lat' dir='ltr'>buxo</span> 
     </span>
     <span class='ocr_line' id='line_1_13' title="bbox 582 1825 2808 1920; baseline -0.001 -25"><span class='ocrx_word' id='word_1_88' title='bbox 582 1832 886 1920; x_wconf 83' lang='lat' dir='ltr'>pinuque</span> <span class='ocrx_word' id='word_1_89' title='bbox 962 1840 1360 1898; x_wconf 80' lang='lat' dir='ltr'>contextum</span> <span class='ocrx_word' id='word_1_90' title='bbox 1439 1826 1895 1896; x_wconf 75' lang='lat' dir='ltr'>sustinebant.</span> <span class='ocrx_word' id='word_1_91' title='bbox 1963 1825 2182 1918; x_wconf 86' lang='lat' dir='ltr'>Super</span> <span class='ocrx_word' id='word_1_92' title='bbox 2254 1850 2412 1894; x_wconf 90' lang='lat' dir='ltr'>eum</span> <span class='ocrx_word' id='word_1_93' title='bbox 2484 1826 2808 1895; x_wconf 78' lang='lat' dir='ltr'>Nicolaus</span> 
     </span>
     <span class='ocr_line' id='line_1_14' title="bbox 580 1937 2810 2034; baseline -0.002 -21"><span class='ocrx_word' id='word_1_94' title='bbox 580 1943 933 2013; x_wconf 74' lang='lat' dir='ltr'>Atestinus</span> <span class='ocrx_word' id='word_1_95' title='bbox 977 1937 1407 2015; x_wconf 79' lang='lat' dir='ltr'>Ottobonum</span> <span class='ocrx_word' id='word_1_96' title='bbox 1453 1944 1800 2024; x_wconf 88' lang='lat' dir='ltr'>Tertium,</span> <span class='ocrx_word' id='word_1_97' title='bbox 1847 1967 1987 2034; x_wconf 89' lang='lat' dir='ltr'>quo</span> <span class='ocrx_word' id='word_1_98' title='bbox 2042 1965 2234 2011; x_wconf 89' lang='lat' dir='ltr'>caeso</span> <span class='ocrx_word' id='word_1_99' title='bbox 2277 1943 2492 2032; x_wconf 85' lang='lat' dir='ltr'>Regio</span> <span class='ocrx_word' id='word_1_100' title='bbox 2550 1945 2810 2033; x_wconf 83' lang='lat' dir='ltr'>potitus</span> 
     </span>
     <span class='ocr_line' id='line_1_15' title="bbox 583 2056 2814 2153; baseline -0 -26"><span class='ocrx_word' id='word_1_101' title='bbox 583 2056 844 2142; x_wconf 78' lang='lat' dir='ltr'>fuerat,</span> <span class='ocrx_word' id='word_1_102' title='bbox 913 2063 1044 2129; x_wconf 87' lang='lat' dir='ltr'>sub</span> <span class='ocrx_word' id='word_1_103' title='bbox 1113 2086 1290 2153; x_wconf 88' lang='lat' dir='ltr'>equo</span> <span class='ocrx_word' id='word_1_104' title='bbox 1354 2073 1766 2151; x_wconf 83' lang='lat' dir='ltr'>prostratum</span> <span class='ocrx_word' id='word_1_105' title='bbox 1839 2058 2161 2127; x_wconf 88' lang='lat' dir='ltr'>habebat.</span> <span class='ocrx_word' id='word_1_106' title='bbox 2216 2060 2328 2127; x_wconf 89' lang='lat' dir='ltr'>Ab</span> <span class='ocrx_word' id='word_1_107' title='bbox 2394 2082 2539 2127; x_wconf 89' lang='lat' dir='ltr'>uuo</span> <span class='ocrx_word' id='word_1_108' title='bbox 2614 2059 2814 2127; x_wconf 87' lang='lat' dir='ltr'>latere</span> 
     </span>
     <span class='ocr_line' id='line_1_16' title="bbox 581 2176 2814 2267; baseline -0.001 -22"><span class='ocrx_word' id='word_1_109' title='bbox 581 2176 932 2267; x_wconf 75' lang='lat' dir='ltr'>legebatur</span> <span class='ocrx_word' id='word_1_110' title='bbox 965 2203 982 2244; x_wconf 72' lang='grc' dir='ltr'><strong><em>ε</em></strong></span> <span class='ocrx_word' id='word_1_111' title='bbox 1027 2179 1251 2246; x_wconf 77' lang='lat' dir='ltr'>Dlvus</span> <span class='ocrx_word' id='word_1_112' title='bbox 1294 2179 1648 2246; x_wconf 69' lang='lat' dir='ltr'>Nicomus</span> <span class='ocrx_word' id='word_1_113' title='bbox 1693 2177 2076 2244; x_wconf 65' lang='lat' dir='ltr'>Awasmmus</span> <span class='ocrx_word' id='word_1_114' title='bbox 2095 2226 2117 2257; x_wconf 91' lang='lat'><strong>,</strong></span> <span class='ocrx_word' id='word_1_115' title='bbox 2159 2197 2276 2252; x_wconf 82' lang='lat' dir='ltr'>om</span> <span class='ocrx_word' id='word_1_116' title='bbox 2330 2198 2667 2242; x_wconf 72' lang='lat' dir='ltr'>mamea</span> <span class='ocrx_word' id='word_1_117' title='bbox 2720 2199 2814 2243; x_wconf 79' lang='lat' dir='ltr'>m-</span> 
     </span>
     <span class='ocr_line' id='line_1_17' title="bbox 586 2293 2810 2363; baseline -0.001 -3"><span class='ocrx_word' id='word_1_118' title='bbox 586 2315 783 2363; x_wconf 73' lang='lat' dir='ltr'>cum</span> <span class='ocrx_word' id='word_1_119' title='bbox 826 2317 936 2363; x_wconf 83' lang='lat' dir='ltr'>sm</span> <span class='ocrx_word' id='word_1_120' title='bbox 978 2315 1378 2363; x_wconf 65' lang='lat' dir='ltr'>menan-na</span> <span class='ocrx_word' id='word_1_121' title='bbox 1422 2294 1767 2361; x_wconf 66' lang='lat' dir='ltr'>Oneum</span> <span class='ocrx_word' id='word_1_122' title='bbox 1812 2293 2139 2360; x_wconf 68' lang='lat' dir='ltr'>Tam-nm</span> <span class='ocrx_word' id='word_1_123' title='bbox 2191 2314 2404 2359; x_wconf 63' lang='lat' dir='ltr'>nanno</span> <span class='ocrx_word' id='word_1_124' title='bbox 2460 2315 2549 2358; x_wconf 77' lang='lat' dir='ltr'>m·</span> <span class='ocrx_word' id='word_1_125' title='bbox 2610 2313 2810 2359; x_wconf 70' lang='lat' dir='ltr'>Arum</span> 
     </span>
     <span class='ocr_line' id='line_1_18' title="bbox 585 2411 2813 2493; baseline -0.001 -15"><span class='ocrx_word' id='word_1_126' title='bbox 585 2432 956 2493; x_wconf 70' lang='lat' dir='ltr'>omassn,</span> <span class='ocrx_word' id='word_1_127' title='bbox 1000 2434 1086 2480; x_wconf 71' lang='grc' dir='ltr'>ιι·</span> <span class='ocrx_word' id='word_1_128' title='bbox 1128 2433 1313 2481; x_wconf 68' lang='lat' dir='ltr'>nanc</span> <span class='ocrx_word' id='word_1_129' title='bbox 1356 2433 1596 2479; x_wconf 72' lang='lat' dir='ltr'>naama</span> <span class='ocrx_word' id='word_1_130' title='bbox 1642 2411 1885 2478; x_wconf 73' lang='lat' dir='ltr'>Linum</span> <span class='ocrx_word' id='word_1_131' title='bbox 1930 2430 2017 2476; x_wconf 78' lang='lat' dir='ltr'>AB</span> <span class='ocrx_word' id='word_1_132' title='bbox 2072 2432 2227 2481; x_wconf 73' lang='lat' dir='ltr'>mus</span> <span class='ocrx_word' id='word_1_133' title='bbox 2281 2429 2498 2476; x_wconf 67' lang='lat' dir='ltr'>ama</span> <span class='ocrx_word' id='word_1_134' title='bbox 2557 2430 2813 2476; x_wconf 67' lang='lat' dir='ltr'>wrm-</span> 
     </span>
     <span class='ocr_line' id='line_1_19' title="bbox 584 2529 2815 2614; baseline -0.002 -16"><span class='ocrx_word' id='word_1_135' title='bbox 584 2553 758 2598; x_wconf 75' lang='lat' dir='ltr'>mna</span> <span class='ocrx_word' id='word_1_136' title='bbox 825 2552 1215 2600; x_wconf 58' lang='lat' dir='ltr'>amanam-r.</span> <span class='ocrx_word' id='word_1_137' title='bbox 1286 2530 1398 2598; x_wconf 89' lang='lat' dir='ltr'>Ab</span> <span class='ocrx_word' id='word_1_138' title='bbox 1475 2529 1608 2599; x_wconf 75' lang='lat' dir='ltr'>&#39;alio</span> <span class='ocrx_word' id='word_1_139' title='bbox 1635 2554 1667 2614; x_wconf 70' lang='grc' dir='ltr'>ε,</span> <span class='ocrx_word' id='word_1_140' title='bbox 1723 2530 1929 2595; x_wconf 68' lang='lat' dir='ltr'>Hunc</span> <span class='ocrx_word' id='word_1_141' title='bbox 2004 2548 2242 2595; x_wconf 71' lang='lat' dir='ltr'>Aenum</span> <span class='ocrx_word' id='word_1_142' title='bbox 2308 2529 2815 2595; x_wconf 60' lang='lat' dir='ltr'>Amas-monum</span> 
     </span>
     <span class='ocr_line' id='line_1_20' title="bbox 586 2646 2815 2722; baseline -0 -8"><span class='ocrx_word' id='word_1_143' title='bbox 586 2647 978 2716; x_wconf 72' lang='lat' dir='ltr'>ancrrma</span> <span class='ocrx_word' id='word_1_144' title='bbox 1032 2670 1343 2715; x_wconf 71' lang='lat' dir='ltr'>zxmuu</span> <span class='ocrx_word' id='word_1_145' title='bbox 1400 2668 1975 2722; x_wconf 62' lang='lat' dir='ltr'>srncunaamuomz</span> <span class='ocrx_word' id='word_1_146' title='bbox 2035 2667 2369 2714; x_wconf 65' lang='lat' dir='ltr'>uuonan</span> <span class='ocrx_word' id='word_1_147' title='bbox 2418 2646 2815 2713; x_wconf 64' lang='lat' dir='ltr'>Rae-musas</span> 
     </span>
     <span class='ocr_line' id='line_1_21' title="bbox 587 2783 2813 2845; baseline -0.001 -13"><span class='ocrx_word' id='word_1_148' title='bbox 587 2786 762 2833; x_wconf 68' lang='lat' dir='ltr'>omar</span> <span class='ocrx_word' id='word_1_149' title='bbox 801 2786 1045 2833; x_wconf 65' lang='lat' dir='ltr'>maa-n</span> <span class='ocrx_word' id='word_1_150' title='bbox 1088 2788 1264 2834; x_wconf 84' lang='lat' dir='ltr'>11.1.1s</span> <span class='ocrx_word' id='word_1_151' title='bbox 1307 2787 1467 2834; x_wconf 64' lang='lat' dir='ltr'>12s1s</span> <span class='ocrx_word' id='word_1_152' title='bbox 1514 2787 1606 2831; x_wconf 76' lang='lat' dir='ltr'>na</span> <span class='ocrx_word' id='word_1_153' title='bbox 1653 2788 1729 2831; x_wconf 71' lang='lat' dir='ltr'>sn</span> <span class='ocrx_word' id='word_1_154' title='bbox 1774 2783 2026 2830; x_wconf 68' lang='lat' dir='ltr'>ora-mn</span> <span class='ocrx_word' id='word_1_155' title='bbox 2069 2786 2373 2845; x_wconf 67' lang='lat' dir='ltr'>mannus,</span> <span class='ocrx_word' id='word_1_156' title='bbox 2403 2786 2493 2830; x_wconf 77' lang='lat' dir='ltr'>m·</span> <span class='ocrx_word' id='word_1_157' title='bbox 2527 2787 2609 2831; x_wconf 71' lang='lat' dir='ltr'>sn</span> <span class='ocrx_word' id='word_1_158' title='bbox 2642 2785 2813 2832; x_wconf 73' lang='lat' dir='ltr'>n’sos</span> 
     </span>
     <span class='ocr_line' id='line_1_22' title="bbox 585 2881 2811 2951; baseline 0 -2"><span class='ocrx_word' id='word_1_159' title='bbox 585 2904 673 2949; x_wconf 70' lang='grc' dir='ltr'>ιτ·</span> <span class='ocrx_word' id='word_1_160' title='bbox 716 2903 1017 2950; x_wconf 67' lang='lat' dir='ltr'>mmmm</span> <span class='ocrx_word' id='word_1_161' title='bbox 1072 2905 1152 2950; x_wconf 67' lang='lat' dir='ltr'>nv</span> <span class='ocrx_word' id='word_1_162' title='bbox 1208 2903 1645 2949; x_wconf 63' lang='lat' dir='ltr'>namu-ronam</span> <span class='ocrx_word' id='word_1_163' title='bbox 1698 2902 2101 2948; x_wconf 61' lang='lat' dir='ltr'>raama-uam</span> <span class='ocrx_word' id='word_1_164' title='bbox 2142 2904 2630 2951; x_wconf 63' lang='lat' dir='ltr'>namneum.</span> <span class='ocrx_word' id='word_1_165' title='bbox 2675 2881 2811 2949; x_wconf 89' lang='lat' dir='ltr'>Sub</span> 
     </span>
     <span class='ocr_line' id='line_1_23' title="bbox 586 2996 2811 3090; baseline 0 -24"><span class='ocrx_word' id='word_1_166' title='bbox 586 3022 777 3067; x_wconf 84' lang='lat' dir='ltr'>arcus</span> <span class='ocrx_word' id='word_1_167' title='bbox 819 2999 1069 3070; x_wconf 84' lang='lat' dir='ltr'>fornice</span> <span class='ocrx_word' id='word_1_168' title='bbox 1113 2999 1289 3068; x_wconf 88' lang='lat' dir='ltr'>duae</span> <span class='ocrx_word' id='word_1_169' title='bbox 1334 3002 1624 3090; x_wconf 82' lang='lat' dir='ltr'>virgines</span> <span class='ocrx_word' id='word_1_170' title='bbox 1677 2996 2087 3087; x_wconf 87' lang='lat' dir='ltr'>ninpharum</span> <span class='ocrx_word' id='word_1_171' title='bbox 2141 2997 2384 3065; x_wconf 89' lang='lat' dir='ltr'>habitu</span> <span class='ocrx_word' id='word_1_172' title='bbox 2437 2998 2613 3066; x_wconf 86' lang='lat' dir='ltr'>hinc</span> <span class='ocrx_word' id='word_1_173' title='bbox 2666 3000 2811 3067; x_wconf 88' lang='lat' dir='ltr'>inde</span> 
     </span>
     <span class='ocr_line' id='line_1_24' title="bbox 586 3115 2810 3208; baseline 0.001 -24"><span class='ocrx_word' id='word_1_174' title='bbox 586 3116 1042 3185; x_wconf 73' lang='lat' dir='ltr'>redolentibus</span> <span class='ocrx_word' id='word_1_175' title='bbox 1086 3116 1364 3188; x_wconf 85' lang='lat' dir='ltr'>floribus</span> <span class='ocrx_word' id='word_1_176' title='bbox 1424 3129 1684 3203; x_wconf 78' lang='lat' dir='ltr'>vestem</span> <span class='ocrx_word' id='word_1_177' title='bbox 1739 3118 2140 3184; x_wconf 81' lang='lat' dir='ltr'>transeuntis</span> <span class='ocrx_word' id='word_1_178' title='bbox 2184 3115 2520 3207; x_wconf 85' lang='lat' dir='ltr'>Alpheusi</span> <span class='ocrx_word' id='word_1_179' title='bbox 2566 3141 2810 3208; x_wconf 68' lang='lat' dir='ltr'>spane-</span> 
     </span>
     <span class='ocr_line' id='line_1_25' title="bbox 586 3232 2809 3324; baseline 0.002 -25"><span class='ocrx_word' id='word_1_180' title='bbox 586 3244 769 3300; x_wconf 82' lang='lat' dir='ltr'>runt.</span> <span class='ocrx_word' id='word_1_181' title='bbox 815 3233 1027 3324; x_wconf 84' lang='lat' dir='ltr'>Prope</span> <span class='ocrx_word' id='word_1_182' title='bbox 1072 3233 1352 3304; x_wconf 89' lang='lat' dir='ltr'>totidem</span> <span class='ocrx_word' id='word_1_183' title='bbox 1399 3234 1591 3324; x_wconf 90' lang='lat' dir='ltr'>pueri</span> <span class='ocrx_word' id='word_1_184' title='bbox 1625 3255 1783 3300; x_wconf 89' lang='lat' dir='ltr'>cum</span> <span class='ocrx_word' id='word_1_185' title='bbox 1814 3232 2070 3323; x_wconf 81' lang='lat' dir='ltr'>Copiae</span> <span class='ocrx_word' id='word_1_186' title='bbox 2113 3256 2317 3301; x_wconf 89' lang='lat' dir='ltr'>cornu</span> <span class='ocrx_word' id='word_1_187' title='bbox 2362 3255 2617 3301; x_wconf 78' lang='lat' dir='ltr'>suaves</span> <span class='ocrx_word' id='word_1_188' title='bbox 2664 3234 2809 3303; x_wconf 90' lang='lat' dir='ltr'>odo-</span> 
     </span>
     <span class='ocr_line' id='line_1_26' title="bbox 585 3350 2809 3421; baseline 0.002 -6"><span class='ocrx_word' id='word_1_189' title='bbox 585 3370 691 3415; x_wconf 81' lang='lat' dir='ltr'>res</span> <span class='ocrx_word' id='word_1_190' title='bbox 741 3352 813 3416; x_wconf 90' lang='lat' dir='ltr'>in</span> <span class='ocrx_word' id='word_1_191' title='bbox 881 3373 996 3417; x_wconf 85' lang='lat' dir='ltr'>ara</span> <span class='ocrx_word' id='word_1_192' title='bbox 1060 3351 1543 3419; x_wconf 76' lang='lat' dir='ltr'>accendebant.</span> <span class='ocrx_word' id='word_1_193' title='bbox 1590 3350 1670 3417; x_wconf 90' lang='lat' dir='ltr'>In</span> <span class='ocrx_word' id='word_1_194' title='bbox 1717 3367 1870 3417; x_wconf 85' lang='lat' dir='ltr'>area</span> <span class='ocrx_word' id='word_1_195' title='bbox 1916 3363 2073 3417; x_wconf 89' lang='lat' dir='ltr'>ante</span> <span class='ocrx_word' id='word_1_196' title='bbox 2117 3373 2333 3418; x_wconf 86' lang='lat' dir='ltr'>arcem</span> <span class='ocrx_word' id='word_1_197' title='bbox 2380 3351 2809 3421; x_wconf 84' lang='lat' dir='ltr'>Andromeda</span> 
     </span>
     <span class='ocr_line' id='line_1_27' title="bbox 586 3466 2809 3558; baseline 0.002 -26"><span class='ocrx_word' id='word_1_198' title='bbox 586 3466 760 3534; x_wconf 87' lang='lat' dir='ltr'>inter</span> <span class='ocrx_word' id='word_1_199' title='bbox 826 3466 1070 3534; x_wconf 83' lang='lat' dir='ltr'>sirenes</span> <span class='ocrx_word' id='word_1_200' title='bbox 1135 3468 1411 3557; x_wconf 84' lang='lat' dir='ltr'>scopulo</span> <span class='ocrx_word' id='word_1_201' title='bbox 1481 3467 1757 3558; x_wconf 86' lang='lat' dir='ltr'>alligata</span> <span class='ocrx_word' id='word_1_202' title='bbox 1817 3468 2177 3536; x_wconf 79' lang='lat' dir='ltr'>visebatur.</span> <span class='ocrx_word' id='word_1_203' title='bbox 2224 3467 2624 3536; x_wconf 83' lang='lat' dir='ltr'>Mirandum</span> <span class='ocrx_word' id='word_1_204' title='bbox 2676 3480 2809 3536; x_wconf 89' lang='lat' dir='ltr'>erat</span> 
     </span>
     <span class='ocr_line' id='line_1_28' title="bbox 588 3583 2807 3675; baseline 0.002 -24"><span class='ocrx_word' id='word_1_205' title='bbox 588 3583 927 3666; x_wconf 86' lang='lat' dir='ltr'>belluam,</span> <span class='ocrx_word' id='word_1_206' title='bbox 971 3597 1053 3652; x_wconf 90' lang='lat' dir='ltr'>ut</span> <span class='ocrx_word' id='word_1_207' title='bbox 1103 3585 1401 3675; x_wconf 87' lang='lat' dir='ltr'>puellam</span> <span class='ocrx_word' id='word_1_208' title='bbox 1431 3587 1824 3666; x_wconf 73' lang='lat' dir='ltr'>devoraret,</span> <span class='ocrx_word' id='word_1_209' title='bbox 1871 3589 2038 3652; x_wconf 86' lang='lat' dir='ltr'>mari</span> <span class='ocrx_word' id='word_1_210' title='bbox 2083 3598 2445 3653; x_wconf 84' lang='lat' dir='ltr'>exeuntem</span> <span class='ocrx_word' id='word_1_211' title='bbox 2501 3610 2807 3665; x_wconf 87' lang='lat' dir='ltr'>cernere,</span> 
     </span>
     <span class='ocr_line' id='line_1_29' title="bbox 588 3702 2809 3794; baseline 0 -25"><span class='ocrx_word' id='word_1_212' title='bbox 588 3714 659 3769; x_wconf 86' lang='lat' dir='ltr'>et</span> <span class='ocrx_word' id='word_1_213' title='bbox 699 3702 1014 3771; x_wconf 88' lang='lat' dir='ltr'>Perseum</span> <span class='ocrx_word' id='word_1_214' title='bbox 1058 3727 1099 3770; x_wconf 90' lang='lat' dir='ltr'>a</span> <span class='ocrx_word' id='word_1_215' title='bbox 1144 3703 1390 3794; x_wconf 88' lang='lat' dir='ltr'>Pegaso</span> <span class='ocrx_word' id='word_1_216' title='bbox 1434 3705 1505 3770; x_wconf 88' lang='lat' dir='ltr'>in</span> <span class='ocrx_word' id='word_1_217' title='bbox 1555 3702 1818 3770; x_wconf 88' lang='lat' dir='ltr'>aethere</span> <span class='ocrx_word' id='word_1_218' title='bbox 1866 3706 2034 3770; x_wconf 88' lang='lat' dir='ltr'>mira</span> <span class='ocrx_word' id='word_1_219' title='bbox 2076 3715 2217 3770; x_wconf 89' lang='lat' dir='ltr'>arte</span> <span class='ocrx_word' id='word_1_220' title='bbox 2242 3726 2709 3794; x_wconf 85' lang='lat' dir='ltr'>¹suspensum,</span> <span class='ocrx_word' id='word_1_221' title='bbox 2738 3715 2809 3771; x_wconf 89' lang='lat' dir='ltr'>ut</span> 
     </span>
     <span class='ocr_line' id='line_1_30' title="bbox 589 3817 2832 3911; baseline -0 -24"><span class='ocrx_word' id='word_1_222' title='bbox 589 3820 709 3887; x_wconf 83' lang='lat' dir='ltr'>vix</span> <span class='ocrx_word' id='word_1_223' title='bbox 754 3818 961 3887; x_wconf 83' lang='lat' dir='ltr'>videri</span> <span class='ocrx_word' id='word_1_224' title='bbox 1006 3831 1225 3910; x_wconf 79' lang='lat' dir='ltr'>posset</span> <span class='ocrx_word' id='word_1_225' title='bbox 1255 3843 1392 3911; x_wconf 90' lang='lat' dir='ltr'>quo</span> <span class='ocrx_word' id='word_1_226' title='bbox 1425 3821 1693 3909; x_wconf 83' lang='lat' dir='ltr'>ingenio</span> <span class='ocrx_word' id='word_1_227' title='bbox 1740 3817 1931 3887; x_wconf 79' lang='lat' dir='ltr'>velut</span> <span class='ocrx_word' id='word_1_228' title='bbox 1975 3817 2208 3888; x_wconf 83' lang='lat' dir='ltr'>volans</span> <span class='ocrx_word' id='word_1_229' title='bbox 2252 3821 2325 3887; x_wconf 92' lang='lat' dir='ltr'>in</span> <span class='ocrx_word' id='word_1_230' title='bbox 2369 3843 2525 3887; x_wconf 83' lang='lat' dir='ltr'>aere</span> <span class='ocrx_word' id='word_1_231' title='bbox 2573 3822 2832 3887; x_wconf 85' lang='lat' dir='ltr'>retine-&#39;</span> 
     </span>
     <span class='ocr_line' id='line_1_31' title="bbox 587 3937 2807 4030; baseline 0 -27"><span class='ocrx_word' id='word_1_232' title='bbox 587 3950 794 4004; x_wconf 84' lang='lat' dir='ltr'>retur.</span> <span class='ocrx_word' id='word_1_233' title='bbox 839 3937 946 4004; x_wconf 89' lang='lat' dir='ltr'>Ibi</span> <span class='ocrx_word' id='word_1_234' title='bbox 1008 3938 1346 4024; x_wconf 82' lang='lat' dir='ltr'>majorum</span> <span class='ocrx_word' id='word_1_235' title='bbox 1412 3943 1888 4030; x_wconf 82' lang='lat' dir='ltr'>minorumque</span> <span class='ocrx_word' id='word_1_236' title='bbox 1952 3950 2443 4008; x_wconf 81' lang='lat' dir='ltr'>tormentorum</span> <span class='ocrx_word' id='word_1_237' title='bbox 2514 3949 2807 4007; x_wconf 78' lang='lat' dir='ltr'>cessante</span> 
     </span>
     <span class='ocr_line' id='line_1_32' title="bbox 590 4053 2804 4144; baseline -0 -23"><span class='ocrx_word' id='word_1_238' title='bbox 590 4057 908 4144; x_wconf 87' lang='lat' dir='ltr'>strepitu,</span> <span class='ocrx_word' id='word_1_239' title='bbox 973 4054 1314 4124; x_wconf 82' lang='lat' dir='ltr'>laureatus</span> <span class='ocrx_word' id='word_1_240' title='bbox 1385 4054 1649 4141; x_wconf 78' lang='lat' dir='ltr'>juvenis</span> <span class='ocrx_word' id='word_1_241' title='bbox 1703 4055 1941 4123; x_wconf 85' lang='lat' dir='ltr'>dextra</span> <span class='ocrx_word' id='word_1_242' title='bbox 2007 4053 2353 4142; x_wconf 86' lang='lat' dir='ltr'>jaculum,</span> <span class='ocrx_word' id='word_1_243' title='bbox 2404 4065 2477 4122; x_wconf 89' lang='lat' dir='ltr'>et</span> <span class='ocrx_word' id='word_1_244' title='bbox 2544 4058 2804 4123; x_wconf 88' lang='lat' dir='ltr'>sinistra</span> 
     </span>
     <span class='ocr_line' id='line_1_33' title="bbox 588 4160 2803 4266; baseline 0.001 -28"><span class='ocrx_word' id='word_1_245' title='bbox 588 4160 905 4240; x_wconf 71' lang='lat' dir='ltr'>Medusae</span> <span class='ocrx_word' id='word_1_246' title='bbox 969 4185 1179 4265; x_wconf 85' lang='lat' dir='ltr'>eaput</span> <span class='ocrx_word' id='word_1_247' title='bbox 1243 4184 1476 4243; x_wconf 85' lang='lat' dir='ltr'>tenens</span> <span class='ocrx_word' id='word_1_248' title='bbox 1530 4176 1603 4242; x_wconf 89' lang='lat' dir='ltr'>in</span> <span class='ocrx_word' id='word_1_249' title='bbox 1648 4172 1975 4266; x_wconf 82' lang='lat' dir='ltr'>Alpheusi</span> <span class='ocrx_word' id='word_1_250' title='bbox 1997 4224 2019 4256; x_wconf 88' lang='lat'><strong>,</strong></span> <span class='ocrx_word' id='word_1_251' title='bbox 2075 4185 2147 4242; x_wconf 89' lang='lat' dir='ltr'>et</span> <span class='ocrx_word' id='word_1_252' title='bbox 2203 4170 2501 4263; x_wconf 86' lang='lat' dir='ltr'>inclytae</span> <span class='ocrx_word' id='word_1_253' title='bbox 2567 4172 2803 4244; x_wconf 82' lang='lat' dir='ltr'>domus</span> 
     </span>
    </p>
   </div>
  </div>
 </body>
</html>
