2950 5017
690 679 1071 768 unm
1153 631 1747 822 octavus

232 1703 431 1772 Dum
474 1699 644 1772 haec
669 1700 873 1793 -apud
917 1725 1037 1771 uos
1082 1712 1400 1793 aguntur,
1442 1702 1824 1774 Cardinalis
1855 1702 2175 1786 Medices,
2202 1705 2325 1796 qui

107 1820 419 1891 Clemens
461 1820 595 1890 VII
639 1832 740 1887 est
784 1831 1101 1902 vocatus,
1146 1845 1190 1889 a
1235 1823 1506 1911 triginta
1538 1844 1784 1892 novem
1819 1821 2325 1905 cardinalibus,
2352 1809 2383 1888 s

108 1938 774 2030 post-quinquaginta
817 1935 964 2003 dies
1003 1954 1216 2027 quam
1262 1935 1505 2005 inclusi
1538 1935 1837 2021 fuerant,
1868 1937 2124 2006 Romae
2152 1938 2327 2007 Pon-

107 2052 267 2123 tifex
301 2053 713 2122 declaratur.
758 2054 915 2139 Quo
957 2053 1200 2134 'audito
1245 2053 1633 2145 Alphonsus
1679 2078 1840 2123 cum
1887 2057 2096 2146 copiis
2136 2071 2323 2124 nouo

108 2168 415 2239 calendas
456 2169 821 2238 decembris
866 2167 1258 2251 Brixillum,
1302 2181 1374 2237 et
1416 2169 1575 2238 inde
1618 2171 1989 2258 Ferrariam
2035 2172 2323 2239 secessit.

112 2285 207 2356 Eo
245 2288 359 2355 die
406 2284 680 2353 Triultii
740 2288 1005 2377 equites
1024 2335 1046 2366 ,
1091 2287 1212 2377 qui
1258 2286 1344 2354 ad
1387 2285 1806 2356 Valverdum
1870 2286 2325 2378 hyemabunt,

113 2426 151 2472 a
187 2402 686 2472 Mutinensibus
740 2399 955 2493 fugati
1000 2401 1290 2493 Regium
1342 2426 1412 2470 se
1461 2414 1883 2494 receperunt.
1928 2403 2188 2473 Verum
2241 2414 2327 2473 ut

113 2529 330 2588 tutum
382 2541 498 2609 per
540 2519 725 2587 viam
769 2519 1018 2608 regiam
1064 2519 1191 2586 iter
1234 2530 1440 2600 esset,
1485 2543 1644 2587 cum
1690 2519 2131 2609 Regiensibus
2172 2518 2327 2586 Mu-

112 2638 395 2706 tinenses
437 2637 871 2718 conveniunt,
918 2649 999 2703 ut
1045 2636 1136 2703 ab
1182 2639 1367 2704 omni
1416 2634 1600 2706 ultro
1648 2639 1954 2726 citroque
1983 2633 2327 2703 inferenda

113 2753 351 2841 injuria
397 2753 867 2823 abstineretur.
914 2752 1260 2836 Clemens,
1295 2733 1427 2844 ,qui
1472 2755 1683 2821 etiam
1739 2764 2107 2844 antequam
2152 2753 2329 2823 Pou-

114 2867 273 2939 tifex
337 2869 791 2938 declararetur
857 2869 1039 2960 apud
1105 2868 1431 2962 Carolum
1500 2868 1857 2939 Caesarem
1925 2881 2151 2960 egerat
2170 2920 2192 2952 ,
2240 2879 2328 2937 ut

112 2984 392 3078 Regium
438 2998 508 3054 et
549 2983 821 3055 Mutina
865 2987 1194 3054 Atestinis
1235 2989 1783 3085 restituerentur,
1825 2985 2328 3078 Herculemque

114 3102 433 3195 Alphonsi
477 3100 696 3171 filium
716 3153 737 3186 ,
781 3121 1000 3197 quum
1045 3102 1418 3171 Adrianum
1466 3102 1723 3172 Romae
1768 3102 2129 3186 salutavit,
2173 3100 2327 3172 hos-

118 3221 271 3310 pitio
335 3220 726 3289 humaniter
793 3230 1149 3311 exceperat
1167 3271 1189 3302 ,
1255 3220 1544 3311 benigne
1611 3222 1933 3303 rescribit,
1999 3231 2082 3288 ut
2146 3242 2328 3311 quae

116 3336 493 3429 Alphonsus
519 3338 822 3421 tenebat,
858 3337 1060 3407 modo
1093 3360 1280 3406 arma
1310 3337 1756 3429 deponantur,
1790 3350 1941 3409 tuto
1968 3337 2324 3430 possideat.

117 3453 331 3539 Quare
374 3458 702 3527 sexcentis
747 3467 1016 3528 tanturn
1063 3455 1404 3547 peditibus
1419 3508 1440 3540 ,
1470 3468 1542 3525 et
1571 3458 1883 3554 equitatu
1929 3456 2015 3525 ad
2059 3468 2327 3526 nostrae

119 3572 296 3640 urbis
336 3575 744 3666 praesidium
788 3576 1086 3658 retentis,
1129 3576 1335 3643 ceteri
1375 3573 1655 3658 dimissi,
1685 3586 1755 3643 et
1786 3573 2119 3646 Triultius
2161 3572 2328 3640 Car-

117 3709 280 3778 pum
332 3690 555 3779 jussus
619 3704 724 3760 est
789 3688 1136 3783 proficisci.
1184 3691 1384 3761 Cives
1407 3707 1414 3712 ·
1436 3704 1669 3760 autem
1737 3700 1807 3756 et
1872 3688 1957 3756 de
2021 3686 2325 3756 rnilitum

121 3828 346 3891 onere,
393 3820 465 3876 et
507 3808 591 3878 de
636 3808 905 3880 aedium
974 3811 1202 3893 ruina,
1252 3832 1444 3902 quae
1487 3810 1663 3876 circa
1708 3806 2065 3874 Herberiae
2131 3807 2322 3898 oppi-

119 3920 276 3996 dum
341 3923 579 4008 fiebat,
643 3926 1014 4016 plurimum
1081 3927 1559 4020 querebantur.
1603 3923 1988 4012 Praefectus
2043 3944 2323 4018 quoque
2392 4007 2397 4011 ᾗ

121 4039 431 4134 Neapolis
448 4095 469 4128 ,
509 4046 631 4137 qui
676 4046 746 4114 in
792 4045 1199 4113 Flaminiam
1245 4055 1557 4126 venerat,
1600 4042 1785 4136 quod
1828 4065 2003 4115 nova
2047 4039 2322 4111 molitu-

121 4180 231 4230 rus
279 4162 652 4234 crederetur
669 4215 692 4250 ‚
734 4188 871 4234 nou
913 4162 1336 4235 mediocriter
1378 4162 1622 4236 urbem
1663 4163 1990 4234 exterruit
2003 4212 2026 4246 ‚
2086 4143 2165 4230 et
2230 4181 2323 4228 ex
