2950 5017
910 433 1112 486 mane
1155 440 1446 497 omnus
2158 423 2282 508 341

44 584 409 643 souseuau,
444 560 578 652 qui
609 558 695 627 ad
729 561 1146 651 tyrannidem
1195 562 1566 653 aspirabat,
1593 560 1894 653 quotidie
1935 564 2006 630 in
2045 562 2284 630 urbem

44 677 574 750 introducebat.
619 675 800 745 Cum
842 700 1001 748 vero
1044 677 1364 747 idoneum
1409 678 1817 770 praesidium
1861 676 2285 746 induxissent

44 797 444 884 conjunctis
502 797 741 862 animis
805 796 1079 886 utrique
1148 799 1434 887 patriam
1478 798 1892 865 invaserunt.
1941 793 2075 863 Sed
2120 819 2283 863 cum

44 914 421 985 satellitem
489 917 696 982 suum
753 916 1046 982 occisum
1094 913 1496 983 Othobonus
1564 936 1700 981 esse
1765 916 2064 982 sensisset
2081 966 2103 996 ,
2145 938 2293 982 ma-

44 1056 244 1124 gnam
302 1033 585 1099 civium
631 1031 1127 1114 Parmensium,
1172 1045 1243 1099 et
1285 1034 1688 1100 rusticorum
1732 1031 2113 1100 Roscianae.
2146 1030 2285 1100 fac-

49 1152 248 1220 tionis
290 1147 831 1216 multitudinem
879 1151 1107 1216 statim
1152 1151 1328 1239 capi,
1358 1160 1426 1215 et
1455 1152 1527 1217 in
1561 1160 1928 1239 conspectu
1971 1169 2096 1218 suo
2143 1162 2286 1219 tru-

49 1265 251 1333 cidari
299 1266 544 1353 jussit.
592 1264 675 1330 In
720 1264 970 1355 quibus
1014 1288 1301 1355 puerum
1347 1268 1589 1355 optimi
1634 1267 1802 1332 civis
1868 1263 2089 1332 filium
2153 1266 2284 1333 sibi

52 1355 404 1472 pueriliter
470 1379 939 1449 blandientem
983 1379 1068 1447 de
1111 1384 1390 1449 miserae
1459 1382 1691 1448 matris
1734 1382 1890 1448 sinu
1934 1380 2135 1448 evelli
2152 1432 2173 1463 ,
2216 1393 2287 1449 et

58 1498 138 1566 ad
175 1497 490 1589 lapidem
542 1497 903 1565 crudeliter
958 1496 1148 1565 allidi
1214 1501 1574 1588 praecepit.
1620 1496 2130 1568 Interfectorum
2176 1521 2285 1567 ca-

59 1615 414 1683 daveribus
435 1665 459 1697 ,
510 1617 635 1705 qui
682 1617 963 1686 trecenti
1008 1626 1079 1681 et
1122 1614 1632 1706 quatuordecim
1686 1611 1890 1683 fuisse
1935 1615 2283 1698 dicuntur,

69 1731 412 1801 duodecim
464 1727 776 1823 plaustra
822 1742 1064 1799 onusta
1110 1730 1194 1798 ad
1240 1730 1540 1801 hostium
1585 1743 1802 1799 castra
1855 1735 2288 1801 transmisisse

65 1847 320 1931 dicitur,
367 1872 523 1940 qua
571 1847 654 1915 de
699 1871 769 1916 re
814 1848 1095 1931 Antonii
1143 1849 1344 1916 Lusci
1375 1847 1721 1917 Vicentini
1767 1846 1852 1915 ad
1895 1848 2283 1918 Atestinuru

72 1969 297 2055 scripta
344 1964 648 2057 epistola
692 1968 948 2036 visitur.
995 1965 1236 2057 Itaque
1288 1989 1450 2033 cum
1497 1966 1811 2033 Parmam
1865 1965 2044 2034 solus
2087 1990 2286 2034 occu-

74 2097 300 2173 passet,
343 2084 670 2175 quandiu
716 2083 977 2152 arderet
1019 2083 1323 2166 candela,
1367 2107 1577 2175 quam
1646 2086 1842 2174 pretii
1911 2085 2098 2175 stipis
2164 2086 2290 2152 mi-

78 2202 283 2268 nimae
335 2225 554 2293 supra
606 2223 1002 2292 campanam
1070 2205 1143 2270 in
1213 2199 1362 2271 foro
1415 2201 1755 2270 Parmensi
1807 2200 2284 2285 collocaverat,

82 2338 276 2406 poena
316 2321 606 2409 capitis,
652 2331 722 2385 et
766 2318 1095 2386 bonorum
1143 2317 1623 2409 publicationis
1669 2305 1834 2387 alios
1877 2342 2108 2387 omnes
2154 2318 2288 2388 Ro-

81 2435 317 2501 scianae
362 2432 688 2503 factionis
730 2436 906 2503 cives
953 2458 1113 2501 cum
1161 2437 1418 2504 rusticis
1466 2435 1632 2502 urbe
1680 2433 1996 2503 excedere
2052 2412 2282 2521 jussit,

90 2570 308 2639 eosque
360 2535 444 2620 in‘
497 2552 903 2619 decennium
956 2550 1300 2643 relegavit.
1360 2552 1656 2619 Demum
1730 2551 1815 2619 ad
1887 2551 2297 2620 devorandas

95 2666 353 2737 exulum
397 2667 772 2740 facultates
814 2668 1000 2737 mille
1028 2669 1300 2747 Ioannis
1330 2669 1661 2739 Galleacii
1707 2680 2056 2739 veteranos
2099 2670 2294 2759 equi·

94 2794 211 2866 tes,
266 2799 335 2853 et
393 2811 724 2879 magnam
771 2787 1079 2880 peditum
1126 2812 1405 2856 manum
1452 2788 1798 2855 Roscianis
1868 2790 1942 2854 in
2009 2784 2294 2854 aedibus

96 2905 309 2972 mensis
337 2909 571 2997 spatio
603 2904 800 2974 aluit.
834 2905 1025 2975 Alios
1054 2928 1212 2975 vero
1243 2905 1540 2992 ejusdem
1584 2903 1892 2972 factionis
1935 2901 2296 2972 nobiliores

99 3022 405 3090 custodiae
451 3024 742 3092 traditos
795 3023 1031 3090 decem
1095 3022 1395 3090 millibus
1463 3022 1872 3090 florenorum
1917 3020 2002 3088 ad
2045 3023 2298 3111 stipen-

106 3132 267 3205 dium
310 3139 654 3209 militibus
684 3140 1077 3209 solvendum
1111 3138 1495 3207 mulctavit.
1530 3138 1758 3208 Vidua
1786 3137 2294 3208 vicecomitum

104 3264 292 3321 mater
319 3261 507 3325 omni
547 3255 843 3326 subsidio
877 3255 1197 3324 destituta
1243 3268 1323 3323 ut
1368 3254 1723 3322 turbatum
1769 3256 2128 3344 imperium
2173 3276 2295 3344 pa-

109 3381 295 3451 earet,
323 3371 653 3443 Carolum
682 3371 1107 3441 Malatestam
1126 3424 1147 3455 ,
1175 3372 1323 3460 ejus
1353 3371 1495 3438 filia
1525 3372 1770 3448 Ioanni
1805 3370 2060 3438 Mariae
2092 3389 2303 3440 uxore
2414 3449 2420 3464 ⁸

112 3480 277 3567 data,
301 3488 762 3560 Mediolanum
796 3505 1028 3572 vocat3
1073 3490 1187 3557 sed
1233 3513 1391 3556 cum
1437 3492 1495 3557 is
1539 3514 1674 3559 nou
1724 3487 1941 3559 multo
1988 3502 2138 3581 post
2181 3513 2298 3558 ve-

113 3595 206 3665 lut
252 3603 725 3700 Guelphorum
793 3610 1093 3699 partium
1160 3606 1383 3676 fautor
1452 3607 1710 3694 ejectus
1776 3619 1986 3688 esset,
2044 3606 2304 3674 Canem

115 3712 474 3809 Pacinium,
516 3751 683 3796 mox
728 3750 807 3796 eo
851 3749 1126 3818 quoque
1153 3724 1460 3817 expulso,
1492 3724 1899 3794 Bucialdum
1926 3722 2209 3792 Gallum
2256 3746 2300 3790 a

117 3827 275 3924 Rege
315 3840 578 3912 Galliae
618 3844 904 3912 Genuae
950 3820 1365 3933 praefectum
1414 3844 1681 3922 accivit,
1726 3844 1847 3933 qui
1891 3853 1963 3909 et
2005 3843 2147 3932 ipse
2191 3861 2305 3909 su-

122 3950 301 4035 perbo
342 3972 411 4026 et
452 3964 816 4053 impotenti
846 3960 1206 4030 dominatu
1247 3962 1318 4028 in
1366 3956 1669 4028 affectati
1713 3951 2131 4050 principatus
2160 3980 2302 4025 sus·

127 4064 424 4150 piciomm
470 4082 689 4149 venit:
735 4102 945 4171 quare
990 4076 1582 4147 tumultuantibus
1625 4077 1896 4146 civibus
1952 4087 2027 4143 et
2085 4072 2305 4143 rebel-

128 4173 398 4260 lantibus
431 4193 799 4289 Liguribus
844 4220 886 4264 a
930 4196 1206 4267 Facinio
1277 4192 1665 4287 profligatus
1733 4205 1916 4264 trans
1962 4191 2144 4285 alpes
2209 4213 2308 4258 re-
