2950 5017
933 387 1130 433 mann
1173 388 1448 433 ‘ruamus
2137 388 2269 456 209

85 505 372 575 libidine
440 506 668 572 variae
725 508 1085 575 sententiae
1143 506 1567 586 dicebantur,
1632 504 2121 594 timebaturque
2176 529 2263 572 ne

87 624 213 712 qui
271 644 364 687 ex
423 616 744 708 Guelpho
789 622 1056 687 nomine
1108 619 1372 710 expulsi
1414 617 1684 688 fuerant
1749 642 1971 686 rursus
2042 619 2277 687 urbem

83 733 509 805 invaderent.
542 732 849 803 Tandem
877 733 1259 801 Franciseus
1289 732 1643 802 Folleanus
1672 733 2052 800 Bernardini
2088 732 2281 799 Prae·

83 852 291 939 positi
337 846 580 929 frater,
625 847 1030 916 Caesarianis
1073 848 1609 938 impellentibus,
1656 851 1752 913 ita
1800 849 1998 916 verba
2057 844 2283 915 fecisse

85 966 381 1033 dicitur:
427 964 672 1033 Nescio
739 988 824 1030 an
891 962 1059 1044 fato,
1130 989 1212 1031 an
1282 967 1516 1032 nostris
1584 964 1908 1036 erroribus
1974 966 2284 1045 evenerit,

81 1084 348 1172 optimi
387 1081 621 1161 Cives,
666 1091 745 1149 ut
795 1082 915 1169 qui
969 1079 1371 1169 reipublicae
1435 1092 1696 1164 nostrae
1760 1077 2089 1168 splendori
2152 1101 2286 1146 esse

91 1196 493 1265 debuissent
536 1196 822 1286 patriam
866 1197 1120 1264 civium
1163 1197 1480 1284 sanguine
1519 1193 1734 1263 effuso
1779 1192 2154 1262 foedissime
2180 1193 2292 1261 de·

85 1323 417 1404 turpent:
463 1314 535 1379 in
578 1334 863 1401 eamque
906 1310 1193 1401 denique
1236 1335 1354 1380 nos
1397 1310 1851 1378 calamitatem
1900 1309 2289 1394 conjiciant,

84 1439 173 1494 ut
218 1425 487 1495 nullam
529 1426 741 1493 divini
782 1429 1075 1495 nominis
1133 1429 1489 1517 pietatem,
1533 1424 1792 1492 nullam
1838 1423 2086 1491 liberae
2132 1428 2294 1494 civi·

91 1545 258 1615 tatis
305 1541 619 1623 formam,
662 1566 798 1612 non
841 1547 1140 1632 gentium
1169 1544 1352 1630 jura,
1382 1566 1517 1611 non
1561 1543 1913 1611 hominum
1958 1543 2292 1609 rationem

90 1661 531 1726 retineamus.
577 1658 947 1726 Latronum
991 1682 1248 1747 specus,
1292 1657 1583 1724 ferarum
1628 1668 1930 1737 antrum,
1963 1669 2031 1722 et
2059 1658 2297 1725 saevis-

93 1778 423 1843 simarum
470 1771 791 1843 furiarum
823 1775 1004 1842 sedes
1037 1776 1192 1842 urbs
1222 1787 1448 1843 nostra
1483 1772 1788 1840 efficitur.
1820 1772 2076 1844 Vocem
2105 1772 2295 1841 dolor

99 1891 428 1971 includit,
457 1904 526 1957 et
553 1893 858 1980 spiritum
901 1889 1213 1958 lacrimae
1244 1891 1649 1981 impediunt,
1679 1913 1837 1955 cum
1869 1889 2300 1956 miserandam

99 2019 403 2077 nostram
450 2010 841 2076 servitutem
888 2011 1183 2088 intueor:
1212 2011 1330 2098 qui
1364 2007 1757 2076 truculentis
1789 2003 1943 2071 feris
1981 2005 2296 2090 subjecti,

97 2138 168 2193 et
215 2125 548 2194 indomito
592 2124 1010 2213 quorundam
1055 2123 1264 2193 furori
1307 2128 1617 2214 expositi,
1659 2125 1963 2209 injurias,
1994 2121 2297 2205 vulnera,

97 2242 339 2309 caedes
381 2244 526 2331 pati
570 2245 903 2331 cogimur3
949 2266 1082 2309 non
1128 2245 1258 2307 tuti
1301 2244 1373 2308 in
1417 2243 1632 2330 patria
1679 2243 1894 2321 cives,
1938 2263 2073 2307 non
2121 2239 2298 2328 apud

97 2357 501 2426 domesticos
559 2355 759 2437 lares,
802 2380 939 2424 non
984 2359 1052 2422 in
1097 2359 1295 2423 sacris
1363 2356 1641 2423 aedibus
1708 2377 1844 2423 esse
1913 2366 2213 2445 possunt:
2260 2378 2302 2420 a

100 2475 341 2541 vicinis
414 2474 682 2553 amicis,
733 2496 774 2539 a
826 2475 1117 2561 cognatis
1187 2471 1631 2553 offendimu13
1699 2484 1922 2541 nostro
1988 2475 2303 2560 sanguine

101 2612 396 2679 aspersas
463 2589 655 2656 aedes
722 2592 1224 2679 conspeximus3
1293 2612 1523 2657 cruore
1591 2589 1933 2655 madentes
2006 2587 2303 2675 publicas

105 2709 253 2773 vias
298 2704 735 2787 offendimus3
779 2706 1208 2773 cadaveribus
1252 2727 1595 2773 caesorum
1648 2702 1974 2770 refertum
2019 2688 2304 2770 vidimus

103 2821 381 2903 forum:
422 2823 682 2902 diruta,
725 2825 1123 2912 incensaque
1177 2833 1336 2888 sunt
1395 2819 1728 2900 aedificia,
1771 2831 1841 2886 et
1886 2831 2028 2886 tota
2072 2823 2306 2886 civitas

107 2940 399 3026 turpiter
438 2949 534 3004 est
577 2935 989 3006 deformata:
1040 2948 1194 3002 usta
1240 2935 1509 3003 fumant
1564 2937 1771 3014 atria,
1822 2934 2126 3002 incendio
2193 2957 2308 3000 an-

107 3054 349 3120 tistitis
391 3055 548 3119 sacri
592 3076 894 3120 eversum
943 3039 1047 3119 es‘t
1092 3051 1460 3140 palatium,
1505 3064 1807 3139 parentes
1851 3073 1891 3116 a
1938 3049 2193 3129 liberis,
2239 3061 2308 3115 et

107 3167 313 3235 liberi
383 3191 424 3233 a
491 3169 880 3258 parentibus
929 3168 1282 3257 lugentur,
1324 3170 1597 3233 maritos
1642 3165 1888 3234 viduae
1930 3165 2309 3254 deplorant,

108 3284 192 3352 de
260 3284 767 3370 conjunctorum
838 3286 1266 3352 acerbissimis
1333 3281 1681 3350 funeribus
1748 3285 2104 3373 propinqui
2148 3306 2309 3372 que-

107 3411 391 3481 runtur,
435 3426 569 3469 non
614 3403 739 3468 nisi
785 3400 1011 3481 dolor,
1054 3404 1370 3490 gemitus,
1414 3397 1812 3467 afflictorum
1858 3398 2149 3488 ploratus
2195 3423 2314 3466 au-

109 3515 328 3598 ditur,
378 3526 452 3581 et
496 3515 676 3605 quod
721 3517 1022 3584 omnium
1089 3518 1452 3606 pessimum
1498 3527 1596 3582 est
1639 3537 1944 3604 oppressa
2005 3513 2310 3581 libertate

110 3632 581 3700 crudelissimis
647 3634 923 3699 tirannis
989 3635 1229 3701 servire
1298 3631 1800 3721 compellimur:
1844 3632 1898 3698 si
1940 3629 2138 3696 finem
2193 3629 2314 3696 ali-

112 3770 318 3837 quem
365 3745 548 3813 mala
590 3750 1097 3835 promitterent,
1141 3746 1456 3837 publicus
1515 3745 1739 3814 luctus
1795 3758 2162 3834 utcumque
2215 3742 2312 3810 fe-

115 3862 359 3931 rendus
401 3873 606 3942 esset3
651 3863 763 3931 sed
808 3862 1035 3930 nullus
1081 3874 1311 3929 tantae
1375 3861 1775 3931 calamitatis
1843 3865 2064 3927 exitus
2128 3862 2312 3928 inve-

117 3982 347 4060 nitur;
416 4002 574 4047 cum
640 3979 1022 4051 dominandi
1075 3979 1350 4047 libidine
1405 3982 1760 4059 saevienti,
1820 3977 2016 4046 modo
2071 3975 2308 4062 hujus,

120 4097 314 4169 modo
361 4095 545 4168 illius
587 4094 798 4169 furori
845 4100 1261 4195 exponimur.
1315 4097 1390 4166 Si
1443 4098 1619 4167 hanc
1663 4100 1734 4167 in
1779 4095 2012 4166 urbem
2057 4105 2311 4185 pestem
2360 4158 2381 4179 χ

2071 4207 2132 4274 ¹⁴
