2950 5017
940 412 1138 457 mna
1179 411 1473 469 ousta-us
2158 395 2280 465 301

75 530 248 601 fnit.
303 529 507 601 Cum
552 554 708 602 vero
751 535 1093 623 pecuniam
1123 557 1326 625 quam
1345 533 1603 602 ‚Veneti
1632 511 2292 624 repraesentarentur,-

77 650 472 717 rcstituere
534 671 669 717 non
740 659 958 740 posset
976 699 998 730 ,
1062 650 1390 717 mercibus
1454 647 2039 719 mediolanensium
2055 701 2076 732 ‚
2117 672 2292 743 quae

75 763 282 832 Pado
364 763 689 831 Venetiae
763 764 1418 845 transmittebantur,
1483 767 1748 832 retentis
1817 764 2010 856 longe
2073 766 2295 853 majus

81 902 316 970 quam
369 878 665 946 debebat
731 901 838 946 aes
903 882 1145 971 coegit.
1190 879 1418 970 Aliqui
1459 879 1828 950 Barnabam
1874 883 2128 970 ipsum,
2170 883 2291 973 qui

78 993 447 1084 Reginam
491 994 690 1064 Canis
733 1016 1017 1071 sororem
1072 1018 1346 1063 uxorem
1408 994 1743 1062 habebat
1765 993 2029 1063 affinem
2088 992 2297 1066 vero-

79 1132 226 1177 nae
276 1111 572 1200 imperio
615 1111 870 1198 privare
920 1109 1200 1177 noluisse
1243 1107 1490 1191 ferunt,
1535 1111 1732 1201 idque
1760 1110 2296 1201 Archipresulem
2429 1170 2433 1175 .

87 1239 478 1316 patruum,
519 1229 644 1317 qui
693 1225 777 1293 ad
842 1225 1075 1293 Italiae
1139 1228 1489 1316 imperium
1534 1226 1902 1317 aspirabat,
1945 1229 2295 1318 aegerrime

93 1341 380 1409 tulisse.
426 1341 492 1410 Is
536 1341 627 1408 ob
669 1352 944 1408 auctum
986 1340 1123 1406 late
1163 1342 1534 1419 dominium
1589 1343 1659 1408 in
1725 1341 2018 1431 plurium
2062 1344 2298 1432 princi·
2366 1422 2377 1434 ·

91 1477 275 1546 pum
323 1456 658 1531 invidiam,
684 1467 975 1536 venerat,
1020 1478 1096 1522 ac
1140 1457 1533 1533 novissimae
1570 1457 1771 1523 etiam
1804 1455 2080 1523 Genuae
2121 1459 2298 1547 prin-

99 1573 352 1661 cipatu
384 1582 655 1660 accepto
701 1571 997 1658 omnium
1043 1571 1113 1636 in
1147 1592 1228 1637 se
1275 1568 1504 1639 odium
1551 1570 1850 1638 adauxit.
1898 1571 2073 1645 Cum
2119 1573 2295 1639 enim

104 1686 260 1777 ejus
328 1684 520 1752 urbis
569 1685 740 1752 cives
783 1708 824 1752 a
869 1684 1142 1752 Venetis
1187 1681 1387 1773 paulo
1431 1695 1589 1751 ante
1634 1707 1752 1751 xm
1796 1690 2069 1754 navium
2112 1685 2298 1767 clade

107 1801 504 1893 profligatos
547 1824 716 1870 nova
746 1799 949 1891 classe
982 1801 1362 1881 adiuvisset,
1396 1813 1654 1868 recente
1683 1803 1957 1871 victoria
1984 1802 2298 1885 Venetos,

111 1921 331 2008 captis
378 1941 609 1986 eorum
678 1919 950 2006 triginta
1016 1917 1297 1984 navibus
1339 1915 1580 2007 longis,
1626 1929 1695 1983 et
1737 1919 2034 2009 quinque
2077 1938 2301 1987 onera·

113 2034 264 2113 riis,
335 2031 428 2100 ad
497 2030 964 2121 Peloponesum
1008 2045 1471 2127 superaverat.
1545 2032 1764 2115 Quare
1828 2042 2016 2120 tanta
2078 2056 2297 2102 rerum

114 2150 557 2238 prosperitate
622 2149 945 2238 perterriti
998 2147 1196 2215 Canis
1239 2146 1560 2236 Scaliger,
1606 2145 1881 2239 Veneti,
1921 2149 2299 2231 Atestinus,

115 2261 443 2339 Gar-rarii,
486 2262 950 2332 Montisferrati
995 2246 1321 2341 Marchio,
1365 2275 1434 2329 et
1483 2262 1780 2353 Gonzagi
1824 2264 2021 2331 simul
2061 2264 2297 2351 juncto

120 2374 396 2447 foedere
423 2378 783 2447 corradum
816 2379 1117 2446 Landum
1152 2380 1341 2448 Lucii
1386 2376 1685 2461 fratrem,
1734 2381 1853 2470 qui
1896 2394 2044 2448 octo
2086 2380 2298 2448 millia

124 2495 707 2586 cataphractorum
727 2546 747 2575 ,
791 2505 862 2561 et
903 2495 1125 2562 decem
1193 2495 1405 2563 millia
1469 2495 1770 2586 peditum
1812 2495 2299 2587 Germanorum

127 2623 585 2691 contraxerat,
628 2614 697 2677 in
742 2608 1002 2677 Italiam
1049 2614 1467 2705 acciverunt:
1525 2610 1892 2701 validoque
1951 2622 2098 2679 octo
2148 2609 2299 2677 mil·

124 2722 288 2793 lium
339 2729 646 2816 equitum
671 2776 691 2807 ,
732 2738 802 2794 et
846 2730 1079 2817 viginti
1122 2726 1403 2807 duorum
1457 2724 1750 2792 millium
1804 2725 2100 2815 peditum
2143 2749 2299 2795 con·

127 2851 345 2912 tracto
389 2844 681 2909 exercitu
726 2844 936 2932 primo
968 2843 1476 2910 Bononiensium
1525 2863 1758 2930 agrum
1806 2854 1962 2908 sunt
2007 2839 2299 2931 depopu-

127 2951 279 3036 lati,
344 2955 579 3024 deinde
621 2956 1038 3024 Guastallam
1082 2957 1296 3023 ductis
1360 2955 1729 3036 militibus,
1795 2967 1865 3022 et
1928 2968 2129 3045 ponte
2181 2956 2298 3046 qui

129 3069 387 3140 Padurn
418 3073 770 3163 jungebat,
799 3084 1150 3163 occupate,
1180 3073 1523 3162 oppidum,
1559 3072 1735 3162 quod
1785 3069 1938 3141 forti
1972 3072 2296 3162 praesidio

133 3191 524 3272 tenebatur,
570 3191 781 3258 adorti
850 3213 1221 3280 expugnare
1263 3214 1419 3259 -non
1492 3202 1885 3280 potuerunt.
1931 3188 2128 3279 Apud
2171 3189 2300 3257 Βεέ-

134 3304 385 3391 gienses
446 3327 600 3374 vero
656 3304 944 3396 Gonzagi
965 3356 985 3388 ‚
1052 3329 1133 3373 ne
1199 3307 1378 3395 quod
1445 3304 1741 3372 hostibus
1812 3305 2070 3394 gerendi
2137 3304 2296 3372 belli

132 3417 555 3497 commodum
608 3420 1030 3509 praeberent,
1072 3419 1438 3502 Thebaldi,
1483 3418 1677 3487 Sessii
1721 3418 2090 3510 Ripaltam,
2132 3418 2297 3488 San-

137 3545 313 3605 ctum
388 3534 822 3618 silvestrum,
862 3536 1334 3618 Mancasalem,
1398 3548 1467 3605 et
1531 3535 1932 3606 Taculorum
2000 3539 2297 3627 quinque

131 3627 605 3720 munitissimas
668 3663 879 3721 turres
940 3676 1096 3720 cum
1139 3651 1366 3722 Monte
1410 3650 1690 3734 siliceo,
1731 3652 1907 3743 quod
1953 3651 2297 3719 Canussio-

139 3785 280 3834 nun
309 3767 578 3836 ditionis
610 3781 782 3850 erat,
811 3780 1225 3850 everterunt,
1267 3790 1391 3836 nec
1438 3790 1472 3834 a
1512 3740 1785 3857 templis
1829 3777 1925 3832 est
1970 3777 2296 3856 tempera-

143 3888 327 3964 tum3
393 3882 717 3973 siquidem
785 3883 1146 3966 Portiolae,
1192 3895 1261 3951 et
1306 3882 1584 3951 Sanctae
1647 3881 1987 3951 Mastiolae
2051 3881 2299 3951 nobilia

144 3997 387 4088 templa
443 3999 822 4080 diruerunt,
885 3974 1103 4067 efex
1169 3999 1441 4081 horum,
1485 4011 1552 4065 et
1595 4001 1758 4079 sacri
1800 3997 1961 4066 Divi
2004 3997 2297 4088 Prosperi

145 4116 327 4183 turris
375 4117 691 4185 cementis
743 4114 1112 4207 Bagnolum
1128 4166 1151 4198 ,
1192 4118 1303 4185 cui
1354 4139 1440 4184 ex
1485 4113 1938 4207 frequentibus
1978 4113 2298 4185 imbribus
