2950 5017
645 564 1005 658 emm
1054 562 1748 658 PANGIROLI

301 817 881 933 mmmm
981 814 2096 935 mmmmufflwm

725 1176 1105 1263 LIBER
1187 1176 1670 1284 PRIMUS

136 2093 609 2234 vetustissima
652 2164 873 2253 origo,
916 2172 989 2229 et
1032 2163 1328 2252 potentia
1364 2162 1871 2244 Hetruscorum,
1900 2165 2056 2254 qui,
2092 2166 2303 2255 prius·

138 2302 315 2368 quem
345 2283 413 2348 in
441 2282 846 2346 immensum
878 2276 1334 2345 Romanorum
1366 2281 1537 2345 vires
1567 2291 1960 2360 crescerent,
1989 2281 2300 2371 imperio,

138 2396 479 2487 opibusque
523 2395 855 2476 florentes,
898 2393 1208 2484 pluribus
1252 2396 1323 2461 in
1368 2418 1599 2462 omnes
1642 2393 1965 2462 finitimas
2008 2399 2301 2485 regiones

138 2511 383 2581 coloniis
408 2512 745 2591 deductis,
777 2523 1068 2579 nostram
1112 2513 1441 2600 regionem
1481 2510 1871 2593 incoluisse,
1910 2534 1989 2579 ac
2030 2511 2302 2582 demum
2471 2551 2476 2558 ·

140 2625 390 2718 Regium
433 2629 809 2699 condidisse
852 2627 1238 2709 creduntur,
1269 2638 1424 2694 ante
1462 2629 1687 2695 omnia
1731 2627 2079 2695 altius-est
2120 2650 2307 2719 repe-

145 2743 349 2812 mda.
400 2746 491 2812 Hi
546 2743 637 2809 ab
678 2742 878 2823 Jano,
919 2742 1187 2832 Japheti
1230 2740 1407 2823 filio,
1449 2741 1599 2809 Noe
1666 2752 1943 2832 nepote,
1988 2744 2118 2811 orti
2167 2765 2307 2810 esse

148 2855 443 2941 feruntur,
486 2860 607 2949 qni
652 2860 840 2925 annis
897 2869 1046 2948 post
1099 2860 1329 2947 ingens
1373 2857 1713 2924 diluvium
1768 2857 2072 2924 ducentis
2120 2878 2307 2926 sexa-

144 2976 337 3064 ginta,
376 2974 513 3061 jam
560 2989 760 3041 aucto
803 2997 1039 3064 genere
1088 2974 1425 3054 humano,
1471 2996 1560 3039 ex
1603 2975 1956 3052 Armenia,
2001 2971 2121 3039 ubi
2166 2974 2308 3038 ani-

143 3095 445 3158 mentium
509 3095 959 3160 conservatrix
1012 3092 1183 3159 Arca
1251 3113 1450 3180 supra
1519 3089 1935 3158 Gordianum
2004 3103 2303 3158 montem

140 3209 527 3290 consederat,
570 3233 730 3275 cum
801 3207 1105 3298 pluribus
1172 3231 1444 3280 suorum
1490 3210 1561 3274 in
1606 3207 1873 3274 Italiam
1926 3207 2308 3296 navigavit,

138 3321 562 3416 Tyberimque
606 3328 952 3414 ingressus,
984 3323 1331 3393 duodecim
1378 3323 1660 3390 urbibus
1705 3322 2008 3404 conditis,
2055 3334 2305 3391 totam-

137 3463 253 3528 que
295 3465 503 3532 nsque
548 3441 632 3507 ad
678 3444 937 3508 Arnum
994 3442 1376 3508 Hetruriam
1430 3443 1688 3530 primus
1738 3441 2122 3529 occupavit.
2167 3439 2307 3507 De-

138 3559 317 3647 nique
358 3558 448 3626 ob
492 3570 863 3637 astrorum,
911 3573 1115 3647 atque
1167 3557 1490 3638 aliarum,
1533 3579 1698 3646 quas
1749 3555 2011 3635 docuit,
2058 3558 2306 3623 artium

140 3676 455 3760 peritiam,
486 3672 680 3741 velut
726 3676 1112 3762 praeterita,
1153 3671 1514 3763 futuraque
1553 3674 1986 3762 prospiceret,
2046 3669 2309 3740 Bifrons

139 3785 368 3857 effictus
409 3811 712 3856 summos
756 3788 1035 3856 honores
1081 3790 1477 3877 promeruit.
1531 3790 1634 3854 Ac
1689 3789 1859 3854 inter
1911 3784 2078 3868 alia,
2133 3807 2309 3876 quoe

140 3903 333 3972 adhuc
377 3918 654 3986 extant,
696 3904 841 3992 ejus
898 3918 1330 3972 monumenta
1377 3926 1548 3969 esses
1602 3925 1822 3970 aereos
1865 3925 2176 3970 nummos
2218 3901 2309 3969 ab

142 4039 259 4086 nne
300 4033 487 4111 perte
528 4022 779 4099 Ianum
821 4022 1196 4111 geminum,
1243 4019 1334 4086 ab
1378 4018 1586 4086 altera
1630 4031 1915 4088 rostrum
1961 4020 2148 4087 nevis
2190 4016 2311 4085 he-
2377 4015 2382 4022 ’

141 4131 351 4208 benten
392 4155 805 4231 spectamus:
854 4162 993 4231 quo
1038 4160 1277 4229 magno
1325 4139 1674 4206 vetustatis
1727 4147 2118 4227 argumento
2169 4138 2309 4226 ipae
