2950 5017
885 451 1108 529 ⁴mnan
1147 450 1445 507 Quam-us
2124 441 2261 530 ²¹2⁵

30 573 246 638 ratis
303 581 639 661 praestare
686 569 1147 640 ostendissent:
1191 593 1395 662 qnare
1436 569 1851 663 Philippinus
1901 576 2263 661 insontem,

30 698 88 751 et
145 685 516 776 probatae
546 688 726 753 vitae
756 685 1093 754 hominem
1140 683 1425 754 interfici
1466 689 1751 754 curavit.
1795 688 2068 758 Roberti
2095 716 2267 783 quo·

30 825 182 891 [ue
284 801 621 871 Folleanis
683 800 1022 870 conciliati
1039 853 1060 884 ,
1127 814 1197 869 et
1263 802 1571 871 Ganussii
1634 803 1915 894 Regium
1983 807 2228 877 rediere
2241 857 2261 877 .

30 920 347 988 boi-ius
391 942 550 987 vero
591 918 777 987 urbis
828 931 1089 988 nostrae
1153 923 1450 1010 princeps
1502 922 1937 999 constitutus,
1979 925 2267 995 Hectore

28 1037 328 1102 amite
370 1034 615 1125 Panico
659 1033 1056 1103 Bononiensi
1071 1085 1092 1116 ,
1149 1037 1269 1125 qui
1311 1034 1757 1125 Allobrogum
1813 1037 2265 1128 cataphracto-

28 1174 218 1217 rum
279 1149 425 1218 alae
469 1162 794 1240 praeerat,
842 1152 1026 1218 urbis
1061 1149 1365 1220 Praetore
1402 1163 1652 1233 creato,
1681 1164 1916 1222 octavo
1960 1154 2265 1224 calendas

28 1265 462 1333 novembris
527 1265 813 1355 Regium
880 1267 1102 1334 venitz
1148 1288 1228 1333 ac
1271 1266 1629 1334 Herberiae
1685 1290 1835 1335 arce
1900 1269 1972 1335 in
2036 1270 2266 1358 primis

28 1378 461 1460 aedificata,
502 1403 639 1448 non
685 1378 903 1448 solum
973 1383 1147 1448 intra
1215 1381 1452 1449 urbem
1512 1383 1724 1463 cives,
1764 1382 1877 1449 sed
1941 1394 2010 1449 et
2074 1395 2266 1451 extra

27 1496 444 1587 oppidanos
473 1499 706 1563 misere
736 1493 1000 1564 afflixit.
1048 1495 1398 1566 Nobilium
1430 1501 1608 1565 enim
1644 1495 1962 1567 factiones
1990 1501 2264 1582 veritus,

27 1624 128 1677 ut
183 1611 379 1678 nulli
445 1615 515 1678 in
583 1610 813 1680 vicinis
883 1611 1066 1680 locis'
1107 1635 1179 1679 se
1242 1611 1473 1681 tuendi
1541 1612 1768 1681 locum
1837 1604 2305 1705 relinqueret(

41 1729 304 1816 primo
345 1725 717 1795 Castellum
763 1750 1014 1795 novum
1058 1751 1282 1796 mense
1337 1728 1687 1797 novembri
1727 1731 1797 1797 in
1842 1729 2263 1820 Regiensium

39 1842 428 1909 montibus
471 1842 705 1909 diruit:
750 1842 987 1910 deinde
1017 1843 1407 1911 ‘Mutiatella
1450 1866 1720 1934 quoque
1762 1843 1901 1914 solo
1945 1858 2262 1935 aequata,

46 1962 288 2026 etiam
335 1959 660 2027 Albineae
703 1962 966 2028 moenia
1009 1962 1273 2028 evertit.
1329 1960 1676 2030 Postremo
1719 1964 1788 2029 in
1835 1962 2104 2051 publico
2148 1985 2265 2052 pa-

41 2072 267 2155 latio,
316 2077 580 2163 portion
625 2086 780 2141 ante
824 2073 1184 2156 fabricata,
1230 2097 1300 2142 se
1344 2078 1624 2156 muniit,
1668 2087 1739 2142 et
1780 2088 1862 2142 ut
1907 2080 2178 2145 omnino
2220 2099 2264 2144 a

43 2194 118 2257 vi
202 2194 464 2260 civium
531 2214 601 2257 se
670 2203 899 2257 tutum
967 2189 1240 2272 faceret,
1284 2190 1611 2281 palatium
1658 2203 1850 2261 vetus
1893 2205 1963 2259 et
2005 2215 2262 2274 eorum,

51 2310 182 2396 qui
262 2311 337 2375 in
410 2305 552 2376 foro
617 2307 1051 2387 habitabant,
1096 2307 1292 2376 aedes
1350 2307 1496 2377 solo
1559 2311 1901 2399 aequavit,
1947 2333 2025 2376 ac
2068 2333 2262 2377 muro

49 2421 428 2489 obstructis
471 2444 646 2512 quae
713 2425 786 2489 in
853 2420 1072 2490 forum
1142 2421 1481 2490 ducebant
1524 2425 1682 2503 viis,
1725 2435 1797 2489 et
1840 2424 2098 2491 civibus
2139 2426 2262 2514 qui

58 2536 162 2602 ibi
207 2537 448 2606 domos
491 2537 833 2604 habebant
876 2537 1132 2623 ejectis,
1178 2541 1381 2604 etiam
1425 2539 1866 2606 conveniendi
1909 2552 2261 2606 consuetu-

56 2651 225 2719 dine
269 2652 522 2743 populo
564 2652 935 2721 interdixit.
980 2653 1236 2720 Tantae
1287 2654 1662 2721 acerbitatis
1718 2677 1915 2721 causa
1959 2653 2259 2722 Veneto-

63 2787 221 2833 rum
269 2769 474 2835 timor
518 2766 718 2835 fuisse
762 2767 1030 2848 dicitur,
1071 2770 1190 2858 qui
1235 2768 1638 2835 Florentinis
1680 2767 2020 2853 conjuncti
2063 2791 2260 2856 grave

69 2881 422 2972 Scaligeris
466 2883 720 2950 bellum
767 2883 1155 2951 intulerant.
1202 2884 1531 2950 Mastinus
1591 2886 1773 2950 enim
1830 2895 1896 2948 et
1941 2882 2260 2951 Albertus

77 2996 426 3080 Veronae,
454 2998 760 3078 Patavii,
786 2997 1169 3077 vicentiae,
1197 3010 1267 3063 et
1296 2997 1584 3065 Taurisii
1626 3001 1900 3088 imperio
1929 2999 2257 3080 Brixiam,

67 3112 426 3194 Feltriam,
496 3126 569 3180 et
632 3113 895 3180 Belluni
961 3115 1305 3180 civitatem
1374 3112 1780 3200 adjecerant:
1843 3137 2051 3205 nuper
2100 3137 2261 3182 vero

67 3227 351 3309 Parma,
397 3230 619 3310 Luca,
666 3240 736 3294 et
777 3229 1042 3296 Mutina
1084 3230 1284 3317 potiti
1329 3227 1411 3296 ad
1457 3252 1603 3296 eam
1652 3228 2059 3319 opulentiam
2115 3253 2260 3321 per-

70 3355 418 3426 venerant,
461 3356 540 3411 ut
582 3368 672 3410 ex
712 3344 947 3412 decem
993 3345 1276 3413 urbibus
1316 3345 1604 3413 subditis
1663 3345 2051 3437 oppidisque
2115 3368 2258 3436 sep-

69 3461 369 3552 tingenta
427 3484 776 3530 aureorum
841 3461 1239 3531 florenorum
1281 3460 1497 3529 millia
1539 3466 1898 3552 quotannis
1964 3466 2261 3553 percipe-

69 3589 248 3659 rent3
298 3599 505 3668 quem
547 3600 851 3660 censum,
878 3591 1133 3668 praeter
1166 3577 1521 3648 Gallorum
1565 3601 1783 3669 regem
1802 3630 1822 3659 ,
1851 3579 2080 3648 nullus
2107 3590 2258 3646 tum

77 3694 142 3759 in
185 3693 531 3785 republica
573 3693 934 3764 christiana
977 3695 1302 3764 habebat.
1373 3697 1495 3763 His
1557 3718 1775 3763 rerum
1848 3694 2256 3763 successibus

74 3807 226 3876 elati
299 3835 432 3880 non
503 3811 699 3880 modo
764 3811 1018 3879 Lucam
1063 3812 1461 3882 Florentinis
1492 3836 1604 3881 -ex
1662 3810 1933 3880 foederis
1976 3835 2257 3879 conven-

83 3927 256 3995 tione
299 3952 431 3997 non
479 3932 931 4010 restituerant,
961 3928 1076 3997 sed
1105 3931 1445 4020 occupatis
1484 3932 1688 3996 etiam
1715 3930 1953 3999 Fossae
1981 3927 2254 3997 Clodiae

82 4052 149 4107 et
186 4044 450 4113 Patavii
494 4044 722 4113 salinis
740 4096 759 4125 ,
803 4049 1032 4137 inique
1073 4045 1365 4117 Venetos
1407 4058 1840 4118 vexaverant.
1887 4046 2108 4129 Quare
2150 4042 2251 4110 illi

87 4180 234 4231 eum
298 4161 497 4231 Turri
563 4161 972 4247 Salinarum,
1031 4164 1340 4234 Castrum
1415 4166 1799 4246 Francum‚.
1842 4161 2253 4244 Conianum,
