2950 5017
962 433 1161 483 mma
1201 403 1477 483 mnus
2177 423 2304 515 149

114 557 430 654 repulsus
468 555 769 627 hostium
800 553 994 625 &illas
1034 555 1356 626 incendit.
1405 553 1672 626 <Deinde
1725 547 2093 643 Mutinam,
2146 583 2311 635 mox

105 675 417 768 Regium
458 670 800 765 profectus
850 670 934 738 ad
969 674 1338 743 'vastandos
1390 671 1852 742 rebellantium
1906 673 2310 765 populorum

107 813 310 882 agros
354 791 789 859 convertitur.
834 787 1025 855 Hanc
1068 786 1325 855 cladem
1370 787 1561 856 veriti
1604 786 1864 857 nobiles
1905 788 2311 875 Parmenses,

103 918 197 976 ut
237 907 697 1000 imperatoris,
742 906 856 972 eui
899 927 1160 994 semper
1187 902 1514 985 faverant,
1548 904 1906 976 adventum
1939 907 2314 991 audierunt,

107 1021 492 1114 Gunlpbis,
521 1025 736 1113 quise
764 1019 1174 1088 Placentiam
1216 1019 1637 1089 contulerunt
1650 1071 1672 1103 ‚
1701 1021 2008 1101 extrusis,
2035 1022 2311 1090 Frideri-

116 1161 288 1207 cum
325 1141 401 1205 in
442 1137 679 1204 urbem
711 1138 1041 1226 recipiunt
1069 1137 1169 1203 (¹).
1213 1136 1510 1203 Demum
1555 1135 1983 1205 Innocentius
2024 1135 2121 1207 IV
2150 1138 2320 1207 Pon·-

123 1250 301 1321 tifex
342 1264 448 1321 est
488 1250 859 1319 declaratus
884 1303 903 1331 ‚
931 1254 1052 1342 qui
1084 1254 1502 1341 gravissimus
1535 1250 1794 1320 Caesari
1827 1253 2077 1334 hostis,-
2093 1257 2320 1323 statim

121 1368 214 1437 ad
242 1366 620 1437 retinendos
649 1370 722 1434 in
758 1390 882 1435 sua
910 1365 1043 1434 fide
1074 1353 1329 1437 oiv'ium
1381 1371 1638 1436 animos
1678 1367 2128 1437 Mediolanum
2171 1392 2324 1438 con-

121 1484 382 1564 tendit,
423 1482 548 1551 uhi
599 1481 968 1550 Gerar-dum
1015 1484 1415 1573 Rangonum
1467 1474 1854 1574 Regiensem
1908 1485 2323 1567 Praetorem,

119 1602 250 1691 qui
289 1597 427 1667 fnit
466 1600 610 1686 ejus
653 1600 838 1667 urbis
881 1605 1402 1691 septuagesimus
1446 1604 1748 1691 quintus,
1794 1601 2046 1672 creavit
2077 1604 2142 1670 (²)
2163 1652 2182 1670 .
2227 1602 2325 1670 At

125 1716 328 1806 Regii
356 1715 625 1784 Praetor
645 1714 876 1782 Musca
906 1717 1410 1784 Lambertescus
1438 1718 2039 1808 Florentinus‚'qui
2069 1719 2332 1805 justitia

133 1833 408 1921 insignis
466 1831 874 1907 habebatur,
944 1855 1140 1899 muro
1204 1836 1376 1899 circa
1448 1836 1801 1902 civitatem
1871 1838 1948 1901 in
2015 1835 2330 1906 ducentos

131 1947 397 2014 cubitos
437 1957 805 2036 protracto,
852 1948 1055 2013 etiam
1109 1947 1376 2014 Livonii
1442 1959 1753 2036 portam,
1802 1961 1888 2015 ut
1931 1947 2334 2038 quibusdam

127 2062 378 2155 placet,
407 2065 823 2131 restauravit.
856 2062 988 2130 Via
1021 2062 1254 2130 deinde
1299 2063 1386 2128 ab
1433 2064 1598 2130 urbe
1630 2063 1989 2153 Regiolum
2035 2068 2331 2145 munita,

129 2191 201 2247 et
239 2190 518 2269 pontem
562 2200 760 2266 supra
805 2174 1048 2244 fossam
1092 2176 1439 2245 Taleatam
1489 2204 1574 2245 ex
1619 2180 1871 2245 tabulis
1925 2181 2332 2259 construxit,

130 2292 593 2384 oppidumque
645 2295 864 2381 ipsum
907 2290 1208 2380 Regioli,
1258 2290 1451 2377 cujus
1515 2295 1755 2359 turrim
1820 2294 1890 2358 in
1949 2291 2144 2360 ulnas
2186 2314 2337 2358 xxx

131 2407 524 2487 sustulerat,
553 2405 694 2473 lata
723 2418 791 2474 et
819 2402 1153 2496 profunda
1182 2402 1355 2473 fossa
1385 2406 1851 2474 circumdedit.
1898 2406 1964 2473 Is
2010 2410 2077 2474 in
2125 2406 2337 2473 alium

135 2546 389 2592 annum
457 2519 884 2590 confirmatus
948 2523 1136 2590 nonis
1208 2521 1498 2608 januarii
1567 2521 1848 2589 decessit
1868 2573 1889 2603 ,
1956 2523 2068 2589 cui
2130 2520 2336 2598 Jacob

136 2638 354 2716 Iudex
397 2637 718 2706 Lucensis
775 2634 1133 2716 suffectus,
1185 2645 1252 2702 et
1302 2638 1440 2725 ipse
1498 2659 1721 2703 mense
1775 2635 2114 2702 decembri
2157 2636 2335 2702 diem

136 2777 336 2824 suum
379 2753 574 2824 obiit.
621 2754 763 2821 Arx
807 2775 962 2823 vero
1023 2753 1273 2821 ibidem
1341 2757 1650 2843 sequenti
1720 2775 1893 2819 anno
1952 2775 1991 2817 a
2034 2751 2337 2817 Praetore

141 2869 356 2942 natio
392 2869 802 2938 Dolidrando
844 2869 1272 2939 Cremonensi
1318 2869 1593 2937 condita
1638 2866 1806 2947 fuit3
1854 2889 1991 2956 quo
2039 2878 2336 2955 ternpore

149 2984 462 3054 Nicolaus
523 2986 1011 3055 Maltraversius
1078 2999 1296 3054 noster
1363 2988 1728 3073 episcopus,
1797 2995 1876 3048 ut
1943 2982 2336 3050 Vicentinos

143 3098 415 3168 Caesari
453 3102 854 3183 conciliar‘et3
899 3103 970 3168 in
1012 3101 1443 3168 Germaniam
1494 3098 1576 3165 ad
1621 3097 2031 3165 Fridericum
2076 3095 2333 3186 legatus

141 3220 384 3287 missus
429 3218 729 3290 decessit.
774 3217 840 3286 Is
885 3220 1062 3309 pacis
1105 3216 1616 3285 studiosissimus
1661 3216 2106 3306 superioribus
2151 3215 2338 3281 annis

141 3337 344 3402 etiam
379 3333 777 3403 AEtiolinum
822 3333 1080 3399 Patavii
1127 3345 1490 3420 tyrannum
1543 3353 1694 3420 erga
1740 3330 2149 3400 Veronenses
2192 3325 2343 3419 pla·‘

139 3461 430 3518 caverat.
454 3449 561 3516 De
591 3447 892 3537 eligendo
920 3470 1283 3515 successore
1316 3470 1471 3513 cum
1503 3448 1576 3513 in
1607 3445 1770 3512 urbe
1799 3445 2333 3526 contenderetur‚

147 3564 288 3632 aliis
316 3557 730 3634 Gucdiolum
761 3562 1185 3631 Albriconem
1217 3562 1308 3630 D.
1339 3562 1642 3651 Prosperi
1671 3560 2162 3650 Praepositum,
2192 3559 2339 3628 aliis

145 3676 574 3747 Gulielmum
636 3675 1029 3748 Folleanum
1099 3675 1589 3768 postulantibus
1607 3726 1627 3754 ,
1695 3677 1930 3769 ingens
1995 3673 2337 3742 dissidium

149 3791 300 3863 fnit.
342 3793 715 3884 Utriusque
756 3793 989 3864 electio
1035 3795 1123 3864 o'b
1167 3796 1674 3868 controversiam
1705 3791 1820 3858 diu
1849 3793 2029 3861 irrita
2061 3785 2335 3874 mansit3

225 4080 312 4150 (r)
339 4080 532 4136 Bloud.
563 4080 656 4136 lib.
687 4096 804 4148 vu,
834 4081 941 4136 dec.
971 4100 1021 4136 r..
1113 4109 1118 4114 ·

225 4172 309 4242 (a)
339 4173 405 4226 In
440 4173 637 4229 Chron-
672 4172 953 4229 mediolan.
