2950 5017
572 457 585 468 ‚
657 391 745 474 46
1130 373 1140 384 ⁹
1392 412 1624 456 aarum
1684 413 2098 458 asscmxsmm

793 528 1104 630 AEmilius
1146 553 1227 600 co
1269 541 1533 612 monte,
1574 531 1746 622 jugis
1789 536 2027 601 nostris
2055 531 2379 613 subactis,
2414 531 2714 624 aliisque
2748 556 2872 622 po-

658 646 859 739 pulis,
884 649 1003 740 qui
1034 659 1196 717 tunc
1226 648 1500 738 Ligures
1531 631 1720 719 erant
1738 698 1758 730 ,
1788 649 2202 739 perdomitis,
2236 663 2307 717 et
2335 653 2471 741 ipse
2501 650 2868 719 Placentia
2941 711 2942 716 ,

662 768 882 848 viam,
922 791 1097 858 quae
1145 766 1513 834 Flaminiae
1570 767 2148 848 committebatur,
2194 751 2572 835 Ariminum
2632 789 2869 860 usque

654 889 918 968 stravit,
963 898 1033 953 et
1078 876 1288 954 totam
1349 886 1758 975 provinciam
1829 907 1870 951 a
1928 908 1997 952 se
2042 882 2385 954 AEmiliam
2429 891 2713 955 vocavit
2761 888 2865 953 (¹).

655 1004 901 1072 Nostra
940 1002 1216 1093 planitie
1261 1013 1412 1069 tum
1454 1001 1834 1091 paludibus,
1878 1016 1999 1071 aut
2044 1002 2257 1069 densis
2302 1005 2697 1071 nemoribus
2750 988 2864 1073 oc·

654 1133 938 1209 cupata,
980 1122 1089 1188 via
1158 1119 1243 1185 ad
1308 1118 1586 1187 collium
1632 1119 1882 1186 radices
1926 1132 2025 1194 est
2069 1118 2395 1201 deducta,
2440 1144 2615 1211 quae
2673 1123 2861 1208 agris

655 1248 884 1326 postea
948 1239 1287 1303 exsiccatis
1353 1249 1421 1303 et
1484 1234 1797 1317 excultis,
1850 1239 1920 1303 in
1968 1259 2122 1302 eum
2192 1236 2450 1314 locum,
2494 1238 2616 1305 ubi
2664 1262 2862 1305 nunc
2913 1275 2920 1280 ·

655 1358 914 1435 visitur,
957 1352 1279 1421 translata
1322 1351 1478 1420 fuit.
1546 1353 1803 1421 Deinde
1870 1354 1965 1421 M.
2014 1353 2359 1443 Philippus
2424 1357 2495 1422 in
2563 1356 2853 1445 Ligures

653 1472 974 1562 Apuanos
1018 1471 1534 1538 Bononiensium
1583 1471 1745 1561 juga
1801 1470 2085 1539 colentes
2145 1470 2511 1561 profectus,
2554 1487 2858 1563 quatuor

534 1667 543 1680 ί
652 1587 949 1654 militum
978 1585 1192 1653 millia
1223 1586 1476 1653 insidiis
1504 1589 1999 1655 circumventus
2030 1590 2271 1654 amisit.
2299 1589 2361 1655 A
2390 1602 2607 1678 strage
2634 1588 2854 1656 saltus

651 1703 769 1770 ille
812 1695 1039 1793 postea
1093 1703 1374 1770 Martius
1427 1715 1528 1768 est
1584 1714 1894 1771 vocatus.
1948 1701 2081 1769 Sed
2148 1727 2294 1784 eam
2358 1703 2679 1791 injuriam
2755 1704 2849 1771 M.

654 1818 1498 1910 Sempronius-Tuditanus
1528 1842 1806 1910 sequens
1836 1819 2121 1901 Consul,
2160 1824 2359 1887 caesis
2401 1821 2742 1903 hostibus,
2787 1834 2854 1887 et

605 2007 609 2011 ,
652 1937 815 2002 vicis
843 1935 1256 2024 castellisque
1303 1959 1532 2004 eorum
1576 1933 2303 2017 incensis,.vindicavit.
2338 1939 2457 2003 His
2488 1942 2702 2020 annis,
2740 1938 2845 2006 vel

652 2052 1087 2141 sequentibus
1131 2037 1427 2132 duobus,
1470 2052 1719 2141 quibus
1779 2053 2034 2121 bellum
2093 2076 2298 2143 prope
2366 2053 2485 2120 has
2552 2058 2846 2145 regiones

574 2228 584 2240 .
653 2168 1032 2259 gerebatur,
1079 2169 1414 2236 Praetores
1482 2168 1565 2235 ad
1631 2192 1747 2237 nos
1812 2173 2065 2238 venisse
2110 2195 2242 2239 non
2287 2172 2575 2240 invenio.
2632 2173 2844 2239 Lucio

653 2309 812 2354 vero
854 2285 1034 2363 Julio
1081 2289 1150 2353 in
1197 2285 1493 2353 Galliam
1540 2287 1840 2355 Praetore
1895 2290 2148 2368 misso,
2171 2288 2480 2354 Parmam
2525 2301 2595 2355 et
2639 2290 2846 2357 Muti-

606 2425 812 2468 ·nam
872 2401 1183 2469 binorum
1244 2402 1532 2469 millium
1578 2402 1850 2470 Civium
1896 2404 2349 2473 Romanorum
2418 2403 2731 2472 colonias.
2777 2409 2841 2471 in

653 2541 811 2585 eum
858 2541 1124 2608 agrum,
1155 2523 1274 2608 qui
1314 2531 1468 2585 ante
1498 2519 1914 2588 Thuscorum
1960 2532 2182 2610 postea
2224 2520 2536 2588 Boiorum
2583 2518 2839 2599 fuerat,

651 2636 883 2701 missas
943 2633 1146 2701 fuisse
1191 2635 1421 2701 Livius
1473 2635 1730 2703 scribit.
1778 2635 2038 2732 Octona
2088 2635 2319 2726 jugera
2373 2636 2638 2704 duobus
2692 2636 2841 2702 mil-

653 2749 833 2818 libus
884 2755 1002 2841 qui
1049 2751 1354 2817 Parmam
1414 2763 1773 2820 tenuerunt
1825 2755 2152 2843 assignata
2210 2751 2393 2819 fuere
2414 2805 2434 2834 ,
2479 2778 2653 2844 quae
2697 2778 2844 2821 sex·

651 2869 879 2957 decim,
933 2869 1224 2935 millium
1290 2869 1599 2959 jugerum
1658 2845 1995 2938 summam
2064 2868 2390 2964 efficiunt.
2460 2870 2662 2952 Aliis,
2730 2873 2844 2962 qui

650 2984 959 3051 Mutinae
1004 2986 1315 3061 collocati
1347 2998 1530 3067 sunt,
1561 2990 1767 3076 quina
1798 2987 2060 3076 jugera,
2093 2986 2257 3053 idest
2288 2987 2597 3054 omnibus
2642 2984 2841 3065 simul

650 3100 881 3166 decem
927 3102 1144 3167 millia
1189 3113 1366 3168 sunt.
1389 3103 1629 3170 divisa.
1676 3077 1985 3169 colonias
2016 3102 2376 3170 Triumviri
2406 3103 2497 3168 M.
2530 3083 2839 3169 AErnilius

534 3292 538 3296 .
651 3215 943 3304 Lepidus
1013 3230 1213 3282 antea
1279 3215 1585 3296 Consul,
1632 3216 1720 3280 T..
1762 3215 2055 3282 Ebutius
2099 3218 2311 3285 Carus
2338 3269 2358 3298 ,
2402 3219 2482 3284 L.
2528 3204 2842 3301 Quintius

651 3330 993 3420 Crispinus
1039 3332 1501 3400 deduxerunt.
1880 3419 1885 3425 Ι

676 3495 679 3500 -
792 3446 1022 3512 Rebus
1052 3449 1425 3536 provinciae
1453 3450 1549 3514 ita
1580 3449 1908 3537 dispositis
1938 3451 2231 3539 Lepidus
2265 3453 2625 3519 miseranda
2655 3457 2841 3517 ruina
2882 3537 2887 3543 ι

649 3550 983 3650 jacentem
1028 3564 1214 3653 Regii
1260 3565 1530 3645 urbem,
1574 3569 1891 3633 restitutis
1937 3566 2249 3638 aedificiis
2293 3570 2721 3637 instauravit.
2766 3566 2840 3634 Id
2929 3639 2932 3644 ³

651 3682 1007 3770 praecipue
1054 3705 1141 3747 ex
1183 3683 1464 3749 vetustis
1498 3681 1745 3757 Valerii
1781 3684 2004 3766 Probi,
2048 3686 2223 3751 inter
2267 3685 2557 3751 illustres
2601 3685 2841 3752 Gram-
2939 3693 2943 3700 ’

542 3824 551 3835 ’
649 3800 930 3865 maticos
975 3822 1016 3864 a
1059 3797 1451 3887 Tranquillo
1481 3800 1550 3866 (²)
1595 3800 1940 3881 celebrati,
1985 3804 2157 3869 notis
2203 3802 2522 3891 probatur
2566 3805 2688 3892 qui
2734 3800 2834 3866 bis

728 4060 811 4123 (ι)
847 4058 1012 4110 Strah.
1044 4058 1139 4128 lib.
1171 4059 1200 4109 5
1239 4058 1427 4127 Georg.

714 4151 810 4220 (a)
845 4150 1012 4236 Strab.
1047 4153 1110 4206 de
1145 4152 1295 4206 Viris
1329 4154 1489 4206 illust.
