2950 5017
912 410 1110 456 unna
1155 408 1497 457 sncuunus
2176 398 2302 465 103

88 537 292 602 etiam
366 533 719 602 Mutinam
771 543 842 600 et
882 532 1232 600 Mantuam
1301 537 1474 624 regia
1524 533 1921 604 liberalitate
1984 538 2301 609 obtinuit.

79 649 322 720 Eidem
381 648 680 728 Ioannes
732 647 863 715 XII
917 651 1093 718 circa
1137 673 1387 718 annum
1451 672 1749 719 nccccnx
1813 655 2016 721 etiam
2080 653 2308 723 Ferra-

79 771 248 836 riam
318 768 690 846 concessit,
750 764 869 831 ubi
938 788 1154 832 arcem
1223 788 1265 833 a
1330 789 1399 833 se
1466 765 1815 835 castellnm
1876 768 2303 840 Thedaldum

81 905 304 973 nsque
376 881 611 949 adhuc
680 879 1097 971 appellatum
1169 880 1581 951 aedificavit.
1626 882 1804 952 Cum
1849 908 2006 955 vero
2048 885 2309 957 Othoni

83 997 230 1067 filio
277 1001 528 1072 tertius
573 997 882 1083 ejusdem
933 999 1224 1070 nominis
1290 1021 1496 1089 nepos
1550 1004 1993 1084 successisset,
2035 1001 2310 1071 Herme-

88 1113 340 1182 naldns
385 1116 468 1181 in
511 1112 821 1203 Regiensi
863 1111 1176 1195 ecclesia,
1221 1110 1544 1183 defuncto
1588 1113 1954 1197 Adelardo,
1997 1116 2312 1187 suffectus

95 1226 262 1296 fnit:
328 1228 798 1319 ipsi—Mariae
845 1232 1078 1297 uxoris
1122 1229 1443 1319 precibus
1488 1231 1698 1320 plura
1739 1233 1907 1319 jura
1950 1239 2309 1301 concessit.

97 1345 162 1414 Is
213 1345 381 1415 Divi
454 1346 752 1435 Prosperi
819 1367 966 1415 ossa
986 1395 1005 1427 ‚
1049 1345 1263 1413 donec
1320 1350 1390 1414 in
1457 1349 1596 1414 ima
1662 1348 1825 1414 aede
1890 1350 2312 1418 scaturientes

103 1485 310 1553 aquas
379 1464 775 1542 exsiccaret,
818 1462 1076 1551 templo
1137 1465 1469 1543 extraxit,
1516 1475 1585 1530 et
1651 1466 1722 1530 in
1789 1464 2026 1531 urbem
2089 1464 2313 1534 delata

102 1602 280 1647 anno
323 1599 721 1647 noeccxcvrr
765 1581 834 1645 in
884 1578 1131 1664 majore
1174 1576 1334 1647 fano
1380 1579 1758 1669 deposuisse
1801 1577 2034 1648 fertur.
2079 1581 2315 1649 Caete-

107 1717 260 1762 rum
305 1698 378 1762 in
426 1693 637 1763 medio
682 1717 877 1784 opere
925 1696 1224 1763 extincto
1271 1694 1563 1783 praesuli
1609 1694 1923 1780 Thenzon
1972 1697 2315 1778 successit,

115 1815 236 1901 qui
282 1811 442 1878 Divi
484 1809 731 1878 Albani
779 1811 1047 1890 aedem,
1094 1834 1302 1900 quam
1349 1834 1388 1877 a
1433 1810 1614 1879 Divo
1658 1811 1960 1880 Maximo
2009 1815 2077 1880 in
2135 1813 2316 1881 urhis
2404 1807 2411 1816 ’

116 1927 392 1997 castello
451 1924 868 1995 aedificatam
925 1950 1065 1995 esse
1123 1949 1323 2018 supra
1381 1930 1784 2008 memoravi,
1829 1928 2008 2018 quod
2054 1931 2315 1996 ruinam

117 2047 478 2112 minaretur
497 2096 517 2126 ,
563 2044 647 2112 ad
702 2043 924 2114 solnm
979 2043 1227 2112 diruit:
1280 2041 1614 2138 aliamque
1673 2049 2025 2135 praeterito
2069 2046 2314 2114 Albani

117 2165 378 2230 nomine
413 2164 484 2230 in
516 2153 679 2231 Divi
709 2162 1009 2251 Prosperi
1045 2162 1437 2230 memoriam
1484 2160 1678 2252 longe
1722 2161 2109 2231 nobiliorem
2156 2187 2313 2231 cum

121 2293 341 2368 crypta
387 2282 705 2349 restituit.
751 2280 933 2347 Haec
976 2290 1206 2370 postea
1237 2279 1400 2347 Divi
1431 2278 1728 2369 Prosperi
1772 2302 1814 2347 a
1855 2277 2152 2360 castello,
2190 2282 2310 2348 ubi

121 2410 419 2464 extructa
464 2396 729 2479 fuerat,
755 2420 997 2466 nornen
1045 2397 1290 2463 tenuit.
1334 2394 1444 2461 Ad
1489 2395 1863 2485 augendam
1896 2421 2047 2467 vero
2081 2397 2313 2488 templi

128 2511 509 2601 dignitatem
556 2537 638 2583 co
681 2525 833 2582 octo
877 2514 1232 2604 primariae
1277 2511 1455 2580 aedis
1498 2516 1848 2582 canonicos
1891 2513 2313 2581 transtulisse

127 2627 386 2711 dicitur,
414 2632 536 2721 qui
583 2655 715 2698 non
760 2632 1032 2699 omnino
1077 2652 1118 2697 a
1161 2632 1377 2718 priore
1423 2625 1704 2719 collegio
1750 2631 2030 2719 separati
2075 2633 2146 2697 in
2195 2630 2317 2697 illo

130 2749 318 2813 etiam
362 2746 649 2838 eligendi
691 2746 981 2836 episcopi
1024 2746 1135 2832 jus
1178 2747 1596 2813 retinuerunt
1625 2747 1723 2825 (ὓς
1779 2758 1847 2813 et
1900 2746 2104 2813 hodie
2148 2770 2317 2836 quo·

135 2885 264 2951 que
292 2865 371 2931 ad
410 2867 763 2956 pristinum
795 2863 904 2952 jus
934 2864 1455 2933 conservandum
1502 2862 1755 2930 lituum
1805 2864 2084 2929 antistiti
2130 2885 2319 2952 prae-

137 2974 380 3060 ferunt,
405 2993 471 3048 et
497 2983 731 3050 sabato
775 3005 1014 3072 magno
1058 3003 1246 3047 suam
1268 3031 1288 3061 ,
1316 2979 1449 3046 hoc
1482 2990 1584 3046 est
1617 2981 1912 3059 tertiam,
1955 2978 2316 3048 lectionum

137 3108 381 3182 partem
442 3119 595 3164 cum
659 3096 804 3164 aliis
855 3093 1194 3165 sexdecim
1249 3094 1521 3180 majoris
1565 3093 1797 3184 templi
1842 3096 2181 3162 canonicis
2222 3119 2321 3162 re-

131 3213 348 3280 citant.
396 3211 641 3281 Evenit
685 3210 855 3282 forte
898 3213 1002 3280 his
1047 3212 1283 3279 diebus
1315 3210 1709 3301 Gregorium
1743 3210 1805 3276 V
1836 3233 2073 3300 genere
2106 3208 2316 3280 saxo-

136 3347 273 3394 nem
309 3331 603 3398 nominis
631 3329 1016 3396 Germanici
1062 3329 1314 3395 invidia
1359 3349 1401 3394 a
1444 3325 1766 3394 seditiosis
1811 3325 2126 3395 Romanis
2168 3326 2318 3393 sede

136 3438 496 3525 deturbari,
525 3456 597 3511 et
625 3444 975 3524 Ticinum,
1015 3467 1155 3533 quo
1197 3442 1526 3533 synodum
1569 3441 1937 3521 indixerat,
1968 3438 2313 3531 proficisci.

137 3553 202 3624 In
241 3562 478 3628 itinere
520 3560 803 3651 Regium
849 3562 1177 3650 ingressus
1221 3582 1380 3626 cum
1426 3558 1657 3626 decem
1704 3572 1774 3625 et
1818 3570 1969 3626 octo
1998 3556 2315 3624 Can-dina-

141 3669 319 3756 libus,
367 3675 735 3768 multisque
779 3676 1221 3768 praesulibus,
1270 3689 1338 3742 et
1382 3676 1634 3753 Joanne
1678 3676 2041 3743 Ravennae
2084 3672 2321 3740 Archi-

144 3791 426 3876 ptsesnle
474 3794 654 3883 apud
698 3805 996 3862 nostrum
1031 3796 1395 3862 antistitem
1427 3794 1733 3873 divertit,
1780 3814 1857 3858 ac
1902 3789 2130 3881 populi
2176 3813 2322 3879 pre-

144 3905 314 3977 eibns
358 3933 539 3978 nono
579 3909 894 3979 kalendas
939 3909 1257 3979 februarii
1304 3922 1749 3978 restauratum
1795 3906 2120 3999 templum
2165 3931 2322 3976 con-

207 4141 282 4217 (Ι)
320 4144 628 4200 noninim-
658 4145 726 4201 de
757 4163 798 4200 s.
836 4146 1152 4202 Geminium
1181 4146 1242 4201 in
1276 4165 1319 4202 c.
1352 4147 1469 4218 quis
1502 4149 1545 4216 §-
1574 4146 1669 4200 alt.
1702 4145 1767 4200 ds
1796 4144 2031 4215 praeben.
2065 4141 2124 4194 in
2157 4142 2207 4193 6.
