2950 5017
629 411 766 501 394
1385 429 1625 477 annun
1666 429 2088 478 metensium

760 549 940 617 Inter
963 547 1106 618 *has
1148 572 1366 620 rerum
1414 553 1764 618 varietates
1809 551 2015 644 Carpi
2072 552 2312 643 regulis
2367 558 2547 622 inter
2596 578 2671 621 se
2714 555 2851 624 dia-
2922 555 2923 594 ‡

627 665 1107 747 sentientibus,
1150 666 1506 735 Fracassus
1555 666 2028 736 Sanseverinus
2077 692 2158 737 eo
2214 668 2555 761 profectus
2605 671 2851 740 Albes-

631 796 778 850 tum
826 781 1022 849 Pium
1044 833 1064 863 ‚
1107 785 1228 873 qui
1271 795 1504 851 oontra
1534 782 1769 853 Gallos
1808 785 2173 866 sentiebat,
2215 786 2516 877 expulit,
2566 788 2845 856 multis-

625 922 762 991 que
806 902 1046 988 captis,
1087 898 1365 989 aliistpe
1407 898 1653 991 laqueo
1697 904 2024 991 suspensis
2070 904 2514 994 principatum
2543 902 2841 973 Giberto

626 1015 773 1104 ejus
842 1014 1077 1104 gentili
1126 1015 1533 1107 Ioannisque
1590 1015 1924 1086 Bentivoli
1989 1037 2230 1108 genero
2299 1016 2616 1087 tradidit.
2666 1020 2837 1088 Eam

623 1146 996 1224 opportune
1037 1132 1406 1225 occupandi
1463 1132 1648 1203 illius
1708 1132 1837 1203 loci
1901 1139 2321 1205 occasionem
2385 1151 2639 1205 nactus
2687 1140 2843 1207 Her-

623 1249 807 1317 cules
848 1250 1191 1318 Atestinus
1233 1273 1395 1318 oum
1440 1273 1693 1341 magna
1735 1253 2042 1342 equitum
2110 1253 2548 1345 peditumque
2626 1278 2837 1323 manu

621 1366 945 1459 oppidum
987 1380 1089 1436 est
1127 1369 1476 1459 ingressus,
1521 1382 1597 1437 et
1639 1368 1857 1457 ejecto
1903 1368 2187 1438 Giberto
2229 1371 2461 1440 locum
2505 1372 2651 1442 sibi
2700 1395 2845 1440 mu-

622 1488 819 1555 nivit.
861 1486 967 1553 Ita
1010 1485 1208 1554 rebus
1251 1509 1342 1553 ex
1392 1490 1726 1583 scatentia
1794 1479 2180 1579 compositis
2247 1489 2332 1556 ad
2400 1509 2618 1558 novas
2691 1488 2844 1558 ferri

622 1600 881 1673 fodinas
924 1602 1364 1693 inspiciendas
1407 1606 1478 1671 in
1509 1602 2032 1693 Carphinianam
2082 1608 2365 1673 transiit.
2415 1604 2625 1673 Unde
2674 1632 2847 1677 novo

621 1732 934 1790 vecturae
991 1721 1270 1788 invento
1310 1743 1446 1788 non
1493 1716 1713 1788 multo
1778 1733 1930 1810 post
1995 1722 2363 1811 pernicium
2428 1726 2845 1791 rusticorum

621 1835 918 1906 humeris
962 1849 1266 1926 portatus
1308 1835 1598 1927 Regium
1647 1841 1873 1917 venit,
1927 1850 1996 1904 et
2051 1852 2203 1929 post
2253 1839 2709 1929 quatriduum
2765 1842 2849 1908 ah

620 1954 855 2022 iisdem
883 1953 1148 2022 delatus
1175 1955 1545 2022 Ferrariam
1573 1954 1894 2022 discessit.
1927 1954 1983 2021 Ii
2014 1968 2204 2024 erant
2234 1956 2510 2043 juvenes
2555 1981 2845 2027 numero

622 2071 1065 2162 quadraginta
1096 2082 1285 2138 tanta
1317 2071 1673 2139 velocitate
1712 2086 2077 2152 currentes,
2123 2087 2203 2141 ut
2248 2078 2367 2142 vix
2408 2098 2450 2141 a
2496 2077 2851 2143 citissimis

621 2188 966 2280 equitibus
1027 2190 1296 2278 aequari
1358 2203 1651 2279 possent.
1697 2187 2052 2280 Sequentis
2101 2194 2257 2258 anni
2302 2193 2495 2260 initio
2543 2192 2842 2262 duorum

620 2308 981 2397 insignium
1037 2308 1335 2374 ,virorum
1395 2305 1596 2374 obitu
1660 2319 1912 2375 moesta
1978 2307 2261 2376 civitas·
2285 2306 2440 2376 fuit.
2503 2311 2841 2379 Antonius

623 2425 803 2491 enim
847 2421 1373 2502 Caccivillanus,
1417 2425 1540 2513 qui
1581 2422 1774 2513 Regii
1817 2423 2098 2506 latinas,
2143 2443 2538 2516 graecasque
2582 2426 2844 2495 litteras

621 2538 900 2630 publice
939 2538 1253 2618 docebat,
1295 2542 1581 2607 moriens
1626 2539 1935 2610 studiosis
1977 2534 2209 2630 ingens
2267 2545 2371 2609 sui
2430 2542 2842 2610 desiderium

623 2655 919 2747 reliquit.
964 2653 1315 2744 Philippus
1365 2677 1641 2746 quoque
1700 2655 1998 2724 Zobolus
2040 2656 2494 2726 Clomaeensis
2541 2659 2841 2728 Antistes

622 2795 711 2840 ex
757 2769 1058 2841 aedificio
1111 2770 1293 2861 quod
1346 2771 1705 2837 extruebat
1761 2751 2095 2862 delapsus·
2137 2772 2229 2842 ob
2294 2775 2621 2840 eximiam
2692 2796 2841 2864 erga

621 2912 850 2968 omnes
914 2886 1392 2955 liberalitatem
1461 2887 1737 2976 publico
1796 2910 1957 2953 cum
2012 2886 2238 2957 dolore
2280 2888 2588 2957 decessit.
2639 2890 2709 2957 Is
2752 2892 2842 2957 vi-

623 3027 786 3075 vens
828 3004 1239 3085 obtinuerat,
1271 3018 1350 3072 ut
1379 3003 1661 3074 Alberto
1691 3028 1789 3071 ex.
1808 3001 2037 3072 fratre·
2058 3008 2287 3095 nepoti
2315 3004 2477 3073 Divi
2510 3005 2839 3095 Prospere,

623 3122 821 3208 cujus
850 3120 1082 3188 Abbas
1114 3133 1293 3199 erat,
1317 3121 1725 3189 coenobium
1771 3122 2378 3203 commendaretur‚'
2404 3124 2565 3212 qui,
2597 3136 2837 3214 patruo

623 3236 859 3306 funere
902 3237 1107 3318 elato,
1149 3229 1336 3327 quod
1376 3238 1639 3307 nullam
1709 3238 1930 3310 adhuc
1995 3239 2158 3307 loei.
2196 3243 2675 3330 possessionem
2726 3242 2831 3308 ha-

623 3349 917 3437 buissetj,
963 3355 1243 3446 expulsa
1298 3378 1484 3423 sacra
1550 3354 1807 3424 familia
1865 3357 1994 3425 sub
2058 3356 2286 3425 lucem
2356 3363 2830 3427 monasterium

624 3473 906 3553 invasit,
951 3471 1127 3538 unde
1189 3471 1596 3542 atrocissima
1656 3487 1882 3564 postea
1930 3474 2025 3541 lis
2086 3487 2315 3544 exorta
2384 3471 2528 3542 fere
2594 3477 2826 3546 urbem

624 3559 1123 3681 perdiditssNec
1190 3586 1411 3666 multo
1478 3602 1632 3679 post
1685 3591 1972 3681 Regium
2034 3594 2435 3668 nunciatum
2477 3603 2584 3660 est
2628 3592 2828 3659 Bubi-

622 3732 791 3777 num
850 3706 1340 3776 Brixilliensem
1358 3757 1377 3787 ,
1437 3709 1785 3798 aggeribus
1843 3710 2219 3798 Crustumii
2283 3708 2427 3778 solo
2489 3715 2828 3801 aequatis,

623 3826 965 3899 undassin
1028 3824 1449 3914 Regiensium
1519 3849 1788 3916 campos
1852 3830 2210 3915 sparsisse3
2253 3847 2462 3915 quate
2507 3826 2826 3894 Ludovici

628 3940 960 4023 Malvetii,
1006 3924 1280 4019 -Joann'is
1326 3942 1630 4009 Andreae
1673 3941 2110 4023 Turricellae,
2158 3956 2226 4008 et
2268 3942 2545 4019 Joannis
2606 3943 2826 4011 Ludo·-

527 4113 534 4121 .
629 4062 757 4126 vici
802 4058 1029 4125 aedilis
1070 4039 1259 4144 jussu
1298 4057 1564 4148 pulsata
1607 4079 1931 4149 campana
1977 4059 2064 4126 ad
2111 4083 2294 4128 arma
2322 4071 2426 4126 est
2455 4057 2825 4127 conclama*

627 4191 801 4244 tum.
863 4173 1230 4248 Praeennte
1287 4190 1585 4266 praetore
1627 4195 1785 4258 cuin
1852 4177 1938 4244 ad
2004 4176 2231 4247 locum
2288 4187 2569 4246 ventum
2616 4188 2819 4255 esset,
