2950 5017
717 404 848 492 3¹20
1469 417 1711 465 aarum
1759 419 2187 465 auciensium

713 537 1076 635 spectanda
1121 537 1361 609 aulaea
1403 563 1488 608 ac
1536 540 1761 630 plures
1807 561 1972 611 auro
2017 531 2354 633 affiniaque
2401 537 2686 632 rigentes
2719 558 2849 614 vesta

715 683 852 729 non
919 661 1059 727 sine
1132 660 1438 728 omnium
1509 658 1949 728 admiratione
2019 659 2429 725 visebantur.
2501 657 2850 730 Instrumenta

719 778 950 847 omnia
993 776 1247 865 quibus
1292 773 1483 864 ligna
1527 776 1664 861 igni
1710 777 2023 863 imposita
2056 774 2167 840 vel
2196 778 2645 855 sustinentur,
2673 775 2853 845 velmo-

722 903 1003 973 ventur,
1049 888 1413 957 familiares
1485 868 1690 956 sellae
1762 913 1919 956 cum
1992 892 2209 957 aureis
2256 893 2471 970 vasis,
2535 913 2702 980 quae
2748 894 2851 960 intus

722 1021 1155 1080 excrementa
1198 1007 1661 1097 excipiebant,
1709 1031 1795 1074 ex
1839 1006 2055 1076 solido
2101 1021 2373 1097 argento
2421 1008 2733 1075 conflatae
2764 1032 2852 1076 con·

725 1125 1202 1216 spiciebantur.
1249 1121 1490 1193 Solum
1540 1124 1795 1213 ubique
1840 1125 2035 1213 pictis
2067 1127 2307 1213 tapetis
2334 1135 2633 1191 stratum
2661 1148 2850 1214 canopea

724 1263 814 1308 ex
859 1239 1169 1311 bombice
1214 1242 1524 1308 coccinea
1575 1243 2076 1328 peristromata,
2109 1252 2179 1306 et
2211 1242 2512 1329 pretiosa
2558 1240 2852 1329 ubiqueuu·

729 1358 959 1450 pellex
1031 1354 1436 1426 Pontifieiae.
1491 1358 1830 1446 dignitatis
1882 1358 2332 1444 'majestatem
2406 1355 2853 1435 venerabiliorem

730 1474 1101 1543 faciebant.
1147 1474 1471 1543 Postridie
1528 1474 1675 1559 ejus
1732 1474 1864 1540 diei
1885 1526 1905 1555 ,
1950 1498 2087 1564 quo
2149 1475 2575 1542 Pentecostes
2635 1472 2853 1541 solemn&

730 1591 1130 1676 celebranda
1176 1605 1399 1672 erant,
1435 1614 1634 1658 aurea
1672 1605 1851 1659 veste
1896 1596 2311 1683 gemmisque
2354 1605 2429 1659 et
2477 1591 2747 1681 superbis
2777 1614 2857 1657 mo·

731 1709 987 1778 nilibus
1031 1712 1393 1799 conspicua
1437 1711 1611 1776 inter
1656 1709 1823 1777 duos
1864 1714 2037 1779 viros
2067 1709 2457 1777 cardinales
2507 1708 2770 1798 pluribus
2796 1730 2855 1773 oo-

733 1828 1137 1896 mitantibus
1181 1849 1419 1917 sponsa
1467 1825 1553 1893 ad
1598 1827 1759 1893 Divi
1808 1827 1989 1895 Petri
2047 1827 2378 1917 templum
2447 1851 2642 1893 mane
2686 1836 2764 1891 est
2796 1823 2856 1888 de·

736 1960 957 2016 vecta.
1002 1945 1106 2014 Ibi
1154 1943 1447 2013 sublime
1496 1943 1795 2012 tribunal
1825 1945 1910 2013 ad
1942 1944 2015 2014 id
2048 1958 2356 2035 paratum
2389 1942 2727 2013 ascendens
2747 1962 2855 2006 saca

738 2061 1189 2131 celebrantem
1235 2058 1625 2129 Pontificem
1675 2060 1970 2143 audivit,
2012 2074 2085 2130 et
2135 2062 2264 2128 sub
2318 2060 2662 2129 meridiem
2697 2054 2854 2124 Suan-

741 2204 869 2249 nae
914 2179 1227 2248 historiae
1273 2177 1358 2245 ad
1403 2178 2016 2247 commendandam
2070 2181 2454 2247 castitatem
2510 2178 2778 2247 recitatae
2802 2172 2855 2237 in·

741 2294 1005 2367 tei-fuit.
1052 2296 1312 2364 Deinde
1353 2320 1394 2364 a
1442 2294 1640 2366 Sixto
1683 2295 2007 2366 Pontifiee
2050 2299 2121 2365 in
2168 2296 2424 2384 majore
2476 2294 2631 2364 aula
2667 2287 2855 2382 splendi-

744 2415 1016 2483 dissime
1061 2414 1339 2505 prandio
1384 2429 1658 2506 accepta
1702 2413 1869 2496 fuit,
1914 2415 2036 2482 ubi
2079 2417 2309 2506 ingens
2354 2414 2774 2483 abacus-auro
2802 2427 2857 2472 ατ·

744 2543 1082 2625 genteque
1127 2531 1389 2600 caelato
1460 2543 1532 2598 et
1600 2530 1985 2599 lucentibus
2053 2534 2333 2622 gemmis
2377 2531 2565 2599 dives
2618 2550 2729 2595 non
2777 2524 2857 2589 siue

742 2671 987 2741 magna
1031 2652 1337 2739 gentium
1388 2647 1832 2716 admiratione
1876 2650 2325 2738 spectabatur.
2372 2648 2557 2716 Ante
2604 2643 2784 2713 omnia
2810 2657 2857 2702 ΘΧ

741 2788 1010 2834 saccaro
1055 2768 1237 2832 varie
1282 2765 1636 2834 conditum
1707 2778 1778 2832 et
1844 2764 1931 2832 ad
2000 2764 2307 2854 decorem
2356 2788 2522 2833 auro
2566 2766 2860 2834 exornatum

744 2883 1357 2972 jentaculumcum
1391 2886 1549 2951 vino
1578 2882 1845 2952 Cretico
1875 2883 2260 2954 exhibitum
2292 2881 2467 2963 fuit3
2501 2890 2705 2972 postea
2733 2869 2859 2943 odon

751 3002 1012 3093 limpha
1058 3002 1374 3070 manibus
1420 2999 1680 3082 infusa,
1725 3001 1847 3067 ubi
1894 3001 1989 3067 ad*
2025 3004 2318 3070 mensam
2370 2999 2590 3069 sedere
2628 2999 2686 3062 in
2724 2986 2862 3058 aureiss

750 3123 1206 3218 argenteisque
1252 3122 1461 3200 vasis,
1494 3119 1595 3186 his
1625 3142 1802 3209 quae
1850 3119 2060 3188 abaco
2105 3120 2417 3208 imposita
2464 3125 2644 3185 erant
2679 3102 2858 3177 intactiss

745 3237 1020 3318 relictis,
1067 3240 1411 3307 universae
1456 3237 1658 3327 dapes
1704 3236 1961 3317 allata·
1994 3235 2201 3305 fuere.
2248 3234 2567 3305 Diversae
2612 3215 2860 3299 insuram

750 3356 984 3420 cereris
1031 3351 1290 3421 formae
1340 3355 1720 3442 appositae,
1767 3377 1845 3421 ac
1890 3353 2112 3421 nuclei
2164 3355 2344 3444 pinei
2397 3350 2653 3441 aliaque
2685 3354 2859 3410 880011ῐο

752 3469 1022 3536 condita
1066 3482 1134 3538 et
1180 3493 1342 3538 auro
1389 3468 1566 3535 illita
1608 3469 1935 3538 dulciaria
2002 3472 2359 3561 praemissa
2422 3463 2641 3545 fuere3
2677 3453 2854 3529 nullum

756 3585 1043 3677 denique
1087 3585 1439 3676 epularum
1487 3610 1691 3677 genus
1722 3586 1942 3656 defuit
1971 3587 2153 3680 quod
2185 3599 2375 3656 tanto
2419 3582 2705 3656 convivio
2739 3567 2856 3639 exhi·

753 3701 1055 3772 bendum
1101 3703 1257 3776 fuit.
1305 3704 1666 3772 Prandium
1698 3705 1881 3796 quod
1912 3705 2064 3797 plus
2109 3707 2346 3795 viginti
2391 3701 2674 3772 millibus
2706 3704 2853 3759 mr&

749 3847 905 3891 rum
937 3827 1238 3892 constitit
1281 3824 1455 3892 ludis
1500 3828 1905 3916 interpositis
1936 3828 2006 3894 in
2035 3837 2291 3917 septem
2321 3824 2518 3893 horas
2553 3815 2849 3912 pertm'm

753 3937 910 4007 fuit.
957 3941 1247 4024 Ministri
1293 3947 1558 4033 saepius
1590 3955 1802 4012 vestes
1835 3955 2153 4026 mutasse,
2183 3956 2253 4012 et
2281 3965 2458 4010 escas
2488 3959 2647 4032 quae
2673 3915 2850 3997 abun&

752 4055 1225 4147 superfuerunt
1277 4061 1527 4151 populo
1572 4061 1829 4129 dedisse
1873 4059 2213 4130 feruntur.
2279 4057 2461 4127 Illud
2527 4060 2592 4124 in
2648 4032 2845 4118 ,mundis

749 4177 997 4245 mensis
1049 4177 1489 4267 spectandum
1546 4176 1713 4261 fuit,
1759 4179 1947 4269 quod
2012 4191 2277 4247 statuae
2344 4177 2672 4245 hominum
2721 4162 2849 4227 ὶΰδω
