2950 5017
894 465 1095 529 mann
1139 466 1437 523 ouast
2128 423 2261 549 aa9

22 586 312 676 praelio
344 585 756 690 Parmenses
772 589 1133 679 profligati
1159 589 1388 680 fuere.
1409 630 1414 635 -
1433 589 1731 660 Centum
1759 596 2056 684 primarii
2085 599 2261 668 cives

32 716 112 769 et
153 702 398 792 plures
442 703 560 770 alii
589 725 748 771 cum
780 702 1054 773 Simone
1084 705 1406 775 Canussio
1436 709 1608 775 caesi
1623 759 1644 789 ,
1672 709 1712 785 J
1716 711 1959 781 aeobus
1986 711 2267 785 Roscius

34 817 389 886 Gulielmi
435 818 654 901 filius,
698 832 767 888 ct
814 822 1145 889 innumeri
1198 825 1378 912 cap'ti
1423 820 1653 891 fueret
1702 829 2008 895 universa
2050 831 2269 919 supel-

31 932 186 1017 lex,
217 939 515 1005 tentoria
544 937 876 1024 jumenta,
908 937 1520 1028 impedimentaque
1552 943 1776 1011 omnia
1807 942 2268 1015 Parmensium

35 1050 361 1143 direpta:
409 1050 740 1142 fugientes
796 1075 1010 1143 usque
1055 1053 1143 1120 ad
1199 1060 1426 1143 portas
1484 1066 1753 1124 secutus
1796 1057 2118 1127 Gibertus
2160 1085 2270 1129 ur-

35 1166 215 1233 bem
235 1218 258 1249 ,
326 1166 628 1237 Giffredo
696 1167 1028 1237 Turriano
1095 1162 1572 1259 Guelphorum
1649 1174 1943 1262 principe
2008 1185 2271 1242 strenue

37 1294 320 1365 tuente,
362 1285 670 1353 obtinere
714 1309 850 1354 non
895 1287 1143 1376 potuit.
1188 1286 1469 1368 Parmae
1514 1311 1647 1356 non
1695 1291 1819 1357 nisi
1865 1312 2265 1379 puerorum,

45 1420 432 1490 senumque
498 1398 798 1490 ploratus
869 1413 940 1468 et
1010 1400 1368 1471 mulierum
1438 1402 1737 1488 ejulatus
1781 1403 2270 1488 audiebantu13

47 1538 180 1581 nec
223 1515 396 1585 alios
441 1519 652 1608 magis
696 1540 905 1608 quam
951 1518 1398 1600 Mutinenses,
1441 1542 1612 1608 quos
1660 1516 1892 1591 fratres
1936 1520 2274 1611 appellare

51 1646 545 1700 consueverant
565 1685 586 1715 ,
632 1634 822 1701 velut
889 1633 1167 1725 perfidos
1235 1635 1677 1703 accusabant.
1723 1636 1884 1705 Post
1929 1650 2082 1706 octo
2131 1637 2272 1706 dies

63 1772 282 1838 quam
325 1752 607 1819 victoria
652 1754 906 1841 potitus
954 1763 1057 1818 est
1100 1751 1436 1841 corrigias
1495 1775 1731 1842 pacem
1779 1752 2083 1822 hostibus
2130 1754 2277 1844 pol-

57 1868 302 1935 licitus
341 1870 408 1934 in
451 1868 691 1935 urbem
737 1870 1077 1958 recipitur.
1137 1868 1364 1937 Primo
1409 1871 1500 1936 in.
1525 1869 1883 1937 servandae
1928 1868 2085 1937 fidei
2129 1894 2274 1962 spe·-

63 1987 241 2051 ciem
287 1983 630 2093 Guelphos
676 2009 904 2054 omnes
966 1988 1215 2075 patriae
1268 1988 1596 2068 restituit,
1662 1986 1776 2054 sed
1844 2011 1979 2057 non
2052 1986 2271 2057 multo
2396 2026 2401 2031 ·

65 2113 217 2192 post
285 2101 737 2192 undetriginta
803 2101 1275 2192 perduellionis
1319 2127 1463 2172 reos
1508 2106 1687 2171 cives
1737 2105 1947 2191 securi
2003 2127 2270 2194 percus-

65 2222 150 2285 sit
180 2220 275 2287 (¹).
329 2219 601 2287 Roscios
647 2233 718 2286 et
760 2220 1014 2310 Lupios
1057 2221 1303 2310 quibus
1351 2223 1629 2288 minime
1680 2218 1931 2288 fidebat
1985 2224 2269 2312 turpiter

71 2336 300 2423 ejecit,
344 2348 416 2403 et
467 2335 834 2426 Ugolinum
904 2335 1332 2404 Manfredum
1402 2337 1699 2406 Taddaei
1759 2337 1980 2406 filium
2048 2362 2274 2406 mense

73 2466 352 2541 augusto
395 2453 676 2522 Parmae
733 2456 804 2521 in
874 2453 1216 2521 biennium
1266 2451 1612 2545 praefecit.
1661 2454 1805 2522 Nec
1851 2454 2071 2524 multo
2117 2467 2268 2545 post

71 2566 483 2636 Bartolinum
554 2592 595 2635 a
660 2569 872 2636 Turre
925 2582 1364 2660 cognomento
1409 2554 1795 2641 Rondinum
1851 2571 2272 2660 Regiensem,

75 2683 267 2752 Petro
329 2683 790 2767 Mancasolac,
856 2687 976 2775 qui
1044 2690 1105 2752 ei
1177 2686 1504 2754 assederat
1523 2737 1541 2767 ,
1586 2683 1934 2766 defuncto,
1981 2682 2274 2755 suffecit.

75 2798 391 2890 Ugolinus
435 2800 715 2868 Roscius
766 2825 926 2868 cum
992 2804 1129 2870 suis
1194 2802 1639 2871 sectatoribus
1683 2801 1984 2890 Burgum
2032 2798 2269 2867 Sancti

75 2914 363 2983 Donnini
402 2938 473 2983 se
517 2915 831 2998 contulit,
874 2916 1053 2984 unde
1102 2915 1389 2986 Gibcrto
1448 2940 1653 3007 grave
1701 2914 1983 2990 ,bellum
2031 2910 2275 2982 inferre

77 3034 321 3122 coepit.
987 3008 998 3020 ι

203 3148 477 3216 Interim
509 3147 816 3218 Bantiola
848 3173 889 3216 a
915 3150 955 3226 J
958 3149 1166 3218 acobo
1197 3147 1469 3218 Senatio
1500 3173 1588 3217 ex
1618 3147 1935 3239 Guelpha
1979 3147 2275 3217 factione

83 3262 336 3331 homine
367 3264 628 3332 decimo
656 3267 896 3355 quinto
924 3264 1238 3332 calendas
1270 3267 1534 3355 augusti
1566 3276 1918 3355 occupata,
1952 3263 2277 3334 Gibertus

85 3402 158 3445 ex
225 3379 762 3461 Mutinensibus,
832 3379 1252 3463 Mantuanis,
1330 3383 1399 3449 c't
1466 3382 1907 3471 Regiensibus
1983 3380 2271 3450 conflato

84 3496 365 3561 exercitu
425 3494 779 3561 castellum
846 3506 1231 3585 recepturus
1261 3520 1377 3571 ,eo
1444 3495 1823 3565 contendit.
1887 3496 2288 3591 Franciscus⁴
2355 3530 2363 3540 ·

85 3607 479 3699 Halaspina,
526 3622 598 3676 et
643 3608 853 3699 aliqui
908 3633 995 3677 ex
1045 3609 1417 3692 Folleanis,
1459 3623 1530 3677 et
1570 3608 1936 3678 Manfredis
1981 3610 2274 3680 diversae

88 3719 376 3793 factionis
421 3726 545 3793 viri
589 3728 928 3816 suppetias
975 3725 1294 3807 tulerant,
1338 3727 1743 3817 quibuscum
1794 3724 2045 3816 praelio
2090 3748 2274 3793 com-

90 3842 268 3912 misso
308 3842 646 3932 Corrigius
690 3842 1162 3932 quadrigentos
1209 3866 1296 3911 ex
1339 3844 1483 3910 suis
1538 3846 1797 3928 amisit,
1844 3865 1922 3910 ac
1966 3841 2280 3911 Parmam

159 4214 232 4285 (ι)
261 4213 346 4270 Jo.
385 4214 581 4270 villan.
611 4215 706 4270 lib.
738 4232 877 4285 vm,
910 4233 954 4270 e.
985 4216 1070 4286 93.
