2950 5017
703 410 798 498 9ss
1451 371 1695 474 aaran
1730 427 2146 476 nummum
2338 337 2373 368 ⁸·

711 557 986 614 vocatus
1050 541 1329 615 feliciter
1396 545 1797 637 profligavit.
1845 547 1910 616 Is
1953 552 2306 639 imperator
2356 550 2688 637 sequenti
2733 573 2871 618 anno
2904 577 2905 624 ς

699 660 1098 742 declaratus,
1129 663 1310 730 urbis
1341 665 1545 730 etiam
1579 677 1835 732 nostrae
1879 666 2236 754 imperium
2269 663 2611 732 obtinuit.
2651 666 2710 731 A
2738 664 2871 733 Lon·

698 778 1002 867 gobardis
1056 781 1285 869 itaque
1340 780 1424 846 ad
1471 779 1737 861 Gallos,
1783 806 1825 847 a
1867 781 2087 848 Gallis
2139 777 2228 848 ad
2273 780 2661 849 Germanos
2719 781 2868 854 deve-

700 897 939 963 nimus.
971 894 1250 966 Carolus
1278 919 1435 964 cum
1467 899 1659 965 annis
1686 897 2037 966 duodecim
2064 901 2481 987 imperasset,
2505 897 2601 966 ob
2630 900 2865 987 corporis

699 1012 1165 1102 pinguedinem
1213 1012 1559 1082 laboribus
1602 1016 1855 1103 impar,
1899 1013 2330 1104 Arnnlphum
2377 1011 2863 1091 fratris,filinm,

697 1132 816 1217 qui
873 1142 943 1195 et
993 1132 1130 1219 ipse
1193 1133 1381 1198 annis
1438 1129 1793 1198 duodecim
1853 1133 2244 1221 imperavit,
2289 1131 2654 1199 Gaesarem
2697 1141 2861 1196 creat.

703 1249 878 1313 Huic
906 1247 1289 1316 Ludovicus
1319 1246 1498 1315 filius
1542 1250 1612 1314 in
1656 1250 1933 1337 imperio
1978 1260 2078 1315 est
2123 1248 2557 1337 subrogatus.
2606 1247 2856 1313 Demum

696 1367 1122 1456 Berengarius
1166 1365 1320 1431 Fori
1378 1366 1416 1442 J
1423 1363 1542 1430 ulii
1611 1368 1914 1454 princeps
1965 1389 2053 1431 ex
2096 1364 2562 1455 Longobardis
2630 1363 2861 1430 ducibus

705 1463 924 1548 adbuc
969 1492 1294 1570 superstes
1310 1530 1332 1561 ,
1361 1493 1429 1547 et
1458 1504 1544 1546 ex
1573 1480 1946 1570 Adelperga
1989 1481 2309 1548 Desiderii
2354 1483 2537 1570 regis
2582 1478 2715 1546 filia
2752 1501 2858 1566 pro-

696 1609 960 1686 gnatus,
991 1600 1252 1664 avitum
1282 1598 1641 1685 imperium
1671 1598 1873 1663 armis
1902 1609 2197 1686 repetere
2227 1598 2617 1665 constituit.
2646 1593 2858 1681 Ingenti

697 1718 896 1805 igitur
924 1727 1153 1784 coacto
1183 1717 1480 1783 exercitu
1508 1713 1937 1782 Ludovicum
1985 1718 2199 1803 primo
2244 1714 2506 1804 praelio
2545 1712 2854 1801 superavit,

698 1857 861 1899 mox
903 1842 1216 1899 renovata
1261 1832 1398 1898 acie
1444 1826 1629 1919 apud
1674 1828 2007 1896 Veronam
2053 1842 2354 1919 captum,
2377 1827 2637 1908 oculis,
2664 1837 2726 1891 et
2753 1824 2854 1889 Ita·
2904 1921 2905 1924 Ἴ

694 1949 826 2015 liae
891 1950 1165 2037 imperio
1233 1951 1467 2013 misere
1536 1944 1881 2034 spoliavit.
1931 1944 2078 2013 Alii
2145 1949 2418 2014 tradunt
2488 1944 2852 2012 Ludovioum

697 2065 890 2130 kunc'
905 2086 951 2130 a
977 2064 1390 2150 Berengario
1424 2075 1699 2150 captum
1733 2062 2022 2130 Bos-onii
2052 2062 2461 2131 Provinciae
2494 2064 2667 2149 regis
2677 2058 2851 2146 filium

680 2181 935 2270 fuisse,
983 2192 1049 2246 et
1092 2200 1174 2247 ea
1217 2181 1602 2247 conditione
1639 2183 2015 2264 dimissum,
2049 2192 2124 2246 ut
2169 2183 2241 2245 in
2286 2178 2575 2245 Italiam
2617 2174 2850 2262 amplius

698 2319 835 2364 non
900 2297 1160 2363 rediret.
1229 2294 1686 2378 Quamobrem
1761 2306 1912 2384 poet
1981 2317 2231 2362 annum
2277 2316 2316 2361 o
2358 2317 2574 2383 qnam
2620 2286 2848 2357 Carolus

698 2411 984 2499 Magnus
1024 2408 1258 2476 Italiae
1300 2432 1499 2499 regno
1543 2411 1796 2499 potitus
1841 2408 2087 2490 fuerat,
2130 2431 2353 2476 rursus
2400 2411 2469 2476 in
2520 2402 2847 2493 Langobar·

700 2527 940 2595 dorum
984 2525 1308 2594 ditionem
1355 2528 1593 2593 reversi
1638 2548 1869 2593 sumus
1901 2525 2001 2593 (¹).
2046 2524 2475 2614 Berengarius
2521 2522 2742 2591 Italiae
2775 2538 2847 2581 re·

700 2666 942 2733 gnum,
987 2642 1169 2731 quod
1228 2641 1320 2709 ab
1385 2665 1562 2710 anno
1607 2641 1841 2709 salutis
1884 2644 2147 2710 circiter
2189 2663 2564 2721 mcccvnr,
2607 2650 2687 2703 ut
2716 2631 2847 2700 Mat-

699 2757 936 2826 thaeus
978 2757 1344 2825 Palmerius
1397 2757 1786 2838 arbitratur,
1835 2757 1981 2838 vel,
2028 2769 2109 2824 nt
2161 2756 2457 2825 Blondus
2527 2752 2844 2822 existimat,

699 2875 787 2942 ab
830 2899 1005 2944 anno
1047 2897 1331 2943 ncooxcr
1373 2888 1763 2966 occuparat,
1807 2874 2097 2943 secundo
2143 2874 2538 2962 Berengario
2590 2864 2842 2953 reliquit·

698 2992 1125 3081 Imperabant
1169 3004 1330 3058 tunc
1378 2995 1693 3082 temporis
1721 2991 1847 3058 sub
1875 2989 2277 3059 Marchionis
2311 2990 2516 3062 titulo
2548 2982 2844 3054 Alhericus

698 3110 770 3174 in
815 3109 1123 3174 Hetrnria
1189 3120 1258 3173 et
1308 3107 1627 3175 Albcrtus
1687 3108 1815 3173 suh
1857 3107 2052 3174 ducis
2118 3110 2389 3176 nomine
2433 3102 2718 3195 Spoleti,
2752 3089 2841 3181 qui

700 3223 1071 3311 Berengarii
1100 3225 1238 3289 vim
1285 3225 1616 3302 timentes,
1645 3220 2084 3310 Rodulphum
2114 3224 2516 3299 Heduorum
2546 3231 2617 3286 et
2645 3214 2843 3299 Sequa·

597 3372 599 3375 >
701 3361 967 3417 norum,
996 3360 1162 3427 quos
1191 3360 1370 3403 nunc
1396 3336 1902 3427 Burgundiones
1945 3353 2216 3420 vocant,
2264 3340 2507 3409 ducem
2555 3333 2635 3403 ad
2675 3333 2841 3412 impss·

609 3509 614 3516 .
704 3455 905 3518 tentis
940 3455 1200 3539 tyranni
1231 3451 1574 3519 libidinem
1604 3449 1993 3519 frenandam
2025 3456 2436 3522 acciverunt.
2469 3455 2560 3532 Is,
2581 3449 2842 3525 Berenga·

699 3569 798 3634 rio
826 3569 896 3634 vi
927 3566 1230 3656 expulso,
1261 3591 1383 3656 pro
1414 3591 1494 3636 eo
1523 3570 1780 3657 integro
1812 3571 2096 3638 triennio
2124 3572 2194 3637 in
2227 3570 2427 3638 Italia
2470 3561 2751 3657 regnavit
2766 3547 2817 3615 (²)
2827 3593 2840 3611 ·

701 3682 939 3778 Postea
981 3707 1142 3752 vero
1185 3684 1610 3773 Berengarins
1654 3708 1743 3752 ex
1786 3684 2130 3756 Pannonia
2173 3685 2507 3766 inferiore,
2551 3678 2671 3750 sub
2707 3670 2839 3736 duco

701 3798 977 3869 Salardo
1011 3803 1200 3869 novis
1227 3802 1431 3889 copiis
1462 3801 1796 3883 adductis,
1826 3802 1909 3869 ad
1942 3815 2297 3893 paternum
2329 3822 2605 3893 regnum
2645 3782 2840 3859 bellica

767 4079 848 4146 (ι)
878 4076 1005 4130 Plat.
1038 4077 1097 4130 in
1130 4077 1304 4131 For-m.
1338 4086 1389 4132 ct
1420 4080 1609 4133 Blond.
1645 4080 1728 4131 ub.
1761 4099 1870 4151 sup.

764 4170 848 4237 (ο)
881 4170 1009 4223 Plat.
1041 4171 1100 4223 in
1133 4171 1299 4225 Laud.
1331 4180 1381 4225 ct
1417 4173 1594 4243 Steph.
1627 4172 1752 4225 v11.
