2950 5017
1252 761 1638 850 mmm
1714 691 2203 854 sest

760 1734 1028 1801 Interea
1069 1730 1455 1800 Ludovicus
1498 1727 1755 1798 Sfortia
1796 1729 2070 1808 Ioannis
2112 1726 2457 1799 Galleaeii,
2494 1751 2582 1796 ex
2644 1725 2851 1796 fratre

626 1852 893 1941 nepotis
934 1860 1120 1919 tutor
1163 1871 1472 1940 oppresso
1506 1846 1922 1916 adolescente
1953 1861 2259 1937 apertum
2293 1857 2668 1935 tyrannum
2702 1869 2855 1935 age·

626 1969 791 2050 batg
831 1968 1016 2059 quod
1060 1990 1223 2035 cum
1267 1964 1728 2035 Ferdinandus
1767 1966 2141 2055 Aragonius
2185 1987 2375 2053 aegre
2421 1961 2660 2044 ferret,
2708 1988 2852 2054 spo-

626 2083 873 2154 liatum
903 2106 1219 2174 generum
1263 2072 1335 2150 in
1380 2096 1730 2174 paternam
1760 2081 2086 2152 ditionem
2129 2084 2467 2158 restituere
2505 2081 2847 2148 tentabat.

627 2197 1018 2270 Ludovicu·
1058 2200 1354 2289 proprias
1399 2200 1587 2266 vires·
1619 2197 1706 2264 ad
1753 2197 2192 2265 resistendum
2239 2197 2499 2300 potenti
2553 2200 2699 2286 regi
2750 2200 2850 2263 in-

628 2316 857 2388 firmas
916 2339 1054 2384 esse
1110 2316 1476 2384 arbitratus
1519 2315 1603 2384 ad
1649 2314 2001 2385 Gallorum
2048 2338 2203 2405 opes
2252 2311 2590 2404 confugit,
2642 2313 2849 2382 Caro-

627 2432 817 2524 lique
847 2432 1015 2502 VIII
1057 2435 1223 2522 regis
1267 2443 1500 2500 contra
1543 2432 1906 2522 Aragonios
1949 2430 2286 2498 auxilium
2332 2429 2687 2520 implorat3
2717 2433 2847 2520 qui

629 2574 783 2619 eam
833 2529 1247 2618 invadendae
1297 2548 1534 2616 Italiae
1601 2573 1914 2638 magnam
1981 2552 2394 2617 occasionem
2463 2561 2711 2616 nactus
2785 2573 2848 2615 se

631 2663 964 2757 expeditis
1007 2668 1206 2732 armis
1250 2665 1437 2734 brevi
1485 2662 1857 2732 affuturum
1889 2664 2288 2760 pollicetur:
2322 2664 2433 2732 sed
2467 2688 2628 2731 cum
2664 2667 2847 2755 prius

629 2785 1013 2874 principum
1058 2780 1385 2850 Italorum
1429 2781 1687 2850 animos
1746 2781 2106 2850 tentandos
2141 2805 2277 2847 esse
2322 2794 2619 2849 conseret
2640 2831 2660 2860 ,
2714 2787 2848 2848 sin-

630 2897 847 2990 gulos,
873 2899 1109 2989 legatis
1137 2901 1376 2980 missis,
1419 2914 1593 2980 orat,
1637 2912 1719 2967 ut
1762 2900 1890 2967 sibi
1941 2900 2165 2979 armis,
2195 2912 2264 2965 et
2292 2898 2569 2966 consilio
2616 2896 2843 2966 favere

631 3015 867 3100 velint.
924 3014 1095 3083 Aliis
1140 3015 1322 3083 aliud
1376 3015 1968 3106 respondentibus,
2015 3013 2330 3082 Hercules
2373 3014 2729 3083 Atestinus
2773 3019 2839 3082 in

631 3129 960 3199 Ludovici
1004 3135 1229 3221 generi
1274 3145 1343 3198 et
1384 3134 1590 3221 ipsius
1633 3134 1838 3200 etiam
1882 3131 2132 3212 Caroli,
2175 3156 2375 3222 quem
2422 3155 2692 3222 semper
2734 3156 2841 3199 co-

628 3247 874 3328 luerat,
918 3250 1201 3337 gratiam
1253 3270 1322 3313 se
1381 3251 1442 3313 ei
1511 3245 1841 3317 fautorem
1887 3247 2175 3322 obtulit.
2224 3248 2463 3337 Itaque
2508 3249 2714 3316 rebus
2757 3248 2834 3314 ad

633 3361 898 3430 bellum
944 3364 1227 3451 paratis,
1269 3384 1426 3431 cum
1470 3363 1611 3449 jam
1659 3389 1780 3431 rex
1821 3367 1890 3431 in
1937 3362 2203 3431 Italiam
2252 3359 2660 3452 properaret,
2704 3355 2836 3431 Lu-

633 3480 911 3549 dovicus
970 3476 1257 3560 Sfortia,
1317 3493 1397 3546 ut
1458 3482 1881 3550 venientibus
1941 3482 2285 3571 Aragoniis
2345 3481 2617 3549 obviam
2687 3486 2825 3562 iret,

634 3592 884 3663 multas
925 3597 996 3661 in
1041 3594 1447 3663 Flaminiam
1490 3599 1714 3687 copias
1756 3600 2125 3688 praemisit,
2170 3620 2347 3687 quae
2389 3599 2458 3663 in
2506 3619 2670 3687 agro
2713 3598 2827 3663 Re-

587 3739 592 3748 *
636 3715 841 3804 giensi
885 3712 1003 3779 diu
1059 3724 1277 3779 castra
1328 3712 1738 3781 babuerunt.
1782 3714 1978 3805 Regii
2023 3738 2178 3782 vero
2222 3725 2488 3804 propter
2526 3714 2825 3790 Herculis

633 3841 705 3896 et
747 3827 1078 3896 Ludovici
1144 3826 1431 3896 Sfortiae
1498 3828 1900 3911 adventum,
1942 3853 2024 3897 ac
2077 3828 2330 3919 legatos
2379 3832 2547 3919 regis
2590 3832 2826 3920 Hispa·
2916 3907 2917 3912 ἵ

636 3948 791 4014 niae
859 3957 931 4012 et
992 3945 1176 4013 d'ucis
1220 3944 1596 4013 Sabaudiae
1614 3996 1635 4027 ,
1676 3950 1797 4037 qui
1844 3948 1928 4014 ad
1973 3946 2434 4014 Alexandrum
2479 3948 2581 4016 VI
2620 3971 2824 4038 nuper

633 4059 1024 4130 Pontificem
1054 4059 1470 4130 declaratum
1517 4062 1928 4152 gratulatum
1956 4064 2172 4145 ibant,
2202 4066 2430 4153 ingens
2473 4078 2820 4153 apparatus
2892 4149 2899 4158 ι

634 4180 981 4248 edebatur.
1025 4178 1275 4248 Fuerat
1340 4173 1745 4249 ille‘calisti
1797 4204 2037 4271 nepos,
2081 4184 2200 4273 qui
2245 4185 2315 4249 in
2360 4179 2816 4250 Cardinalium
