2950 5017
918 410 1118 474 ussa
1161 429 1460 485 Qnsnrus
2147 416 2271 499 ²4¹

40 548 376 630 dedidit,
419 549 603 639 quod
651 559 876 639 postea
918 546 1224 616 funditus
1287 572 1590 618 eversum
1655 548 1814 617 fuit.
1884 549 2126 619 Obiere
2195 577 2276 622 eo

43 688 235 732 anno
272 688 376 731 ex
405 663 748 733 nobilibus
770 664 1204 753 Regiensibus
1230 664 1615 733 Matthaeus
1648 664 2034 748 Folleanus,’
2055 665 2288 736 Guido

39 779 417 848 Robertus
461 779 953 869 Tripolitanus',
1009 791 1080 846 et
1122 779 1422 848 Clericus
1475 777 1897 862 Manftedus3
1944 780 2287 851 Bernardi-

43 917 181 962 nus
229 918 528 985 quoque
569 894 964 963 Boschettus
1005 895 1326 961 Mantuae
1378 898 1650 963 antistes
1703 895 1900 985 Regii
1957 897 2289 966 discedens

43 1014 119 1077 in
169 1011 446 1097 majori
489 1011 739 1100 templo
788 1011 873 1077 ad
917 1034 1101 1077 aram
1130 1009 1418 1078 Sanctae
1448 1011 1728 1101 Agnetis
1758 1010 2079 1081 humatus
2125 1011 2285 1082 fuit.

47 1125 255 1195 Sunt·
302 1130 434 1217 qui
475 1127 606 1196 hoc
649 1140 949 1217 tempore
992 1127 1322 1217 Regiensis
1370 1126 1682 1218 Episcopi
1739 1127 1905 1196 locis
1948 1129 2289 1199 Mutinen-

46 1244 246 1308 sium
323 1243 459 1309 sibi
525 1243 801 1325 additis,
855 1243 1175 1311 ditionem
1242 1244 1630 1335 ampliatam
1699 1240 1900 1311 fuisse
1967 1216 2286 1313 credunt.

57 1357 157 1423 Hi
211 1369 503 1426 auctore
544 1358 893 1425 Francisco
939 1357 1309 1426 Menabove
1355 1357 1836 1447 Raymundum
1867 1358 2124 1449 Aspelli
2167 1359 2291 1426 du-

54 1484 270 1540 centa
331 1473 553 1541 millia
607 1496 959 1543 aureorum
1012 1498 1097 1541 ex
1148 1474 1384 1543 Piceno
1437 1478 1510 1543 in
1553 1475 1969 1544 Provinciam
2016 1475 2100 1541 ad
2138 1474 2294 1543 cle-

57 1602 384 1657 mentem
430 1603 744 1680 patruum
768 1640 787 1671 ,
831 1590 972 1672 vel,
1020 1603 1098 1657 ut
1141 1590 1256 1657 alii
1301 1589 1604 1675 malunt,
1647 1591 2061 1659 avunculum
2106 1590 2288 1659 defe-

67 1718 348 1773 rentem
418 1705 859 1786 occiderunt,
924 1729 1327 1797 omnemque
1401 1708 1758 1796 pecuniam
1824 1707 2286 1775 abstulerunt.

74 1820 290 1889 Unde
359 1823 446 1889 ab
499 1826 667 1892 irato
711 1821 1034 1892 Pontifice
1080 1824 1237 1892 diris
1280 1824 1582 1892 damnati
1645 1823 1927 1914 jureque
1992 1826 2290 1958 civitatis

76 1940 337 2027 privati
383 1936 585 2007 fuisse
628 1936 952 2009 feruntur.
2246 1958 2253 1965 ·

216 2054 423 2145 Regii
484 2079 637 2124 vero
703 2079 968 2138 murus,
1014 2057 1135 2123 ubi
1180 2057 1405 2124 diruta
1473 2078 1596 2123 arx
1664 2053 1917 2137 fuerat,
1981 2058 2289 2146 sequenti

73 2192 248 2238 anno
294 2194 342 2236 a
390 2170 591 2238 Porta
634 2168 867 2239 Sancti
911 2171 1113 2253 Petri,
1160 2171 1243 2238 ad
1290 2195 1440 2238 eam
1488 2195 1664 2262 quae
1716 2169 1999 2238 Sanctae
2043 2169 2290 2239 Crucis

85 2282 338 2352 dicitur
364 2336 387 2367 ,
432 2285 799 2368 deductus,
842 2299 1054 2354 totam
1123 2288 1355 2354 urbem
1422 2287 1684 2354 clausit.
1728 2285 2046 2354 Universo
2096 2309 2292 2376 opere

77 2399 422 2483 absoluto,
452 2402 800 2492 Regienses
843 2402 1150 2472 adversus
1178 2404 1507 2480 Iacobum
1540 2402 1968 2483 Paludinum‚
2019 2405 2165 2492 qui,
2212 2403 2288 2470 in

85 2519 194 2585 via
234 2542 381 2610 qna
424 2521 493 2588 in
543 2521 926 2588 Hetruriarn
974 2533 1078 2589 est
1120 2523 1283 2603 iter,
1326 2521 1686 2590 latrocinio
1749 2519 2076 2588 muliones
2136 2518 2293 2585 abe-

89 2635 252 2721 gisse
296 2635 678 2716 dicebatur,
722 2639 1071 2704 instructis
1115 2641 1320 2728 copiis
1366 2635 1628 2704 facinus
1670 2636 2063 2704 vindicaturi
2109 2637 2293 2701 exie-

90 2760 267 2817 runt.
317 2748 698 2832 Ovionum‚
756 2751 1072 2820 Crevaria
1119 2764 1191 2818 et
1232 2752 1761 2841 Borgoncionum
1814 2749 1958 2836 ejus
2016 2746 2291 2815 castella

87 2864 304 2949 primo
375 2868 637 2955 impetu
705 2877 1093 2956 expugnata
1158 2880 1226 2933 et
1295 2865 1437 2935 solo
1506 2877 1792 2955 aequata
1858 2861 2074 2931 fuere.
2141 2862 2289 2952 Ipse

89 2975 518 3067 Borgonoioni
579 2984 888 3050 inventus
935 2983 1020 3048 ad
1064 2981 1310 3048 ducem
1376 2980 1790 3072 reipublicae
1856 3001 2074 3069 genua
2139 3001 2291 3068 pro-

93 3094 411 3163 cumbens
455 3096 851 3165 delictorum
915 3121 1196 3189 poenam
1261 3096 1690 3187 deprecatur;
1733 3108 2027 3187 quatuor
2073 3093 2291 3160 millia

89 3206 405 3279 librarum
477 3213 901 3304 Regiensium
968 3239 1086 3304 pro
1153 3226 1378 3304 erepta
1443 3211 1693 3304 praeda
1758 3237 1830 3280 se
1900 3209 2286 3280 soluturum

91 3324 418 3411 pollicitus
462 3330 725 3396 veniam
771 3330 1090 3398 obtinuit.
1137 3328 1395 3397 Verum
1439 3352 1576 3397 non
1622 3327 1840 3396 multo
1885 3338 2035 3417 post
2076 3326 2284 3393 latro-

93 3442 236 3508 cinii
283 3446 478 3511 sociis
521 3468 749 3514 rursus
793 3449 1043 3515 vocatis
1085 3469 1242 3514 cum
1288 3444 1604 3536 expedita
1633 3467 1841 3513 manu
1874 3467 1963 3510 ex
1992 3454 2288 3533 ternpore

95 3572 347 3630 nostro·
396 3562 699 3642 adortus,
742 3588 879 3633 non
923 3586 1171 3654 paucos
1213 3562 1481 3633 occidit.
1526 3560 1664 3629 Alii
1708 3560 2031 3651 plurimos
2071 3564 2286 3641 cives,

104 3673 253 3745 dum
303 3703 421 3770 per
466 3679 638 3749 altas
689 3705 886 3777 rupes
946 3680 1321 3772 fugientem
1373 3679 1703 3757 Iacobum
1755 3691 2159 3768 sequuntur,
2200 3698 2288 3743 ex

99 3801 463 3888 praeruptis
508 3802 683 3867 saxis
727 3802 1127 3890 praecipites
1173 3798 1482 3866 cecidisse
1523 3793 1841 3864 referunt.
1871 3793 2032 3862 Inde
2062 3814 2286 3860 mense

103 3907 432 3982 decembri
470 3913 786 3984 Crevaria
824 3927 1190 3984 restaurata
1235 3915 1320 3982 ad
1366 3912 1779 3983 sustinendos
1822 3909 2118 3978 hostium
2160 3910 2289 3975 im-

101 4037 278 4112 potus
336 4051 409 4098 se
481 4034 798 4099 munivit.
844 4032 946 4101 Ea
990 4044 1132 4100 arte
1176 4030 1533 4122 Regienses
1598 4027 1814 4097 delusi
1877 4027 2286 4116 octingentos

106 4143 340 4230 pedites
382 4149 872 4243 nonnullosque
916 4151 1376 4220 Parmensium
1442 4145 1901 4240 stipendiarios
1965 4143 2051 4214 ad
2117 4139 2285 4210 ulci-

1995 4258 2058 4311 16
