2950 5017
693 425 824 493 5⁵8
1447 440 1688 486 annun
1734 439 2157 487 ateramum

687 561 1057 635 stinxit(⁸).
1102 560 1181 629 In
1227 558 1450 650 plures
1521 561 1929 650 principatus
1973 560 2189 628 divisa
2251 571 2401 628 tum
2456 562 2697 646 Italia,
2752 566 2911 633 dnm

687 686 867 751 inter
909 702 980 748 se
1025 678 1429 746 altercantur
1474 680 1772 765 tyranni,
1817 675 1990 744 alter
2034 675 2312 746 alterius
2359 678 2652 769 populos
2715 684 2919 751 variis

685 799 948 887 injuriis
993 794 1254 864 afficere
1299 804 1759 864 consueverat.
1805 794 1885 860 Id
1929 817 2091 861 cum
2136 797 2513 866 inveterato
2575 822 2710 865 usu
2778 800 2913 886 jam

686 941 810 1011 pro
852 917 996 1006 lege
1039 915 1504 984 observaretur
1532 911 1865 1004 paulatim
1896 914 2131 1003 iniqua
2160 916 2535 984 extorsione
2576 930 2909 986 novatum

687 1046 811 1115 est,
859 1045 938 1101 ut
986 1055 1102 1123 per
1148 1029 1421 1099 alterius
1465 1030 1778 1120 principis
1824 1031 2227 1097 territorium
2257 1034 2387 1098 iter
2417 1032 2759 1101 habentes
2802 1036 2911 1101 ali·

683 1149 849 1242 qnid
893 1148 1252 1217 solverent.
1297 1145 1377 1213 Id
1420 1147 1898 1236 pignorationis
1943 1168 2149 1235 genus
2202 1149 2388 1216 inter
2433 1147 2804 1239 Regienses
2842 1165 2903 1219 et

682 1267 1126 1336 Bononienses
1170 1264 1289 1331 diu
1337 1275 1740 1353 usurpatum
1789 1263 2060 1331 tandem
2105 1263 2286 1334 ultro
2318 1267 2634 1358 citroque
2667 1271 2907 1336 remitti

679 1384 975 1476 placuit,
1018 1394 1090 1449 et
1134 1404 1309 1449 anno
1354 1391 1736 1448 M‘coocxmv
1781 1383 1971 1448 nonis
2018 1380 2340 1467 januarii,
2409 1395 2491 1449 ut
2557 1375 2659 1451 ab
2732 1390 2902 1454 omni

678 1502 995 1595 pensione
1037 1501 1372 1567 immunes
1401 1498 1776 1569 Bononiam
1820 1498 1910 1565 ab
1954 1498 2189 1568 eodem
2238 1500 2496 1570 tributo
2540 1500 2905 1569 liberatam

681 1620 1033 1710 Regienses
1088 1614 1407 1708 proficisci
1474 1626 1771 1705 possent,
1838 1613 2113 1705 publico
2179 1615 2442 1685 decreto
2511 1639 2903 1688 concessum

677 1736 815 1806 fuit
843 1740 935 1805 (²).
982 1734 1307 1805 Nicolaus
1361 1756 1665 1825 quoques
1703 1731 2004 1801 Strocius
2071 1732 2258 1823 Regii
2325 1734 2783 1824 gubernator,
2848 1751 2903 1804 et

675 1854 1020 1924 Gerardus
1084 1853 1349 1950 Madius
1401 1852 1675 1921 Praetor
1742 1856 1918 1919 inter
1967 1851 2256 1942 Regium
2303 1866 2374 1920 et
2417 1853 2751 1937 Quatuor
2792 1855 2904 1923 Ca·

675 1971 899 2054 stella,
942 1971 1027 2039 (le
1069 1972 1322 2062 quibus
1367 1993 1527 2037 cum
1573 1972 1809 2038 nostris
1853 1969 2113 2038 civibus
2159 1968 2479 2037 Albertus
2523 1971 2896 2039 canussius

674 2088 1161 2169 contendebat,
1204 2087 1367 2156 fines
1415 2100 1804 2177 posuerunt.
1849 2087 2152 2188 Feltrino
2197 2102 2534 2177 praeterea
2580 2090 2898 2178 Bojardo,

670 2222 744 2278 et
786 2212 933 2300 ipso
979 2208 1064 2276 de
1109 2205 1356 2275 finibus
1399 2207 1750 2274 nobiscum
1812 2206 2258 2304 contendente
2304 2221 2737 2276 transactum
2784 2226 2897 2290 est,

672 2338 759 2394 ut
802 2335 1071 2418 praeter
1115 2338 1407 2414 quatuor
1450 2323 1899 2391 domunculas
1953 2323 2283 2391 Sahuloni
2351 2349 2561 2416 pagus
2626 2328 2896 2418 Regien-

669 2447 846 2513 sium
917 2453 1366 2533 permaneret,
1410 2446 1907 2533 quotannisque
1954 2442 2319 2511 Scandiani
2368 2443 2711 2529 juridicus
2756 2470 2896 2514 cum

671 2561 1425 2651 duodecim·oppidanis
1469 2558 1702 2627 funale
1744 2573 2038 2652 quatuor
2089 2560 2308 2651 pondo
2350 2562 2528 2630 Divo
2570 2562 2893 2655 Prospero

663 2692 858 2748 extra
923 2678 1162 2746 urbem
1206 2681 1494 2768 septimo
1539 2677 1845 2746 calendas
1887 2678 2090 2764 julias
2136 2678 2552 2747 Decuriones
2600 2681 2888 2750 honoris

665 2800 875 2888 gratia
920 2799 1282 2865 comitatus
1327 2795 1619 2884 offerret.
1665 2796 1848 2863 Inter
1893 2796 2058 2863 haec
2100 2796 2140 2873 J
2146 2797 2356 2865 acobo
2387 2798 2698 2868 Antonio
2732 2800 2890 2866 Tur·

663 2916 850 2982 riano
880 2913 1216 3003 Regiensis
1246 2913 1584 2981 Ecclesiae
1629 2917 1919 2980 antistiti
1962 2927 2232 2983 mortuo
2263 2915 2303 2991 J
2306 2939 2554 2983 oannes
2584 2916 2886 3008 Baptista

663 3029 1115 3098 Pallavicinus
1166 3034 1512 3111 successit,
1565 3052 1704 3120 quo
1774 3043 2067 3122 tempore
2112 3031 2407 3098 Andreas
2453 3031 2727 3122 Burgus
2773 3035 2886 3103 Co-

662 3144 916 3213 machii
964 3149 1310 3236 episcopus
1356 3150 1562 3213 etiam
1609 3145 1913 3214 Canussii
1961 3148 2281 3215 Abatiam
2327 3149 2656 3218 obtinuit.

799 3260 960 3327 Post
1003 3260 1171 3328 haec
1218 3260 1533 3350 Philippo
1582 3262 1995 3332 vicecomite
2020 3267 2183 3331 ·vita
2228 3262 2492 3346 functo,
2549 3265 2748 3335 nullo
2800 3266 2878 3333 le·

655 3379 938 3467 gitimae
992 3378 1195 3469 prolis
1245 3376 1383 3446 filio
1453 3404 1542 3446 ex
1609 3403 1680 3447 se
1753 3382 2012 3462 relicto,
2058 3373 2452 3450 Franciscus
2496 3382 2760 3453 Sfo'rtia
2803 3384 2872 3450 de

661 3493 790 3562 hac
856 3519 926 3563 re
996 3519 1037 3562 a
1096 3496 1415 3564 Leonello
1460 3500 1701 3567 certior
1754 3498 2012 3582 factus,
2057 3514 2136 3568 ut
2181 3501 2547 3571 Mediolani
2604 3505 2869 3594 imperio

662 3617 988 3704 potiretur
1031 3637 1189 3681 cum
1234 3613 1486 3682 Blanca
1525 3639 1730 3685 uxore
1762 3617 2241 3710 Philippi-filia
2287 3631 2358 3686 et
2402 3643 2654 3710 magno
2700 3644 2867 3688 exer·

660 3735 802 3799 citu
848 3731 1133 3823 Regium
1181 3736 1399 3817 venit,
1444 3734 1530 3801 ad
1576 3749 1988 3828 pontemque
2033 3738 2269 3807 Niciae
2320 3741 2569 3816 castris
2619 3741 2862 3831 positis,

655 3853 775 3940 qui
818 3874 1041 3919 rerum
1105 3859 1329 3922 motu's
1390 3851 1625 3922 fierent
1694 3858 1938 3925 tacitus
2006 3858 2441 3948 expectabat.
2488 3857 2674 3927 Cum
2718 3880 2861 3930 vero

727 4139 812 4206 (ι)
844 4139 909 4190 In
944 4140 1036 4192 lib.
1071 4142 1263 4209 provis.
1297 4160 1341 4195 e.
1382 4161 1492 4213 ¹7¹·

731 4229 818 4304 (a)
851 4232 917 4285 In
949 4235 1120 4287 arcula
1154 4235 1348 4305 jurium
1383 4255 1546 4292 cavae.
