2950 5017
950 438 1146 483 mana
1189 404 1490 493 ouanrus
1591 468 1598 475 .
2166 437 2294 507 ²97

79 561 359 631 eontra
409 559 741 629 Uestinus
799 558 1199 649 Frignanum
1251 555 1624 624 naturalem
1675 553 1887 624 filium
1933 554 2297 623 Flaminiae

83 677 357 747 comiti
410 674 711 744 subsidio
753 662 1019 741 mittens
1063 675 1337 762 pristina
1377 676 1552 739 inter
1594 669 1954 761 Scaligeros
1969 721 1990 752 ,
2020 684 2088 739 et
2116 671 2298 741 Gon-

79 815 283 882 aagoa
333 790 618 858 dissidia
659 790 1026 857 suscitavit.
1071 786 1370 854 Tandem
1415 785 1611 853 rebus
1640 800 1797 852 cum
1830 787 2092 854 Comite
2119 811 2300 854 com-

81 910 335 997 positis
385 904 730 972 Barnabas
789 903 1069 971 domum
1127 913 1458 968 revertens
1500 901 1783 990 Regium
1830 923 2061 989 magna
2109 924 2299 968 exce-

81 1035 256 1111 ptus
320 1026 583 1110 pompa
624 1017 931 1086 divertit:
980 1010 1096 1083 ubi
1141 1019 1390 1084 civium
1435 1038 1635 1083 censu
1680 1013 1857 1083 facto
1894 1018 2296 1105 ‘septingenti

91 1151 380 1204 tantum
433 1134 517 1201 ad
563 1157 747 1201 arma
777 1130 1043 1200 ferenda
1074 1132 1292 1200 idonei
1337 1144 1495 1199 sunt
1536 1133 1835 1210 inventi3
1864 1130 2042 1219 quod
2074 1133 2301 1220 ingens
2356 1194 2363 1201 .
2450 1122 2458 1130 ’

91 1250 286 1317 urbis
362 1248 704 1317 excidium
770 1245 1130 1336 patefecit,
1177 1246 1254 1314 et‘
1291 1269 1598 1336 magnam
1646 1248 1715 1312 in
1761 1245 2138 1334 Gonzagoe,
2180 1246 2299 1336 qui

93 1364 444 1454 plurimos
509 1365 969 1442 extinxerant,
1033 1361 1349 1428 invidiam
1416 1359 1770 1441 conflavit3
1838 1382 1994 1426 cum
2070 1361 2300 1448 paucis

101 1491 344 1549 antea.
379 1480 575 1545 annis
616 1475 994 1543 Crevariam
1062 1490 1210 1544 octo
1279 1474 1497 1542 millia
1559 1476 1805 1541 civium
1873 1473 2297 1542 obsedissent.

101 1594 228 1660 His
274 1595 456 1659 actis
497 1590 828 1658 Feltrinus
868 1590 953 1659 ad
997 1589 1320 1659 diruenda
1365 1593 1593 1661 omnia
1619 1590 2040 1680 Regiensium
2077 1591 2305 1657 muni-

109 1711 282 1776 tiora
340 1706 503 1776 loca
549 1729 897 1776 conversus
944 1710 1161 1796 primo
1205 1708 1368 1774 Divi
1411 1707 1702 1796 Prosperi
1747 1707 1817 1772 in
1863 1704 2053 1772 ulnas
2072 1732 2076 1737 ’
2096 1727 2303 1772 nona·

109 1823 296 1910 ginta
338 1819 713 1901 excelsam,
765 1833 835 1886 et
891 1822 1407 1888 munitissimam
1480 1823 1748 1901 turrim,
1810 1818 1949 1888 sola
2014 1816 2304 1888 inferiori

115 1949 300 2027 parte
341 1934 527 2004 infra
569 1937 902 2026 templum
952 1936 1220 2018 relicta,
1267 1937 1500 2006 diruit.
1547 1932 1715 2025 Ejus
1756 1936 2055 2011 coenobii
2096 1935 2304 2009 abhas

113 2051 497 2119 aedificium
530 2064 627 2119 ter
658 2050 955 2121 millibus
1001 2077 1373 2121 annuorum
1404 2053 1828 2134 florenorum,
1861 2075 2032 2145 quae
2054 2074 2304 2142 magna

116 2166 246 2235 illis
317 2167 745 2257 temporibus
810 2171 1036 2259 pensio
1102 2169 1513 2251 habebatur,
1563 2168 1879 2237 redimere
1942 2167 2304 2247 voluit,.et
2437 2164 2443 2171 ’

119 2281 473 2351 duodecim
506 2295 937 2364 armatorum,
966 2286 1086 2374 qui
1114 2282 1248 2352 loci
1281 2283 1599 2374 praesidio
1629 2296 1868 2365 essent,
1898 2282 2302 2373 stipendium

118 2398 401 2466 obtulit.
464 2399 597 2467 Cui
648 2400 1018 2490 Gonzagus·
1070 2425 1204 2470 non
1270 2402 1489 2471 solum
1558 2404 1830 2482 turrim,
1896 2400 2010 2469 sed
2075 2400 2303 2471 omnia

121 2518 313 2583 etiam
389 2515 728 2584 nobiliora.
787 2517 974 2586 urbis
1038 2518 1371 2600 aedificia,
1414 2531 1495 2586 ut
1539 2533 1763 2608 postea
1805 2530 2126 2585 executus
2167 2529 2302 2598 est,

123 2630 254 2698 solo
280 2655 349 2698 se
387 2644 829 2722 aequaturum
862 2635 1223 2724 respondit.
1271 2633 1558 2702 Excelsa
1603 2626 1830 2723 itaque
1869 2636 2099 2713 turris,
2127 2654 2305 2721 quae

125 2743 424 2832 pluribus
467 2748 654 2814 annis
697 2758 799 2814 tot
846 2745 1187 2819 fabrorum
1237 2749 1601 2829 laboribus,
1648 2750 1962 2837 gravique
2006 2749 2304 2836 impensa

127 2874 323 2927 erecta
371 2859 600 2929 fuerat
640 2885 778 2929 una
821 2861 929 2929 die
972 2860 1252 2943 cecidit3
1285 2863 1463 2954 quod
1494 2861 1800 2943 nonnulli
1831 2885 2003 2930 anuo
2032 2882 2303 2928 κοῦσαι

125 2979 467 3067 contigisse
511 2977 940 3049 arbitrantur.
1001 2978 1422 3068 Philippinus
1463 3000 1736 3068 quoque
1780 2977 2060 3045 Feltrini
2101 2974 2303 3045 frater

129 3086 447 3158 Sanctum
492 3092 853 3169 Mar-tinum
873 3142 892 3173 ,
938 3092 1201 3159 duabus
1245 3094 1703 3163 munitissimis
1747 3091 2041 3159 turribus
2078 3088 2304 3159 defen·

129 3223 291 3284 sum,
319 3203 628 3272 funditus
659 3209 922 3274 evertit.
953 3207 1217 3274 Praeter
1246 3206 1520 3275 clariora
1560 3205 1833 3274 castella
1876 3209 2077 3275 etiam
2124 3229 2301 3275 arces
2408 3231 2415 3237 ·

130 3320 554 3410 quadraginta
621 3343 743 3389 sex
794 3325 867 3389 in
934 3322 1240 3413 Regiensi
1294 3346 1449 3414 agro
1468 3373 1491 3404 ,
1531 3336 1600 3390 et
1643 3321 1989 3413 magnifica
2052 3323 2305 3414 templa

133 3437 489 3504 miseranda
554 3441 746 3506 ruina
812 3439 1040 3507 diruta
1103 3438 1307 3507 fuisse
1373 3440 1720 3513 dicuntur.
1791 3439 1944 3524 Quo
2010 3453 2304 3530 ternpore

131 3546 429 3639 Sagatius
457 3553 689 3622 Mutus
732 3568 1169 3645 cognomento
1200 3555 1534 3624 Gazadius
1576 3579 1795 3623 rerum
1840 3558 1942 3622 sui
1990 3558 2301 3646 temporis

138 3662 537 3737 fidelissimus
580 3674 877 3761 scriptor,
921 3695 1080 3739 cum
1127 3675 1642 3761 nonagesimum.
1691 3674 1980 3760 primum
2037 3694 2303 3738 -annum
2434 3692 2441 3697 ·

137 3797 339 3867 ageret
385 3785 593 3853 oculis
635 3781 872 3877 captus
915 3787 1301 3855 inchoatam
1333 3787 1674 3856 historiam
1705 3786 1997 3854 deserere
2033 3798 2304 3855 coactus

139 3905 262 3977 oet3
299 3900 416 3968 sed
462 3924 607 3969 eam
653 3916 876 3992 postea
906 3903 1138 3970 Petrus
1169 3888 1373 3995 ipsius
1405 3927 1493 3969 ex
1521 3903 1869 3971 Francisco
1901 3901 2044 3972 filio
2075 3925 2301 3992 nepos,

138 4012 243 4097 qui
281 4017 484 4082 etiam
513 4017 671 4086 Divi
700 4018 992 4108 Prosperi
1024 4018 1252 4087 Abhas
1281 4017 1444 4100 fuit,
1470 3999 1815 4108 diligenter
1858 4019 2298 4087 continuavit.
2367 4076 2375 4086 .

141 4120 510 4200 Albertinus
571 4155 722 4204 vcro
787 4133 950 4202 Divi
988 4133 1310 4225 ‘Prosperi
1375 4133 1607 4203 Abbas
1670 4133 1819 4218 ejus
1885 4143 2166 4223 agnatus
2228 4132 2298 4198 in
