2950 5017
916 409 1114 454 usta
1156 407 1452 464 omarus
2055 424 2061 429 ·
2138 391 2281 459 303ε

57 557 210 605 nen
241 531 727 600 Scandianum
742 580 763 613 ,
791 543 862 597 et
890 529 1057 611 alia,
1085 553 1261 620 quae
1290 528 1617 615 majorum
1660 522 1925 611 fuerant
1963 529 2264 627 castella,
2288 560 2303 568 ’

59 676 167 744 per
193 649 550 741 fraudem
586 650 1035 737 intercipiunt.
1075 648 1268 715 -Dum
1297 648 1486 714 enim-
1506 646 1852 736 Gonzagos
1888 671 2268 739 oppugnare

61 767 393 835 simulant
447 789 498 832 a
539 764 878 831 Matthaeo
921 762 1239 831 Folleanc
1284 763 1614 839 introduci
1661 763 2026 852 postulant,
2057 788 2100 832 a
2126 787 2269 854 quo

67 883 256 953 velut
300 884 526 948 amici
570 883 812 970 recepti
858 883 1167 947 miserum
1211 885 1370 946 cum
1416 877 1670 946 infante
1714 878 1887 962 filio,
1939 891 2007 947 et
2064 878 2271 961 fratre

68 1020 142 1064 ac
184 996 556 1087 Gulielmo
583 995 844 1063 Nicolai
889 985 1206 1064 Folleani‘
1232 994 1395 1075 filio,
1440 998 1822 1084 interceptis
1869 994 2013 1061 aliis
2053 998 2289 1084 ipsius.

73 1112 389 1190 castellis,
437 1111 795 1179 crudeliter
839 1111 1190 1178 trucidant.
1239 1111 1574 1189 Praeterea
1618 1111 2008 1191 Dinatiano,
2040 1110 2272 1178 Rocha

75 1242 145 1294 et
187 1228 545 1296 Glandeto
588 1227 912 1294 Matthaei
978 1226 1263 1294 castellis
1308 1230 1708 1318 potiuntur.
1753 1227 1863 1293 Ab
1886 1226 2040 1293 alia
2084 1238 2273 1316 parte

81 1345 376 1412 bostium
423 1347 762 1411 exercitus
804 1343 930 1411 sub
972 1343 1288 1411 Mantuae
1358 1343 1707 1412 moenibus
1770 1355 2277 1410 castrametatus

88 1459 166 1527 ad
193 1432 694 1555 devastandum
742 1474 1037 1528 nostrum
1081 1484 1313 1554 agrum
1359 1463 1733 1541 revertitur,
1778 1460 1887 1526 sed
1933 1462 2273 1548 repentina

88 1574 353 1650 Ioannis
397 1575 888 1665 Archipresulis
930 1589 1144 1643 morte
1207 1599 1247 1642 a
1309 1588 1551 1665 coepta
1595 1574 2010 1665 expeditione
2055 1573 2278 1640 detur-

96 1689 321 1771 batur,
364 1695 498 1781 qui
545 1716 767 1759 mense
810 1693 1068 1761 octobri
1118 1689 1506 1778 defunctus,
1553 1691 1852 1781 amplum
1896 1690 2275 1757 Insubrium

93 1809 442 1896 imperium
525 1808 902 1891 Matthaeo,
946 1809 1350 1888 Bernabcvi,
1394 1820 1462 1875 et
1507 1808 1850 1876 Galleacic
1919 1794 2139 1903 tribus
2193 1815 2278 1873 ex
2389 1808 2394 1813 ’

108 1923 408 1993 defuncto
457 1924 804 2015 Stephano
870 1924 1073 1994 fratre
1144 1926 1494 2016 nepotibus
1547 1925 1848 2014 reliquit.
1896 1928 2014 1991 His
2058 1925 2282 1992 divisis

108 2040 267 2105 inter
328 2063 399 2108 se
471 2041 841 2131 opulentis,
896 2066 1070 2132 quae
1137 2056 1381 2132 patruo
1448 2054 1804 2131 paruerant
1868 2041 2279 2125 civitatibus,

107 2153 478 2223 Matthaeus
550 2156 996 2236 Modoetiam,
1058 2157 1357 2224 Laudem
1432 2155 1860 2245 Pompejam,
1909 2154 2307 2241 Bobbium„

110 2266 548 2351 Placentiam,
576 2271 916 2351 Parmam,
961 2294 1117 2337 cum
1162 2272 1375 2351 Luco,
1420 2282 1488 2337 et
1531 2270 1778 2350 Massa,
1808 2270 2168 2347 Bononiam
2213 2284 2283 2338 et

115 2381 612 2452 Pontremulum
680 2401 876 2475 supra
919 2386 1210 2453 Macram
1281 2410 1544 2454 amnem
1603 2364 1922 2475 Ligurum
1969 2386 2299 2475 Apuanc-‘

121 2520 253 2565 mm
293 2513 499 2591 caput
550 2514 648 2567 est
686 2504 981 2568 sortitus.
1028 2501 1369 2568 Barnabae
1438 2510 1871 2591 cognomento
1926 2477 2285 2593 magnifico

122 2611 374 2696 crema,
417 2618 819 2706 Bergomum
842 2669 862 2697 ‚
902 2617 1156 2698 Brixia,
1186 2630 1255 2685 et
1288 2619 1619 2697 Cremona
1663 2620 1972 2706 contigit:
2017 2617 2287 2685 Galzlea·

125 2730 248 2796 cius
287 2754 439 2801 vero
477 2732 1051 2812 Novumcomum,
1081 2733 1470 2813 Novariam,
1500 2732 1858 2819 Vercellas,
1888 2730 2283 2812 Dertonar'n,

128 2841 371 2929 Aetam,
416 2847 933 2928 Alexandriam,
977 2848 1253 2929 Albam,
1306 2849 1699 2930 Carascum,
1759 2830 2037 2937 aliaque·
2078 2847 2287 2914 'Pede-

134 2964 444 3028 moutium
513 2963 755 3053 oppida
813 2963 1130 3030 obtinuit.
1184 2965 1280 3030 At
1324 2962 1774 3030 Mediolanum
1819 2986 1975 3029 cum
2021 2963 2288 3050 Liguria

135 3093 462 3144 commune
514 3078 814 3145 relictum
860 3078 949 3144 ab
993 3101 1129 3146 uno
1176 3078 1517 3158 Praetore,
1561 3101 1761 3167 quem
1829 3081 1969 3168 pari
2037 3078 2284 3164 judicio

136 3188 533 3280 delegissent,
562 3200 696 3286 regi
724 3194 1106 3265 voluerunt.
1154 3194 1406 3262 Verum
1452 3198 1627 3261 intra
1669 3218 1910 3284 paucos
1934 3195 2088 3262 -dies
2130 3195 2289 3262 sub·
2346 3198 2355 3203 ’

138 3300 255 3372 luto
293 3308 635 3378 Matthaeo
696 3314 862 3379 mira
915 3311 1261 3379 concordia
1304 3313 1681 3400 superstites
1725 3310 1891 3378 duos
1936 3324 2004 3376 et
2048 3312 2286 3397 viginti

139 3439 318 3491 annos
357 3427 667 3496 concordi
710 3426 1002 3507 consilio,
1047 3439 1116 3494 et
1137 3410 1416 3495 'mutuis
1463 3428 1701 3516 opibus
1746 3429 1968 3496 omnia
2013 3424 2288 3496 feliciter

143 3664 317 3722 vatus
381 3658 606 3728 fractis
669 3660 986 3728 lateribus
1052 3661 1400 3728 decessisse
1451 3660 1653 3750 vulgo
1699 3661 2080 3738 dicebatur,
2131 3682 2289 3725 cum
2395 3661 2413 3679 ‘

141 3765 289 3837 iuter
326 3774 492 3845 duas
535 3779 1161 3867 concubinassaepe
1206 3778 1455 3863 cubans
1502 3779 1857 3866 peregrinis
1905 3778 2289 3865 unguentis,

149 3880 473 3959 insatiabili
515 3894 789 3961 libidine
833 3893 1205 3975 deficiente,
1251 3917 1554 3962 venerem
1601 3895 1942 3961 excitaret.
1996 3891 2126 3959 Sed
2156 3891 2293 3959 Va·

152 3993 373 4074 lentina
436 4026 645 4078 mater
712 4035 862 4078 eum
929 4013 997 4079 in
1068 4036 1278 4103 perna·
1323 4034 1459 4101 qua
1517 4008 1789 4078 mirifice
1833 4009 2292 4079 delectabatur

152 4132 375 4190 veneno
440 4150 480 4194 a
548 4125 861 4197 fratribus
915 4138 1227 4196 necatum
1283 4137 1873 4219 conquesta.tanto
1916 4124 2139 4195 dolore
2180 4123 2295 4197 de-
