<?xml version="1.0" encoding="UTF-8"?>
<!DOCTYPE html PUBLIC "-//W3C//DTD XHTML 1.0 Transitional//EN"
    "http://www.w3.org/TR/xhtml1/DTD/xhtml1-transitional.dtd">
<html xmlns="http://www.w3.org/1999/xhtml" xml:lang="en" lang="en">
 <head>
  <title>
</title>
<meta http-equiv="Content-Type" content="text/html;charset=utf-8" />
  <meta name='ocr-system' content='tesseract 3.04.00' />
  <meta name='ocr-capabilities' content='ocr_page ocr_carea ocr_par ocr_line ocrx_word'/>
</head>
<body>
  <div class='ocr_page' id='page_1' title='image "./rerumhistoricar00unkngoog_0431.png"; bbox 0 0 2950 5017; ppageno 0'>
   <div class='ocr_carea' id='block_1_1' title="bbox 510 383 2329 512">
    <p class='ocr_par' dir='ltr' id='par_1_1' title="bbox 510 383 2329 512">
     <span class='ocr_line' id='line_1_1' title="bbox 510 383 2329 512; baseline 0.007 -52"><span class='ocrx_word' id='word_1_1' title='bbox 510 421 534 460; x_wconf 70' lang='lat' dir='ltr'>x</span> <span class='ocrx_word' id='word_1_2' title='bbox 978 417 1178 465; x_wconf 70' lang='lat' dir='ltr'>mena</span> <span class='ocrx_word' id='word_1_3' title='bbox 1210 418 1471 512; x_wconf 30' lang='lat' dir='ltr'>xszxwa</span> <span class='ocrx_word' id='word_1_4' title='bbox 1750 383 1755 390; x_wconf 57' lang='grc'><strong>’</strong></span> <span class='ocrx_word' id='word_1_5' title='bbox 2190 405 2329 496; x_wconf 77' lang='grc'>409</span> 
     </span>
    </p>
   </div>
   <div class='ocr_carea' id='block_1_2' title="bbox 41 539 2330 1102">
    <p class='ocr_par' dir='ltr' id='par_1_2' title="bbox 41 539 2330 1102">
     <span class='ocr_line' id='line_1_2' title="bbox 41 539 2330 633; baseline 0.001 -23"><span class='ocrx_word' id='word_1_6' title='bbox 41 553 399 633; x_wconf 79' lang='lat' dir='ltr'>quatuor</span> <span class='ocrx_word' id='word_1_7' title='bbox 441 551 662 633; x_wconf 84' lang='lat' dir='ltr'>partes</span> <span class='ocrx_word' id='word_1_8' title='bbox 704 540 1075 631; x_wconf 86' lang='lat' dir='ltr'>discerptus</span> <span class='ocrx_word' id='word_1_9' title='bbox 1119 541 1211 608; x_wconf 88' lang='lat' dir='ltr'>ab</span> <span class='ocrx_word' id='word_1_10' title='bbox 1256 540 1606 611; x_wconf 77' lang='lat' dir='ltr'>arboribus</span> <span class='ocrx_word' id='word_1_11' title='bbox 1632 540 1753 609; x_wconf 90' lang='lat' dir='ltr'>diu</span> <span class='ocrx_word' id='word_1_12' title='bbox 1794 539 2134 633; x_wconf 77' lang='lat' dir='ltr'><strong>pependit.</strong></span> <span class='ocrx_word' id='word_1_13' title='bbox 2184 546 2330 613; x_wconf 89' lang='lat' dir='ltr'>An·</span> 
     </span>
     <span class='ocr_line' id='line_1_3' title="bbox 61 655 2328 749; baseline 0.001 -25"><span class='ocrx_word' id='word_1_14' title='bbox 61 659 336 727; x_wconf 78' lang='lat' dir='ltr'>tonius</span> <span class='ocrx_word' id='word_1_15' title='bbox 378 656 627 725; x_wconf 80' lang='lat' dir='ltr'>Bobius</span> <span class='ocrx_word' id='word_1_16' title='bbox 670 679 1088 747; x_wconf 87' lang='lat' dir='ltr'>quamquam</span> <span class='ocrx_word' id='word_1_17' title='bbox 1140 655 1227 722; x_wconf 87' lang='lat' dir='ltr'>de</span> <span class='ocrx_word' id='word_1_18' title='bbox 1279 655 1405 732; x_wconf 83' lang='lat' dir='ltr'>filii</span> <span class='ocrx_word' id='word_1_19' title='bbox 1465 679 1625 726; x_wconf 86' lang='lat' dir='ltr'>casu</span> <span class='ocrx_word' id='word_1_20' title='bbox 1688 661 1972 747; x_wconf 81' lang='lat' dir='ltr'>graviter</span> <span class='ocrx_word' id='word_1_21' title='bbox 2033 681 2328 749; x_wconf 87' lang='lat' dir='ltr'>conque-</span> 
     </span>
     <span class='ocr_line' id='line_1_4' title="bbox 65 773 2326 865; baseline 0.001 -24"><span class='ocrx_word' id='word_1_22' title='bbox 65 788 275 855; x_wconf 81' lang='lat' dir='ltr'>stus,</span> <span class='ocrx_word' id='word_1_23' title='bbox 310 773 767 865; x_wconf 83' lang='lat' dir='ltr'>Alphonsum‚</span> <span class='ocrx_word' id='word_1_24' title='bbox 800 773 985 864; x_wconf 88' lang='lat' dir='ltr'>quod</span> <span class='ocrx_word' id='word_1_25' title='bbox 1031 776 1094 840; x_wconf 86' lang='lat' dir='ltr'>ei</span> <span class='ocrx_word' id='word_1_26' title='bbox 1140 776 1439 841; x_wconf 85' lang='lat' dir='ltr'>criminis</span> <span class='ocrx_word' id='word_1_27' title='bbox 1469 797 1661 841; x_wconf 87' lang='lat' dir='ltr'>reum</span> <span class='ocrx_word' id='word_1_28' title='bbox 1699 775 1955 843; x_wconf 80' lang='lat' dir='ltr'><strong>tradere</strong></span> <span class='ocrx_word' id='word_1_29' title='bbox 1982 774 2326 857; x_wconf 84' lang='lat' dir='ltr'>noluisset,</span> 
     </span>
     <span class='ocr_line' id='line_1_5' title="bbox 68 887 2328 979; baseline 0.002 -22"><span class='ocrx_word' id='word_1_30' title='bbox 68 891 178 957; x_wconf 78' lang='lat' dir='ltr'>ad</span> <span class='ocrx_word' id='word_1_31' title='bbox 231 889 718 958; x_wconf 85' lang='lat' dir='ltr'>vindicandum</span> <span class='ocrx_word' id='word_1_32' title='bbox 774 887 988 957; x_wconf 71' lang='lat' dir='ltr'>scelus</span> <span class='ocrx_word' id='word_1_33' title='bbox 1040 887 1452 979; x_wconf 82' lang='lat' dir='ltr'>frigidiorem</span> <span class='ocrx_word' id='word_1_34' title='bbox 1505 893 1786 958; x_wconf 83' lang='lat' dir='ltr'>invenit.</span> <span class='ocrx_word' id='word_1_35' title='bbox 1830 889 2118 959; x_wconf 87' lang='lat' dir='ltr'>Michael</span> <span class='ocrx_word' id='word_1_36' title='bbox 2168 916 2328 961; x_wconf 83' lang='lat' dir='ltr'>vero</span> 
     </span>
     <span class='ocr_line' id='line_1_6' title="bbox 67 1003 2329 1102; baseline 0 -27"><span class='ocrx_word' id='word_1_37' title='bbox 67 1004 527 1075; x_wconf 78' lang='lat' dir='ltr'>Mirandulae</span> <span class='ocrx_word' id='word_1_38' title='bbox 560 1029 601 1077; x_wconf 89' lang='lat' dir='ltr'>a</span> <span class='ocrx_word' id='word_1_39' title='bbox 630 1004 941 1073; x_wconf 84' lang='lat' dir='ltr'>Gnidone</span> <span class='ocrx_word' id='word_1_40' title='bbox 972 1003 1221 1102; x_wconf 70' lang='lat' dir='ltr'>Savipa</span> <span class='ocrx_word' id='word_1_41' title='bbox 1250 1004 1605 1096; x_wconf 86' lang='lat' dir='ltr'>Guelphae</span> <span class='ocrx_word' id='word_1_42' title='bbox 1643 1003 1956 1075; x_wconf 79' lang='lat' dir='ltr'><strong>factionis</strong></span> <span class='ocrx_word' id='word_1_43' title='bbox 2001 1010 2329 1098; x_wconf 83' lang='lat' dir='ltr'>principe,</span> 
     </span>
    </p>
   </div>
   <div class='ocr_carea' id='block_1_3' title="bbox 71 1118 2365 1327">
    <p class='ocr_par' dir='ltr' id='par_1_3' title="bbox 71 1118 2365 1327">
     <span class='ocr_line' id='line_1_7' title="bbox 71 1118 2317 1213; baseline 0.001 -24"><span class='ocrx_word' id='word_1_44' title='bbox 71 1121 294 1213; x_wconf 81' lang='lat' dir='ltr'>apud</span> <span class='ocrx_word' id='word_1_45' title='bbox 323 1143 523 1212; x_wconf 86' lang='lat' dir='ltr'>quem</span> <span class='ocrx_word' id='word_1_46' title='bbox 569 1118 1022 1207; x_wconf 73' lang='lat' dir='ltr'>jactabundus</span> <span class='ocrx_word' id='word_1_47' title='bbox 1065 1120 1149 1188; x_wconf 91' lang='lat' dir='ltr'>de</span> <span class='ocrx_word' id='word_1_48' title='bbox 1194 1118 1488 1189; x_wconf 81' lang='lat' dir='ltr'>facinore</span> <span class='ocrx_word' id='word_1_49' title='bbox 1531 1120 1857 1211; x_wconf 85' lang='lat' dir='ltr'>gloriatus</span> <span class='ocrx_word' id='word_1_50' title='bbox 1896 1134 2070 1204; x_wconf 87' lang='lat' dir='ltr'>erat,</span> <span class='ocrx_word' id='word_1_51' title='bbox 2094 1123 2317 1213; x_wconf 89' lang='lat' dir='ltr'>gladio</span> 
     </span>
     <span class='ocr_line' id='line_1_8' title="bbox 76 1234 2365 1327; baseline -0.001 -21"><span class='ocrx_word' id='word_1_52' title='bbox 76 1234 528 1317; x_wconf 79' lang='lat' dir='ltr'>transfossus,</span> <span class='ocrx_word' id='word_1_53' title='bbox 572 1235 833 1303; x_wconf 88' lang='lat' dir='ltr'>sceleris</span> <span class='ocrx_word' id='word_1_54' title='bbox 877 1259 1122 1327; x_wconf 85' lang='lat' dir='ltr'>poenas</span> <span class='ocrx_word' id='word_1_55' title='bbox 1165 1236 1376 1304; x_wconf 83' lang='lat' dir='ltr'>dedit.</span> <span class='ocrx_word' id='word_1_56' title='bbox 2152 1291 2161 1298; x_wconf 86' lang='lat'>.</span> <span class='ocrx_word' id='word_1_57' title='bbox 2346 1276 2365 1310; x_wconf 44' lang='lat' dir='ltr'>r</span> 
     </span>
    </p>
   </div>
   <div class='ocr_carea' id='block_1_4' title="bbox 79 1350 2443 4250">
    <p class='ocr_par' dir='ltr' id='par_1_4' title="bbox 79 1350 2443 4250">
     <span class='ocr_line' id='line_1_9' title="bbox 240 1350 2333 1437; baseline 0 -18"><span class='ocrx_word' id='word_1_58' title='bbox 240 1353 396 1423; x_wconf 77' lang='lat' dir='ltr'>Hoc</span> <span class='ocrx_word' id='word_1_59' title='bbox 434 1375 611 1420; x_wconf 88' lang='lat' dir='ltr'>anno</span> <span class='ocrx_word' id='word_1_60' title='bbox 654 1350 784 1418; x_wconf 85' lang='lat' dir='ltr'>sub</span> <span class='ocrx_word' id='word_1_61' title='bbox 829 1354 1076 1419; x_wconf 83' lang='lat' dir='ltr'>mensis</span> <span class='ocrx_word' id='word_1_62' title='bbox 1128 1354 1355 1419; x_wconf 87' lang='lat' dir='ltr'>martii</span> <span class='ocrx_word' id='word_1_63' title='bbox 1416 1353 1692 1420; x_wconf 89' lang='lat' dir='ltr'>initium</span> <span class='ocrx_word' id='word_1_64' title='bbox 1750 1350 2106 1437; x_wconf 73' lang='lat' dir='ltr'>columnae</span> <span class='ocrx_word' id='word_1_65' title='bbox 2156 1376 2333 1420; x_wconf 85' lang='lat' dir='ltr'>mar-</span> 
     </span>
     <span class='ocr_line' id='line_1_10' title="bbox 82 1449 2332 1560; baseline 0 -23"><span class='ocrx_word' id='word_1_66' title='bbox 82 1491 381 1538; x_wconf 86' lang='lat' dir='ltr'>moreae</span> <span class='ocrx_word' id='word_1_67' title='bbox 410 1472 592 1536; x_wconf 89' lang='lat' dir='ltr'>cruci</span> <span class='ocrx_word' id='word_1_68' title='bbox 624 1466 808 1535; x_wconf 86' lang='lat' dir='ltr'>affixi</span> <span class='ocrx_word' id='word_1_69' title='bbox 838 1466 1207 1537; x_wconf 86' lang='lat' dir='ltr'>Salvatoris</span> <span class='ocrx_word' id='word_1_70' title='bbox 1239 1469 1520 1538; x_wconf 86' lang='lat' dir='ltr'>Domini</span> <span class='ocrx_word' id='word_1_71' title='bbox 1567 1449 1850 1559; x_wconf 84' lang='lat' dir='ltr'>effigiem</span> <span class='ocrx_word' id='word_1_72' title='bbox 1896 1492 2098 1560; x_wconf 83' lang='lat' dir='ltr'>supra</span> <span class='ocrx_word' id='word_1_73' title='bbox 2145 1494 2332 1538; x_wconf 89' lang='lat' dir='ltr'>aram</span> 
     </span>
     <span class='ocr_line' id='line_1_11' title="bbox 85 1584 2330 1676; baseline 0.001 -22"><span class='ocrx_word' id='word_1_74' title='bbox 85 1587 437 1673; x_wconf 85' lang='lat' dir='ltr'>majorem</span> <span class='ocrx_word' id='word_1_75' title='bbox 496 1584 825 1676; x_wconf 89' lang='lat' dir='ltr'>pontificii</span> <span class='ocrx_word' id='word_1_76' title='bbox 885 1586 1126 1676; x_wconf 90' lang='lat' dir='ltr'>templi</span> <span class='ocrx_word' id='word_1_77' title='bbox 1171 1589 1573 1656; x_wconf 79' lang='lat' dir='ltr'>sustinentes</span> <span class='ocrx_word' id='word_1_78' title='bbox 1617 1587 1982 1656; x_wconf 79' lang='lat' dir='ltr'>collocatae</span> <span class='ocrx_word' id='word_1_79' title='bbox 2028 1585 2330 1657; x_wconf 89' lang='lat' dir='ltr'>fuerunt.</span> 
     </span>
     <span class='ocr_line' id='line_1_12' title="bbox 92 1689 2333 1786; baseline 0 -15"><span class='ocrx_word' id='word_1_80' title='bbox 92 1704 278 1771; x_wconf 84' lang='lat' dir='ltr'>Dux</span> <span class='ocrx_word' id='word_1_81' title='bbox 321 1726 485 1772; x_wconf 82' lang='lat' dir='ltr'>vero</span> <span class='ocrx_word' id='word_1_82' title='bbox 529 1726 707 1771; x_wconf 91' lang='lat' dir='ltr'>nono</span> <span class='ocrx_word' id='word_1_83' title='bbox 753 1701 1059 1770; x_wconf 84' lang='lat' dir='ltr'>calendas</span> <span class='ocrx_word' id='word_1_84' title='bbox 1120 1706 1286 1770; x_wconf 88' lang='lat' dir='ltr'>maii</span> <span class='ocrx_word' id='word_1_85' title='bbox 1347 1703 1538 1771; x_wconf 87' lang='lat' dir='ltr'>mille</span> <span class='ocrx_word' id='word_1_86' title='bbox 1599 1689 1916 1774; x_wconf 79' lang='lat' dir='ltr'>sextarios</span> <span class='ocrx_word' id='word_1_87' title='bbox 1976 1701 2333 1786; x_wconf 88' lang='lat' dir='ltr'>frumenti,</span> 
     </span>
     <span class='ocr_line' id='line_1_13' title="bbox 95 1818 2333 1904; baseline 0 -15"><span class='ocrx_word' id='word_1_88' title='bbox 95 1818 400 1890; x_wconf 78' lang='lat' dir='ltr'>totidem</span> <span class='ocrx_word' id='word_1_89' title='bbox 442 1842 635 1900; x_wconf 82' lang='lat' dir='ltr'>zeae,</span> <span class='ocrx_word' id='word_1_90' title='bbox 681 1831 752 1904; x_wconf 82' lang='lat' dir='ltr'>et</span> <span class='ocrx_word' id='word_1_91' title='bbox 814 1818 987 1885; x_wconf 83' lang='lat' dir='ltr'>milii</span> <span class='ocrx_word' id='word_1_92' title='bbox 1047 1818 1250 1886; x_wconf 84' lang='lat' dir='ltr'>indici</span> <span class='ocrx_word' id='word_1_93' title='bbox 1314 1843 1472 1886; x_wconf 90' lang='lat' dir='ltr'>cum</span> <span class='ocrx_word' id='word_1_94' title='bbox 1536 1818 1987 1902; x_wconf 86' lang='lat' dir='ltr'>salsamentis,</span> <span class='ocrx_word' id='word_1_95' title='bbox 2033 1834 2103 1888; x_wconf 90' lang='lat' dir='ltr'>et</span> <span class='ocrx_word' id='word_1_96' title='bbox 2146 1821 2333 1889; x_wconf 87' lang='lat' dir='ltr'>mille</span> 
     </span>
     <span class='ocr_line' id='line_1_14' title="bbox 100 1933 2336 2026; baseline -0.001 -20"><span class='ocrx_word' id='word_1_97' title='bbox 100 1938 366 2026; x_wconf 73' lang='lat' dir='ltr'>congiis</span> <span class='ocrx_word' id='word_1_98' title='bbox 426 1938 568 2005; x_wconf 78' lang='lat' dir='ltr'>vini</span> <span class='ocrx_word' id='word_1_99' title='bbox 627 1934 713 2002; x_wconf 89' lang='lat' dir='ltr'>ad</span> <span class='ocrx_word' id='word_1_100' title='bbox 772 1933 1033 2002; x_wconf 89' lang='lat' dir='ltr'>bellum</span> <span class='ocrx_word' id='word_1_101' title='bbox 1089 1948 1322 2003; x_wconf 90' lang='lat' dir='ltr'>contra</span> <span class='ocrx_word' id='word_1_102' title='bbox 1377 1936 1671 2005; x_wconf 87' lang='lat' dir='ltr'>Venetos</span> <span class='ocrx_word' id='word_1_103' title='bbox 1715 1937 2074 2026; x_wconf 83' lang='lat' dir='ltr'>gerendum</span> <span class='ocrx_word' id='word_1_104' title='bbox 2121 1961 2163 2004; x_wconf 92' lang='lat' dir='ltr'>a</span> <span class='ocrx_word' id='word_1_105' title='bbox 2206 1939 2336 2005; x_wconf 87' lang='lat' dir='ltr'>Re-</span> 
     </span>
     <span class='ocr_line' id='line_1_15' title="bbox 79 2048 2333 2142; baseline -0 -22"><span class='ocrx_word' id='word_1_106' title='bbox 79 2050 446 2142; x_wconf 71' lang='lat' dir='ltr'>giensibus</span> <span class='ocrx_word' id='word_1_107' title='bbox 488 2050 809 2118; x_wconf 88' lang='lat' dir='ltr'>obtinuit.</span> <span class='ocrx_word' id='word_1_108' title='bbox 877 2048 959 2117; x_wconf 93' lang='lat' dir='ltr'>In</span> <span class='ocrx_word' id='word_1_109' title='bbox 1001 2048 1178 2126; x_wconf 66' lang='lat' dir='ltr'>[illos</span> <span class='ocrx_word' id='word_1_110' title='bbox 1246 2053 1427 2117; x_wconf 90' lang='lat' dir='ltr'>enim</span> <span class='ocrx_word' id='word_1_111' title='bbox 1498 2051 1900 2141; x_wconf 88' lang='lat' dir='ltr'>opulentum</span> <span class='ocrx_word' id='word_1_112' title='bbox 1963 2055 2333 2142; x_wconf 90' lang='lat' dir='ltr'>imperium</span> 
     </span>
     <span class='ocr_line' id='line_1_16' title="bbox 99 2157 2332 2260; baseline 0.001 -25"><span class='ocrx_word' id='word_1_113' title='bbox 99 2180 417 2237; x_wconf 85' lang='lat' dir='ltr'>tenentes</span> <span class='ocrx_word' id='word_1_114' title='bbox 481 2167 597 2234; x_wconf 90' lang='lat' dir='ltr'>alii</span> <span class='ocrx_word' id='word_1_115' title='bbox 660 2165 869 2234; x_wconf 85' lang='lat' dir='ltr'>ferme</span> <span class='ocrx_word' id='word_1_116' title='bbox 935 2190 1167 2236; x_wconf 89' lang='lat' dir='ltr'>omnes</span> <span class='ocrx_word' id='word_1_117' title='bbox 1235 2157 1416 2236; x_wconf 79' lang='lat' dir='ltr'>orbis</span> <span class='ocrx_word' id='word_1_118' title='bbox 1484 2168 1831 2236; x_wconf 73' lang='lat' dir='ltr'>christiani</span> <span class='ocrx_word' id='word_1_119' title='bbox 1875 2172 2200 2260; x_wconf 80' lang='lat' dir='ltr'>principes</span> <span class='ocrx_word' id='word_1_120' title='bbox 2246 2170 2332 2237; x_wconf 85' lang='lat' dir='ltr'>ad</span> 
     </span>
     <span class='ocr_line' id='line_1_17' title="bbox 99 2285 2334 2378; baseline -0 -24"><span class='ocrx_word' id='word_1_121' title='bbox 99 2286 350 2354; x_wconf 86' lang='lat' dir='ltr'>urbem</span> <span class='ocrx_word' id='word_1_122' title='bbox 395 2286 836 2353; x_wconf 77' lang='lat' dir='ltr'>cameracum</span> <span class='ocrx_word' id='word_1_123' title='bbox 879 2287 950 2352; x_wconf 90' lang='lat' dir='ltr'>in</span> <span class='ocrx_word' id='word_1_124' title='bbox 996 2285 1217 2375; x_wconf 86' lang='lat' dir='ltr'>Belgis</span> <span class='ocrx_word' id='word_1_125' title='bbox 1257 2290 1842 2378; x_wconf 74' lang='lat' dir='ltr'>conspiraverant,</span> <span class='ocrx_word' id='word_1_126' title='bbox 1890 2299 2084 2370; x_wconf 68' lang='lat' dir='ltr'>tantq</span> <span class='ocrx_word' id='word_1_127' title='bbox 2133 2287 2334 2354; x_wconf 89' lang='lat' dir='ltr'>silen-</span> 
     </span>
     <span class='ocr_line' id='line_1_18' title="bbox 102 2377 2330 2495; baseline -0.002 -21"><span class='ocrx_word' id='word_1_128' title='bbox 102 2408 242 2486; x_wconf 81' lang='lat' dir='ltr'>tio,</span> <span class='ocrx_word' id='word_1_129' title='bbox 293 2416 394 2471; x_wconf 77' lang='lat' dir='ltr'>&#39;ut</span> <span class='ocrx_word' id='word_1_130' title='bbox 460 2428 596 2473; x_wconf 89' lang='lat' dir='ltr'>non</span> <span class='ocrx_word' id='word_1_131' title='bbox 662 2405 788 2472; x_wconf 88' lang='lat' dir='ltr'>nisi</span> <span class='ocrx_word' id='word_1_132' title='bbox 857 2403 1185 2492; x_wconf 84' lang='lat' dir='ltr'>expeditis</span> <span class='ocrx_word' id='word_1_133' title='bbox 1241 2409 1439 2471; x_wconf 88' lang='lat' dir='ltr'>armis</span> <span class='ocrx_word' id='word_1_134' title='bbox 1494 2405 1566 2472; x_wconf 92' lang='lat' dir='ltr'>id</span> <span class='ocrx_word' id='word_1_135' title='bbox 1623 2406 1926 2473; x_wconf 82' lang='lat' dir='ltr'>Venetiis</span> <span class='ocrx_word' id='word_1_136' title='bbox 1983 2377 2330 2495; x_wconf 82' lang='lat' dir='ltr'>cognitum</span> 
     </span>
     <span class='ocr_line' id='line_1_19' title="bbox 103 2518 2336 2601; baseline -0.001 -13"><span class='ocrx_word' id='word_1_137' title='bbox 103 2519 338 2589; x_wconf 83' lang='lat' dir='ltr'>fuerit.</span> <span class='ocrx_word' id='word_1_138' title='bbox 386 2518 682 2590; x_wconf 87' lang='lat' dir='ltr'>Dolebat</span> <span class='ocrx_word' id='word_1_139' title='bbox 733 2518 1062 2587; x_wconf 14' lang='lat' dir='ltr'>Pontifex&amp;</span> <span class='ocrx_word' id='word_1_140' title='bbox 1107 2523 1176 2587; x_wconf 90' lang='lat' dir='ltr'>in</span> <span class='ocrx_word' id='word_1_141' title='bbox 1221 2521 1560 2589; x_wconf 86' lang='lat' dir='ltr'>Flaminia</span> <span class='ocrx_word' id='word_1_142' title='bbox 1604 2522 2023 2601; x_wconf 84' lang='lat' dir='ltr'>Ariminum,</span> <span class='ocrx_word' id='word_1_143' title='bbox 2078 2532 2149 2587; x_wconf 88' lang='lat' dir='ltr'>et</span> <span class='ocrx_word' id='word_1_144' title='bbox 2204 2523 2336 2587; x_wconf 89' lang='lat' dir='ltr'>Fa-</span> 
     </span>
     <span class='ocr_line' id='line_1_20' title="bbox 109 2631 2338 2727; baseline -0.001 -20"><span class='ocrx_word' id='word_1_145' title='bbox 109 2639 414 2707; x_wconf 77' lang='lat' dir='ltr'>ventiam</span> <span class='ocrx_word' id='word_1_146' title='bbox 466 2660 589 2706; x_wconf 86' lang='lat' dir='ltr'>suo</span> <span class='ocrx_word' id='word_1_147' title='bbox 645 2638 923 2725; x_wconf 87' lang='lat' dir='ltr'>imperio</span> <span class='ocrx_word' id='word_1_148' title='bbox 985 2631 1284 2727; x_wconf 79' lang='lat' dir='ltr'>ereptam</span> <span class='ocrx_word' id='word_1_149' title='bbox 1329 2637 1643 2718; x_wconf 88' lang='lat' dir='ltr'>detineri,</span> <span class='ocrx_word' id='word_1_150' title='bbox 1697 2641 1769 2704; x_wconf 89' lang='lat' dir='ltr'>in</span> <span class='ocrx_word' id='word_1_151' title='bbox 1813 2636 2068 2726; x_wconf 87' lang='lat' dir='ltr'>Apulia</span> <span class='ocrx_word' id='word_1_152' title='bbox 2121 2636 2338 2704; x_wconf 88' lang='lat' dir='ltr'>Brun·</span> 
     </span>
     <span class='ocr_line' id='line_1_21' title="bbox 110 2753 2330 2845; baseline -0.002 -21"><span class='ocrx_word' id='word_1_153' title='bbox 110 2756 418 2837; x_wconf 85' lang='lat' dir='ltr'>dusium,</span> <span class='ocrx_word' id='word_1_154' title='bbox 455 2754 826 2835; x_wconf 82' lang='lat' dir='ltr'>Tranium,</span> <span class='ocrx_word' id='word_1_155' title='bbox 868 2753 1287 2845; x_wconf 88' lang='lat' dir='ltr'>Sypontum,</span> <span class='ocrx_word' id='word_1_156' title='bbox 1330 2754 1883 2845; x_wconf 87' lang='lat' dir='ltr'>Monopolimque</span> <span class='ocrx_word' id='word_1_157' title='bbox 1925 2753 2330 2845; x_wconf 87' lang='lat' dir='ltr'>jampridem</span> 
     </span>
     <span class='ocr_line' id='line_1_22' title="bbox 113 2864 2333 2963; baseline -0.001 -23"><span class='ocrx_word' id='word_1_158' title='bbox 113 2874 274 2963; x_wconf 78' lang='lat' dir='ltr'>ipsis</span> <span class='ocrx_word' id='word_1_159' title='bbox 315 2870 411 2939; x_wconf 89' lang='lat' dir='ltr'>ab</span> <span class='ocrx_word' id='word_1_160' title='bbox 452 2864 798 2961; x_wconf 81' lang='lat' dir='ltr'>Aragoniis</span> <span class='ocrx_word' id='word_1_161' title='bbox 858 2874 1322 2962; x_wconf 89' lang='lat' dir='ltr'>oppignoratas</span> <span class='ocrx_word' id='word_1_162' title='bbox 1384 2870 1591 2938; x_wconf 87' lang='lat' dir='ltr'>adimi</span> <span class='ocrx_word' id='word_1_163' title='bbox 1657 2872 1995 2960; x_wconf 85' lang='lat' dir='ltr'>Hispanus</span> <span class='ocrx_word' id='word_1_164' title='bbox 2050 2869 2333 2960; x_wconf 89' lang='lat' dir='ltr'>Neapoli</span> 
     </span>
     <span class='ocr_line' id='line_1_23' title="bbox 114 2982 2352 3082; baseline -0.001 -25"><span class='ocrx_word' id='word_1_165' title='bbox 114 3012 336 3070; x_wconf 77' lang='lat' dir='ltr'>rerum</span> <span class='ocrx_word' id='word_1_166' title='bbox 392 2991 650 3079; x_wconf 84' lang='lat' dir='ltr'>potitus</span> <span class='ocrx_word' id='word_1_167' title='bbox 703 2988 1204 3080; x_wconf 77' lang='lat' dir='ltr'>indignabatur.</span> <span class='ocrx_word' id='word_1_168' title='bbox 1250 2988 1329 3056; x_wconf 91' lang='lat' dir='ltr'>In</span> <span class='ocrx_word' id='word_1_169' title='bbox 1376 2987 1550 3057; x_wconf 89' lang='lat' dir='ltr'>Foro</span> <span class='ocrx_word' id='word_1_170' title='bbox 1595 2988 1634 3065; x_wconf 87' lang='lat' dir='ltr'>J</span> <span class='ocrx_word' id='word_1_171' title='bbox 1641 2982 2009 3055; x_wconf 83' lang='lat' dir='ltr'>uliensibus</span> <span class='ocrx_word' id='word_1_172' title='bbox 2053 3010 2352 3082; x_wconf 67' lang='lat' dir='ltr'>quoque</span> 
     </span>
     <span class='ocr_line' id='line_1_24' title="bbox 115 3091 2443 3202; baseline -0.003 -26"><span class='ocrx_word' id='word_1_173' title='bbox 115 3106 450 3176; x_wconf 85' lang='lat' dir='ltr'>Goritiam</span> <span class='ocrx_word' id='word_1_174' title='bbox 493 3105 940 3197; x_wconf 82' lang='lat' dir='ltr'>Tergesteque</span> <span class='ocrx_word' id='word_1_175' title='bbox 1008 3106 1096 3173; x_wconf 90' lang='lat' dir='ltr'>ab</span> <span class='ocrx_word' id='word_1_176' title='bbox 1135 3091 1398 3202; x_wconf 29' lang='lat' dir='ltr'>*iisdem</span> <span class='ocrx_word' id='word_1_177' title='bbox 1468 3105 1781 3196; x_wconf 86' lang='lat' dir='ltr'>possideri</span> <span class='ocrx_word' id='word_1_178' title='bbox 1830 3105 2074 3172; x_wconf 84' lang='lat' dir='ltr'>Caesar</span> <span class='ocrx_word' id='word_1_179' title='bbox 2139 3127 2334 3194; x_wconf 88' lang='lat' dir='ltr'>aegre</span> <span class='ocrx_word' id='word_1_180' title='bbox 2438 3163 2443 3168; x_wconf 83' lang='lat'>.</span> 
     </span>
     <span class='ocr_line' id='line_1_25' title="bbox 117 3221 2332 3313; baseline 0 -23"><span class='ocrx_word' id='word_1_181' title='bbox 117 3221 394 3291; x_wconf 85' lang='lat' dir='ltr'>ferebat.</span> <span class='ocrx_word' id='word_1_182' title='bbox 439 3221 678 3292; x_wconf 83' lang='lat' dir='ltr'>Gallus</span> <span class='ocrx_word' id='word_1_183' title='bbox 721 3235 790 3289; x_wconf 90' lang='lat' dir='ltr'>et</span> <span class='ocrx_word' id='word_1_184' title='bbox 835 3225 975 3313; x_wconf 89' lang='lat' dir='ltr'>ipse</span> <span class='ocrx_word' id='word_1_185' title='bbox 1012 3223 1414 3291; x_wconf 86' lang='lat' dir='ltr'>Cremonam</span> <span class='ocrx_word' id='word_1_186' title='bbox 1458 3246 1619 3290; x_wconf 86' lang='lat' dir='ltr'>suae</span> <span class='ocrx_word' id='word_1_187' title='bbox 1664 3221 1905 3291; x_wconf 85' lang='lat' dir='ltr'>diti&#39;oni</span> <span class='ocrx_word' id='word_1_188' title='bbox 1951 3221 2332 3290; x_wconf 85' lang='lat' dir='ltr'>detractam</span> 
     </span>
     <span class='ocr_line' id='line_1_26' title="bbox 117 3338 2335 3431; baseline -0.001 -23"><span class='ocrx_word' id='word_1_189' title='bbox 117 3340 542 3431; x_wconf 84' lang='lat' dir='ltr'>querebatur.</span> <span class='ocrx_word' id='word_1_190' title='bbox 594 3338 934 3408; x_wconf 80' lang='lat' dir='ltr'>Adversus</span> <span class='ocrx_word' id='word_1_191' title='bbox 988 3362 1101 3407; x_wconf 89' lang='lat' dir='ltr'>eos</span> <span class='ocrx_word' id='word_1_192' title='bbox 1156 3341 1359 3429; x_wconf 87' lang='lat' dir='ltr'>igitur</span> <span class='ocrx_word' id='word_1_193' title='bbox 1411 3338 1604 3406; x_wconf 83' lang='lat' dir='ltr'>velut</span> <span class='ocrx_word' id='word_1_194' title='bbox 1648 3338 1851 3405; x_wconf 90' lang='lat' dir='ltr'>alieni</span> <span class='ocrx_word' id='word_1_195' title='bbox 1901 3350 2335 3428; x_wconf 86' lang='lat' dir='ltr'>occupatores</span> 
     </span>
     <span class='ocr_line' id='line_1_27' title="bbox 119 3452 2336 3546; baseline -0.001 -24"><span class='ocrx_word' id='word_1_196' title='bbox 119 3479 272 3523; x_wconf 86' lang='lat' dir='ltr'>cum</span> <span class='ocrx_word' id='word_1_197' title='bbox 333 3454 548 3537; x_wconf 86' lang='lat' dir='ltr'>Galli,</span> <span class='ocrx_word' id='word_1_198' title='bbox 595 3456 908 3546; x_wconf 87' lang='lat' dir='ltr'>Hispani,</span> <span class='ocrx_word' id='word_1_199' title='bbox 950 3454 1452 3523; x_wconf 83' lang='lat' dir='ltr'>Maximilianus</span> <span class='ocrx_word' id='word_1_200' title='bbox 1504 3455 1788 3535; x_wconf 84' lang='lat' dir='ltr'>Caesar,</span> <span class='ocrx_word' id='word_1_201' title='bbox 1842 3452 2198 3537; x_wconf 84' lang='lat' dir='ltr'>Pontifex,</span> <span class='ocrx_word' id='word_1_202' title='bbox 2262 3466 2336 3520; x_wconf 90' lang='lat' dir='ltr'>et</span> 
     </span>
     <span class='ocr_line' id='line_1_28' title="bbox 121 3569 2333 3663; baseline -0.002 -23"><span class='ocrx_word' id='word_1_203' title='bbox 121 3571 503 3663; x_wconf 81' lang='lat' dir='ltr'>Alpbonsus</span> <span class='ocrx_word' id='word_1_204' title='bbox 533 3573 877 3639; x_wconf 87' lang='lat' dir='ltr'>Atestinus</span> <span class='ocrx_word' id='word_1_205' title='bbox 920 3571 1399 3658; x_wconf 86' lang='lat' dir='ltr'>conjurassent,</span> <span class='ocrx_word' id='word_1_206' title='bbox 1445 3570 1704 3644; x_wconf 82' lang='lat' dir='ltr'>multae</span> <span class='ocrx_word' id='word_1_207' title='bbox 1750 3570 2051 3638; x_wconf 88' lang='lat' dir='ltr'>militum</span> <span class='ocrx_word' id='word_1_208' title='bbox 2097 3569 2333 3639; x_wconf 85' lang='lat' dir='ltr'>cohor-</span> 
     </span>
     <span class='ocr_line' id='line_1_29' title="bbox 127 3686 2338 3779; baseline -0.002 -24"><span class='ocrx_word' id='word_1_209' title='bbox 127 3703 227 3757; x_wconf 82' lang='lat' dir='ltr'>tes</span> <span class='ocrx_word' id='word_1_210' title='bbox 247 3740 271 3769; x_wconf 89' lang='lat'>,</span> <span class='ocrx_word' id='word_1_211' title='bbox 315 3701 393 3755; x_wconf 90' lang='lat' dir='ltr'>ut</span> <span class='ocrx_word' id='word_1_212' title='bbox 438 3688 670 3771; x_wconf 88' lang='lat' dir='ltr'>urbes,</span> <span class='ocrx_word' id='word_1_213' title='bbox 713 3712 890 3779; x_wconf 85' lang='lat' dir='ltr'>quae</span> <span class='ocrx_word' id='word_1_214' title='bbox 931 3688 1096 3775; x_wconf 85' lang='lat' dir='ltr'>juris</span> <span class='ocrx_word' id='word_1_215' title='bbox 1141 3686 1467 3779; x_wconf 88' lang='lat' dir='ltr'>pontificii</span> <span class='ocrx_word' id='word_1_216' title='bbox 1510 3708 1646 3755; x_wconf 88' lang='lat' dir='ltr'>esse</span> <span class='ocrx_word' id='word_1_217' title='bbox 1689 3687 2115 3768; x_wconf 87' lang='lat' dir='ltr'>dicebantur,</span> <span class='ocrx_word' id='word_1_218' title='bbox 2161 3686 2338 3755; x_wconf 91' lang='lat' dir='ltr'>obsi-</span> 
     </span>
     <span class='ocr_line' id='line_1_30' title="bbox 125 3799 2340 3896; baseline -0.003 -21"><span class='ocrx_word' id='word_1_219' title='bbox 125 3807 385 3887; x_wconf 88' lang='lat' dir='ltr'>derent,</span> <span class='ocrx_word' id='word_1_220' title='bbox 429 3805 640 3896; x_wconf 84' lang='lat' dir='ltr'>Regio</span> <span class='ocrx_word' id='word_1_221' title='bbox 700 3809 1123 3873; x_wconf 86' lang='lat' dir='ltr'>transierunt.</span> <span class='ocrx_word' id='word_1_222' title='bbox 1178 3804 1364 3872; x_wconf 27' lang='lat' dir='ltr'>E&#39;am.</span> <span class='ocrx_word' id='word_1_223' title='bbox 1409 3805 1904 3895; x_wconf 84' lang='lat' dir='ltr'>expeditionem</span> <span class='ocrx_word' id='word_1_224' title='bbox 1965 3802 2132 3873; x_wconf 88' lang='lat' dir='ltr'>adeo</span> <span class='ocrx_word' id='word_1_225' title='bbox 2189 3799 2340 3869; x_wconf 86' lang='lat' dir='ltr'>feli-</span> 
     </span>
     <span class='ocr_line' id='line_1_31' title="bbox 127 3911 2335 4003; baseline -0.001 -13"><span class='ocrx_word' id='word_1_226' title='bbox 127 3923 285 3992; x_wconf 89' lang='lat' dir='ltr'>citer</span> <span class='ocrx_word' id='word_1_227' title='bbox 309 3921 531 4001; x_wconf 86' lang='lat' dir='ltr'>Julius</span> <span class='ocrx_word' id='word_1_228' title='bbox 576 3920 896 4003; x_wconf 84' lang='lat' dir='ltr'>confecit,</span> <span class='ocrx_word' id='word_1_229' title='bbox 942 3935 1020 3988; x_wconf 91' lang='lat' dir='ltr'>ut</span> <span class='ocrx_word' id='word_1_230' title='bbox 1064 3944 1197 3989; x_wconf 89' lang='lat' dir='ltr'>non</span> <span class='ocrx_word' id='word_1_231' title='bbox 1241 3919 1462 3990; x_wconf 85' lang='lat' dir='ltr'>solum</span> <span class='ocrx_word' id='word_1_232' title='bbox 1495 3911 1910 4002; x_wconf 75' lang='lat' dir='ltr'>Ariminum,</span> <span class='ocrx_word' id='word_1_233' title='bbox 1958 3933 2028 3986; x_wconf 91' lang='lat' dir='ltr'>et</span> <span class='ocrx_word' id='word_1_234' title='bbox 2071 3920 2335 3988; x_wconf 87' lang='lat' dir='ltr'>Faven-</span> 
     </span>
     <span class='ocr_line' id='line_1_32' title="bbox 127 4034 2338 4121; baseline -0.003 -13"><span class='ocrx_word' id='word_1_235' title='bbox 127 4041 319 4121; x_wconf 84' lang='lat' dir='ltr'>tiam,</span> <span class='ocrx_word' id='word_1_236' title='bbox 364 4060 600 4106; x_wconf 78' lang='lat' dir='ltr'>verum</span> <span class='ocrx_word' id='word_1_237' title='bbox 655 4041 858 4106; x_wconf 91' lang='lat' dir='ltr'>etiam</span> <span class='ocrx_word' id='word_1_238' title='bbox 905 4037 1220 4105; x_wconf 76' lang='lat' dir='ltr'>Cei-viam</span> <span class='ocrx_word' id='word_1_239' title='bbox 1265 4050 1333 4104; x_wconf 90' lang='lat' dir='ltr'>et</span> <span class='ocrx_word' id='word_1_240' title='bbox 1377 4036 1771 4108; x_wconf 88' lang='lat' dir='ltr'>Ravennam</span> <span class='ocrx_word' id='word_1_241' title='bbox 1825 4039 1966 4104; x_wconf 86' lang='lat' dir='ltr'>sine</span> <span class='ocrx_word' id='word_1_242' title='bbox 2020 4034 2165 4104; x_wconf 89' lang='lat' dir='ltr'>ullo</span> <span class='ocrx_word' id='word_1_243' title='bbox 2223 4058 2338 4101; x_wconf 88' lang='lat' dir='ltr'>ne-</span> 
     </span>
     <span class='ocr_line' id='line_1_33' title="bbox 126 4149 2335 4250; baseline -0.005 -24"><span class='ocrx_word' id='word_1_244' title='bbox 126 4160 302 4250; x_wconf 82' lang='lat' dir='ltr'>gotio</span> <span class='ocrx_word' id='word_1_245' title='bbox 356 4156 701 4247; x_wconf 85' lang='lat' dir='ltr'>receperit.</span> <span class='ocrx_word' id='word_1_246' title='bbox 754 4153 907 4222; x_wconf 88' lang='lat' dir='ltr'>Pari</span> <span class='ocrx_word' id='word_1_247' title='bbox 962 4156 1277 4223; x_wconf 83' lang='lat' dir='ltr'>victoriae</span> <span class='ocrx_word' id='word_1_248' title='bbox 1327 4174 1529 4224; x_wconf 87' lang='lat' dir='ltr'>cursu</span> <span class='ocrx_word' id='word_1_249' title='bbox 1582 4151 1966 4245; x_wconf 83' lang='lat' dir='ltr'>Alphonsus</span> <span class='ocrx_word' id='word_1_250' title='bbox 2019 4149 2335 4241; x_wconf 85' lang='lat' dir='ltr'>Rhodigii</span> 
     </span>
    </p>
   </div>
  </div>
 </body>
</html>
