2950 5017
735 403 820 468 80
1466 422 1697 465 annum
1741 421 2152 468 nncrsnsmm

732 540 918 607 Coss.
964 537 1222 607 Olibrio
1276 553 1343 606 et
1397 540 1700 608 Rustico.
1752 540 1999 607 Iisdem
2068 540 2459 630 temporibus
2512 541 2669 629 suit
2729 546 2925 612 alter

729 656 1026 745 Prosper
1085 661 1158 723 in
1222 656 1440 723 Gallis
1505 660 1858 746 episeopus
1916 657 2413 724 Aurelianensis
2479 659 2579 726 D.
2633 658 2915 726 Aniani

729 792 1090 854 successor,
1135 773 1227 837 ad
1267 793 1455 859 quem
1500 773 1786 859 epistola
1826 770 2109 861 Sydonii
2152 771 2561 860 Apollinaris
2579 822 2596 839 .
2640 775 2909 841 Petrus

729 884 959 952 scribit
987 887 1235 954 Divum
1265 886 1660 974 Prosperum
1692 887 1930 954 obiisse
1960 910 2134 954 anno
2163 909 2490 958 oooonxtr.
2536 888 2620 954 Ei
2667 902 2906 977 postea

728 1003 1068 1068 successit.
1116 998 1406 1068 Thomas
1472 1023 1683 1067 nonus
1744 1004 2041 1081 antistes,
2092 1008 2152 1067 si
2197 1003 2445 1070 Divum
2489 1003 2904 1091 Prosperum

730 1131 1030 1184 octavum
1064 1139 1420 1205 ponamus)
1452 1118 1554 1182 vir
1582 1115 1889 1206 religione
1920 1117 2321 1206 praeclarus,
2350 1118 2605 1185 sedente
2635 1119 2901 1186 Romae

728 1232 980 1301 Hilario
1012 1233 1043 1298 Ι
1072 1232 1351 1299 Summo
1381 1230 1697 1299 Pontifice
1728 1256 1899 1300 anno
1927 1255 2219 1299 oeccnxx
2237 1282 2254 1299 .
2294 1234 2356 1300 Is
2385 1233 2560 1299 dum·
2590 1258 2678 1299 ex
2713 1259 2899 1302 more

726 1351 794 1416 in
841 1347 1089 1437 templo
1131 1360 1342 1416 oraret
1381 1348 1603 1414 subito
1646 1371 1872 1436 sopore
1917 1372 2279 1437 oppressus,
2327 1361 2395 1414 et
2438 1373 2478 1429 a
2521 1349 2706 1418 Divo
2739 1351 2895 1417 Pro-

725 1486 908 1553 spero
951 1466 1243 1530 monitus
1286 1486 1424 1529 esse
1465 1460 1697 1541 fertur,
1749 1474 1826 1529 ut
1879 1462 2197 1529 sacellum
2256 1462 2633 1554 ampliaret:
2682 1487 2894 1552 quare

724 1576 1218 1670 expergefactus
1262 1578 1682 1667 magnificum
1732 1579 1889 1645 Divi
1936 1580 2232 1668 Prosperi
2286 1578 2677 1646 coenobium
2739 1602 2896 1645 cum

725 1696 976 1785 templo
1020 1694 1251 1763 eodem
1297 1698 1363 1762 in
1411 1694 1555 1763 loco
1600 1692 2015 1773 aedificavit3
2060 1694 2333 1783 ejusque
2388 1693 2696 1782 reliquias
2744 1719 2893 1760 sua-

722 1814 985 1877 vissime
1029 1810 1386 1878 redolentes
1433 1813 1639 1899 priore
1683 1821 2012 1876 extractas
2058 1809 2357 1891 tumulo,
2404 1809 2688 1897 hymnos
2738 1834 2892 1878 con-

721 1928 1095 1992 cinentibus
1162 1925 1471 2013 religiosis
1497 1975 1516 2004 ‚
1586 1937 1785 2013 atque
1866 1926 2170 1993 universo
2239 1936 2571 2013 spectante
2638 1924 2889 2013 populo

721 2040 847 2107 sub
889 2043 1185 2106 maxima
1227 2043 1380 2107 novi
1435 2039 1667 2128 templi
1722 2063 1834 2107 ara
1893 2052 2126 2107 octavo
2177 2039 2483 2107 calendas
2526 2039 2890 2107 decembris

721 2155 1078 2225 honorifice
1111 2156 1487 2224 collocavit.
1527 2159 1735 2222 Fama
1766 2161 1864 2223 est
1892 2168 2038 2223 tum
2070 2179 2295 2225 caecos
2324 2159 2535 2224 visum
2566 2170 2636 2223 et
2664 2157 2889 2225 surdos

722 2274 1025 2341 auditum
1069 2276 1414 2362 recepisse,
1469 2273 1784 2363 plurimos
1825 2296 2090 2364 quoque
2146 2297 2185 2339 a
2236 2272 2587 2362 deploratis
2643 2274 2889 2341 morbis

720 2402 1002 2470 sanatos,
1047 2413 1124 2456 ac
1167 2389 1528 2456 immundis
1582 2390 1912 2479 spiritibus
1964 2389 2279 2457 liberatos
2327 2388 2558 2456 fuisse:
2607 2414 2756 2455 eam
2800 2391 2888 2457 oh

720 2528 859 2570 rem
918 2509 975 2572 is
1017 2505 1156 2571 dies
1206 2503 1409 2572 festus
1455 2505 1632 2594 apud
1685 2528 1799 2572 nos
1860 2503 2298 2572 translationis
2342 2508 2608 2572 nomine
2651 2505 2890 2572 solem-

718 2622 867 2687 nius
917 2620 1310 2687 celebratur.
1366 2620 1510 2688 Alii
1554 2623 1822 2687 tradunt
1866 2622 2363 2688 translationem
2418 2621 2594 2688 hano
2624 2643 2670 2686 a
2703 2619 2885 2688 Tho-

721 2758 829 2804 ma
856 2741 1159 2804 antistite
1190 2760 1227 2803 e
1259 2736 1608 2803 Mutorum
1635 2736 1909 2824 familia
1936 2735 2203 2824 factam
2230 2736 2455 2824 fuisse
2498 2758 2679 2803 anno
2711 2757 2864 2823 700.

853 2851 1204 2920 Caeterum
1249 2852 1715 2920 Valentiniano
1759 2854 1972 2920 occiso
2016 2855 2190 2918 intra
2249 2874 2490 2941 paucos
2538 2875 2747 2919 annos
2792 2851 2889 2915 di-

718 2969 889 3034 versi
933 2970 1249 3058 principes
1293 2980 1778 3046 successerunt,
1809 2965 2013 3034 donec
2045 2965 2565 3055 costantinopoli
2611 2965 2887 3033 Flavius

719 3080 1020 3151 Valerius
1065 3085 1276 3164 Zeno,
1321 3083 1571 3149 Romae
1616 3106 1771 3150 vero
1816 3082 2075 3149 Orestes
2128 3105 2283 3147 cum
2330 3079 2705 3169 Augustulo
2749 3079 2886 3147 filio

715 3196 1151 3285 Imperatores
1224 3201 1423 3264 creati
1499 3195 1689 3262 fuere
1714 3246 1732 3261 .
1809 3197 2065 3263 Horum
2119 3198 2511 3285 ‘principum
2589 3207 2887 3284 tempore

719 3309 1017 3376 Odoacer
1060 3333 1213 3375 cum
1259 3309 1653 3390 Erulorum,
1684 3321 1752 3374 et
1782 3310 2261 3398 Turingorum,
2291 3310 2707 3398 aliarumque
2738 3331 2891 3397 gen-

717 3426 890 3490 tium
949 3428 1274 3503 comitatu
1336 3426 1422 3491 ab
1482 3427 1791 3502 extremis
1835 3426 2210 3494 Pannoniae
2268 3424 2509 3492 finibus
2555 3427 2781 3506 venit,
2822 3434 2889 3490 et

719 3539 948 3606 Oreste
993 3539 1367 3606 Pla‘centiae
1419 3538 1788 3621 interfecto,
1834 3553 2045 3608 totam
2090 3540 2355 3608 Italiam
2407 3541 2785 3629 occupavit.
2828 3538 2891 3604 Is

716 3659 968 3747 primus
1010 3655 1174 3738 fuit,
1219 3660 1335 3746 qui
1379 3681 1464 3723 ex
1507 3657 1804 3723 barbaris
1857 3657 2305 3725 Romanorum
2351 3680 2471 3724 rex
2515 3656 2892 3745 appellatus

716 3771 894 3862 apud
936 3796 1054 3842 nos
1103 3772 1325 3839 sedem
1385 3773 1764 3842 collocavit.
1810 3773 2225 3862 Augustulus
2289 3775 2353 3839 in
2413 3784 2552 3838 tam
2614 3771 2887 3838 adversa

716 3887 1009 3969 fortuna,
1040 3901 1227 3978 patre
1259 3891 1520 3970 amisso,
1551 3892 1848 3957 animum
1883 3887 2287 3978 despondens
2327 3886 2604 3952 ultimus
2635 3885 2887 3952 Romae

713 4008 1065 4093 imperator
1111 4008 1549 4095 principatum
1595 4006 1918 4095 deposuit.
1964 4004 2106 4073 Nos
2149 4027 2306 4073 vero
2350 4005 2528 4091 prius
2575 4000 2887 4089 pluribus

717 4121 1010 4190 hostium
1053 4123 1534 4190 incursionibus
1577 4124 1834 4202 vexati,
1881 4119 1982 4187 his
2028 4118 2293 4188 tandem
2340 4116 2641 4184 Barbaris
2690 4118 2881 4182 tertia
