2950 5017
690 403 818 489 174
881 405 886 408 “
1417 415 1654 460 acaum
1710 415 2128 464 anonumum

763 557 766 562 ·
815 538 1042 606 Rebus
1097 537 1356 604 bellicis
1418 540 1518 602 ita
1582 536 1835 625 pacatis
1879 537 1967 603 ad
2011 535 2365 602 domestica
2412 559 2481 601 se
2527 535 2863 625 Regienses

679 666 1100 722 convertunt.
1148 633 1388 720 Odone
1428 655 1604 719 enim
1646 649 1843 719 oddo
1871 651 2205 719 Perusino
2234 650 2559 719 Praetore
2606 666 2863 735 vocato,

689 771 959 858 majoris
1031 769 1263 859 templi
1330 768 1848 858 hemispherium
1879 795 1891 810 ³
1919 766 2123 834 altius
2166 767 2514 835 sublatum
2560 781 2861 836 etaurea

569 929 572 934 ·
691 901 895 979 atque
939 899 1245 977 argentea
1289 896 1589 966 moneta,
1634 908 1807 976 quae
1861 897 2015 952 ante
2059 887 2345 973 episcopi
2389 884 2596 953 titulo
2648 908 2860 975 percu·

686 988 1466 1093 tiebaturjreipublicae‘
1492 1005 1760 1070 nomine
1805 1004 1875 1069 in
1918 1002 2121 1070 domo
2150 1001 2427 1069 Gerar-di
2457 1002 2680 1068 Maxii
2726 1002 2859 1067 cudi

683 1123 924 1210 coepit.
969 1119 1149 1187 Cum
1180 1141 1335 1187 vero
1379 1120 1569 1184 curia
1607 1116 1906 1186 nondum
1950 1129 2252 1185 extructa
2281 1119 2351 1184 in
2381 1119 2667 1207 privatis
2711 1117 2858 1183 aedi·

680 1236 809 1305 bus
851 1236 960 1322 jus
1002 1234 1270 1302 reddere
1308 1234 1579 1301 Praetor
1620 1246 1981 1323 cogeretur,
2025 1245 2094 1300 et
2136 1235 2209 1299 iu
2251 1232 2510 1322 templo
2558 1232 2677 1300 v'el
2720 1232 2858 1299 Bro·
2912 1269 2913 1282 κ

684 1352 854 1432 leto,
897 1351 1023 1417 uhi·
1062 1350 1446 1417 viridarium
1494 1359 1636 1416 erat
1656 1399 1676 1430 ‚
1727 1348 2013 1418 Senatus
2065 1347 2416 1416 haberetur
2435 1351 2456 1429 ,
2514 1348 2855 1438 publicum
2912 1341 2913 1344 ¹

683 1467 1013 1559 palatium
1059 1465 1144 1531 ad
1191 1469 1442 1533 civium
1487 1468 1749 1556 negotia
1794 1462 2201 1554 expedienda
2234 1462 2566 1531 aedificari
2596 1463 2858 1554 placuit.

683 1583 766 1650 In
810 1584 1143 1672 superiore
1196 1578 1322 1675 fori
1381 1589 1571 1670 parte
1617 1581 1999 1648 Ravaninus
2043 1591 2113 1646 et
2154 1579 2543 1670 Peregrinus
2588 1580 2861 1647 Hallen-
2914 1615 2915 1618 ¹

687 1703 865 1784 dius,
910 1701 981 1766 in
1025 1695 1322 1765 inferiori
1369 1696 1520 1787 Ugo
1562 1696 1865 1786 specialis
1892 1708 1960 1763 et
1990 1695 2424 1764 Bonacursius
2453 1695 2859 1764 Valsenerius
2914 1719 2915 1750 2

687 1816 887 1882 aedes
954 1813 1408 1904 possidebant,
1478 1813 1643 1880 alias
1709 1812 1812 1879 his
1874 1815 2215 1903 contiguas
2258 1811 2453 1879 Sessii
2499 1812 2858 1891 habehant,

681 1931 1038 1999 Nobilium
1069 1930 1439 2012 Sessiorum
1484 1941 1788 2011 vocatas,
1830 1929 2076 2018 quibus
2118 1928 2246 1996 sub
2291 1926 2612 1996 februarii
2676 1927 2857 1996 finem

684 2051 956 2136 emptis,
1024 2060 1092 2113 et
1157 2047 1588 2136 sequentihus
1654 2044 1945 2124 calendis
2009 2049 2233 2113 martii
2277 2045 2517 2113 dirutis
2538 2097 2560 2127 ,
2603 2046 2861 2113 basilica

681 2165 805 2238 ubi
872 2164 981 2251 jus
1049 2163 1427 2231 redderetur
1472 2188 1512 2230 e
1555 2166 1820 2253 regione
1864 2162 2103 2253 templi
2163 2162 2430 2250 majoris
2474 2165 2656 2230 intra
2701 2163 2860 2229 bien·

680 2283 871 2348 nium
939 2290 1134 2368 op‘ere
1202 2279 1513 2348 absoluto
1582 2277 1927 2346 aedificata
1997 2276 2163 2346 fuit.
2208 2280 2327 2346 His
2372 2279 2637 2347 duobus
2694 2281 2858 2345 annis

680 2394 1091 2462 Rolandinus
1151 2383 1513 2462 Canussius
1558 2391 1817 2462 Patavii
1866 2394 2137 2463 Praetor
2202 2395 2353 2480 jura
2406 2394 2882 2484 municipalia,.

680 2534 859 2602 quae
902 2513 1272 2578 etiamnum
1318 2511 1777 2591 observantur,
1820 2509 2156 2592 condidit;
2185 2521 2256 2578 et
2287 2510 2629 2578 Gerardus
2652 2511 2859 2596 Bojar-

681 2629 804 2695 dus
846 2629 1179 2717 Regiensis
1231 2651 1385 2695 cum
1454 2652 1573 2694 sex
1638 2628 1981 2695 mensibus
2026 2640 2305 2695 summa
2334 2650 2493 2693 cum
2540 2630 2859 2717 aequitate

681 2745 957 2811 Parmae
1002 2745 1270 2813 Praetor
1336 2759 1406 2810 et
1471 2747 1613 2834 ipse
1679 2725 1951 2825 fuisset,
2016 2747 2088 2810 in
2153 2742 2495 2834 reliquum
2567 2746 2710 2809 anni
2773 2741 2857 2807 oh

680 2875 1045 2952 spectatam
1097 2866 1411 2929 virtutem
1469 2862 1899 2932 confirmatus
1946 2859 2118 2941 fuit,
2164 2883 2298 2951 quo
2344 2873 2640 2949 tempore
2679 2855 2861 2925 Boni-

683 2977 925 3058 facius,
971 2983 1086 3047 vel
1126 2994 1201 3046 ut
1245 2983 1367 3046 aliz·
1411 2981 1711 3047 scribunt
1757 2978 2200 3068 ManfreduS,
2236 2976 2598 3047 Folleanus
2644 2975 2856 3044 Archi·

682 3093 1000 3162 diaconus
1045 3097 1185 3162 vita
1230 3094 1503 3161 functus
1571 3099 1641 3160 in
1709 3095 1963 3180 majore
2031 3094 2281 3183 templo
2345 3092 2653 3183 sepultus
2709 3091 2852 3157 fuit.

684 3211 842 3278 Post
875 3211 1072 3275 'haec
1131 3210 1424 3276 Michael
1486 3210 1874 3299 Paleologus
1896 3261 1914 3290 ‚
1957 3213 2079 3300 qui
2123 3210 2447 3280 Balduino
2503 3211 2711 3295 ejecto
2761 3230 2857 3297 per

683 3325 898 3392 scelus
941 3323 1546 3413 Constantinopolis
1610 3328 1964 3414 imperium
2038 3331 2435 3417 arripuerat,
2489 3328 2571 3393 de
2615 3348 2857 3413 compo-

684 3440 916 3508 nendis
960 3441 1154 3541 rebus
1198 3464 1355 3508 cum
1397 3437 1728 3509 Pontifice
1775 3454 2048 3510 acturus
2094 3444 2177 3509 ad
2220 3444 2548 3532 synodum
2595 3443 2850 3530 Lugdu·

681 3581 853 3625 num·
892 3557 1244 3639 indictam,
1290 3571 1528 3626 octavo
1574 3559 1725 3626 idus
1773 3560 2037 3651 aprilis,
2083 3563 2202 3651 qui
2246 3560 2623 3651 palmarum
2669 3557 2854 3626 festus

686 3671 846 3755 fuit,
887 3676 1171 3764 Regium
1215 3678 1427 3743 venit.
1475 3675 1559 3760 Ei
1602 3671 1896 3766 plurima
1939 3677 2260 3764 juventus
2304 3701 2479 3745 novo
2529 3688 2854 3764 sumptuo-

684 3814 890 3880 soque
934 3791 1175 3858 habitu
1228 3795 1434 3881 portis
1505 3792 1715 3860 effusa
1782 3795 2051 3863 obviam
2118 3798 2455 3884 processit.
2524 3793 2719 3860 oddo
2781 3788 2856 3854 ab

684 3906 1030 3975 Odonibus
1073 3899 1423 3977 Perusinus
1492 3911 1672 3977 urbis
1730 3910 2001 3979 Praetor
2056 3911 2487 3980 confirmatus
2543 3934 2699 3977 cum
2761 3929 2848 3973 se-

679 4026 974 4093 nioribus
1019 4050 1174 4092 eum
1220 4051 1336 4117 pro
1380 4029 1702 4117 dignitate
1750 4034 2042 4121 excepit,
2072 4043 2142 4096 et
2171 4030 2256 4097 ad
2285 4033 2496 4098 sancti
2527 4024 2853 4096 Francisci

683 4143 1075 4229 coenobium
1120 4144 1435 4214 Romanis
1468 4144 1862 4217 Caesaribus
1907 4127 2202 4216 dicatum
2248 4145 2550 4215 deduxit.
2598 4146 2701 4212 Ibi
2744 4162 2846 4232 pro
