2950 5017
896 421 905 424 ·
949 419 1149 468 arnan
1197 417 1498 469 ocum
1548 421 1554 426 “
2176 405 2306 475 525

59 557 343 633 nagna
390 539 573 633 apud
615 537 896 633 vulgum
918 564 1118 612 -meae
1148 540 1443 612 familiae
1469 540 1747 624 invidia,
1776 543 2304 636 etiam-Regium

59 662 496 751 penetravit.
542 658 753 727 Pauci
796 671 997 728 antea
1040 685 1121 731 eo
1166 661 1402 731 morbo
1445 659 1790 732 decessisse
1848 665 2099 764 cogniti
2159 661 2307 731 fue-

59 787 264 859 rant,
298 799 466 846 cum
512 797 664 844 mea
707 788 924 845 mater
952 775 1320 845 catharina
1362 788 1439 846 et
1482 801 1661 847 soror
1689 774 1911 847 infans
1938 778 2306 868 Violantha

59 892 328 962 eodem
378 892 487 960 die
529 894 816 984 septimo
874 893 1024 962 idus
1074 896 1236 961 maii
1283 890 1458 964 forte
1503 893 1749 964 obiere.
1795 893 1962 963 Inde
2005 895 2314 986 plurium

59 1020 321 1098 postea
356 1019 569 1080 morte
612 1021 841 1077 secuta
886 1008 1076 1101 plebs
1120 1034 1255 1079 non
1299 1012 1443 1078 sine
1491 1008 1668 1078 male
1711 1009 1895 1080 dicto
1939 1009 2104 1078 mali
2147 1035 2308 1080 cau-

59 1148 221 1193 sam
273 1129 352 1194 in
397 1149 511 1195 eas
552 1122 884 1195 referebat
910 1128 1105 1217 quasi
1146 1139 1616 1197 extraneorum
1660 1130 2056 1219 contagione
2100 1128 2309 1218 negli-

59 1244 360 1331 gentius
402 1265 473 1310 se
514 1240 698 1310 infici
742 1245 1210 1333 permisissent.
1243 1242 1379 1311 Sed
1422 1255 1738 1335 corrupto
1784 1267 1939 1313 aere
1982 1266 2139 1311 cum
2186 1242 2305 1311 alii

59 1359 374 1427 urbium
422 1360 651 1451 populi
696 1363 939 1451 passim
986 1360 1463 1430 occumberent
1483 1412 1503 1443 ,
1541 1364 1644 1429 ita
1688 1373 1759 1429 et
1802 1361 2152 1452 Regienses
2195 1383 2310 1430 eo·

59 1476 237 1545 dem
286 1477 526 1548 morbo
568 1482 853 1568 correpti
891 1476 1102 1548 fuere.
1134 1479 1473 1570 Plerisque
1502 1481 1573 1547 in
1604 1478 1800 1549 villas
1828 1478 2301 1548 secedentibus

59 1618 197 1686 pet
270 1607 596 1664 aestatem
665 1599 869 1687 pestis
933 1599 1309 1665 intermissa
1377 1596 1780 1678 videbatur-3
1824 1596 1939 1665 sed
1993 1598 2317 1665 veniente·

62 1725 429 1782 autumno
503 1712 974 1804 multiplicatis
1042 1710 1390 1782 funeribus
1416 1764 1438 1795 ,
1503 1714 1828 1804 plurimos
1892 1714 2308 1804 absumpsit.

61 1830 513 1900 Cadaver-um
559 1846 776 1923 strage
821 1831 1057 1922 plenae
1103 1831 1294 1900 aedes
1337 1833 1879 1922 inveniebantur,
1925 1853 2049 1901 nec
2094 1834 2310 1923 pauci·

66 1951 147 2018 in
228 1949 465 2018 mediis
530 1952 658 2018 viis
724 1949 1065 2018 cadentes-
1098 1950 1703 2041 conspiciebantur.
1748 1950 2163 2042 Vespillones
2215 1950 2303 2018 ad

66 2089 408 2157 corpora,
459 2089 636 2157 quae
703 2069 1063 2135 acervatim
1131 2066 1442 2158 plaustris
1497 2066 1910 2150 efferebant,
1955 2065 2300 2135 humanda

66 2208 226 2266 non
273 2181 715 2252 sufficiebant.
763 2184 1029 2252 Praeter
1071 2208 1182 2254 eos
1225 2187 1346 2276 qui
1406 2183 1929 2254 innumerabiles
1993 2186 2067 2254 in
2129 2182 2312 2254 villis>

73 2297 393 2368 defuncti
422 2312 607 2382 sunt,
637 2303 706 2368 in
739 2301 908 2368 urbe
952 2323 1152 2391 supra
1182 2323 1305 2369 sex
1334 2301 1548 2371 millia
1576 2301 1927 2370 decessisse
1955 2300 2295 2372 dicuntur.

74 2417 282 2487 Adeo
323 2416 649 2485 destituta
690 2415 922 2485 incolis
951 2418 1114 2484 urbs
1142 2413 1303 2498 fuit,
1333 2432 1416 2486 ut
1444 2418 1779 2490 curandae
1808 2421 2085 2488 sanitati
2114 2433 2305 2510 'prae-

80 2531 258 2602 fecti
299 2533 533 2602 relicta
576 2531 758 2602 domi
802 2530 1157 2623 chlamyde
1190 2536 1288 2601 ‘in
1348 2557 1507 2624 sago
1549 2534 1805 2602 deserto
1847 2537 1919 2601 in
1965 2530 2114 2602 foro
2158 2556 2306 2600 ver-

82 2662 415 2721 serentur.
462 2648 861 2720 Lotrechius
903 2673 1176 2741 quoque
1197 2701 1217 2733 ,
1260 2652 1380 2739 qui
1425 2649 1859 2718 Caesarianos
1903 2652 2084 2723 intra
2127 2648 2306 2717 Nea-

76 2765 298 2859 polim
340 2789 607 2836 summa
648 2788 808 2834 cum
852 2764 1051 2832 laude
1077 2762 1526 2854 compulerat,
1550 2767 1886 2833 saeviente
1917 2763 2297 2856 pestilentia

80 2906 213 2976 per
255 2905 365 2952 eos
404 2882 547 2952 dies
589 2904 749 2950 cum
800 2869 1106 2950 ‘exercitu
1164 2883 1235 2948 in
1300 2879 1523 2950 medio
1570 2882 1892 2950 victoriae
1936 2903 2137 2949 cursu
2181 2903 2304 2948 ex-

82 3002 339 3068 tinctus
367 3011 490 3068 est.
519 2997 621 3067 Ea
652 3000 998 3068 occasione
1028 3008 1315 3087 arrepta,
1343 2996 1590 3066 obsessi
1631 2999 1702 3064 in
1748 2994 2050 3066 hostium
2080 3008 2295 3065 castra

84 3115 308 3185 lurida
336 3118 552 3185 macie
580 3112 954 3185 deformata
990 3116 1354 3197 irruerunt,
1385 3112 1656 3206 illisque
1686 3111 1882 3183 facile
1910 3112 2312 3205 profligatis,-

86 3232 275 3304 bello
316 3232 520 3302 finem
567 3237 1092 3325 imposuerunt.‘

227 3349 533 3420 Clemens
563 3351 685 3419 ubi
720 3348 1102 3431 Gallorum,
1131 3351 1254 3441 qui
1285 3352 1491 3418 etiam
1523 3348 1923 3419 Florentinis
1954 3345 2303 3437 conjuncti

99 3479 320 3548 erant,
360 3491 429 3536 se
474 3471 676 3537 armis
729 3491 967 3560 parum
1019 3467 1245 3556 juvari
1291 3466 1769 3535 animadvertit
1814 3490 1973 3535 cum
2018 3464 2301 3535 Caesare

92 3607 324 3678 pacem
363 3585 811 3656 renovandam
856 3607 996 3654 esse
1037 3585 1321 3654 censuit.
1366 3584 1568 3655 Novo
1611 3586 1824 3676 igitur
1851 3580 2111 3653 foedere
2155 3605 2303 3683 per-

93 3724 305 3785 cusso,
342 3703 678 3786 convenit,
721 3714 805 3771 ut
849 3726 1053 3773 aureo
1098 3701 1475 3770 diademate
1507 3725 1549 3769 a
1577 3696 1902 3769 Pontifice
1944 3708 2304 3770 coronatus

96 3818 331 3889 Caesar
370 3819 812 3900 Florentium,
843 3819 1025 3912 quod
1055 3818 1274 3888 Gallis
1304 3816 1664 3908 Neapolim
1709 3814 2098 3908 petentibus
2140 3838 2306 3884 con·

98 3947 203 4004 tra
238 3958 305 4004 se
343 3959 542 4028 opem
588 3934 922 4019 tulissent,
963 3946 1235 4006 vetusto
1278 3934 1612 4001 libertatis
1653 3931 1808 4020 jure
1850 3933 2184 4025 privaret,
2225 3938 2299 3997 et

98 4052 474 4126 Alexandro
500 4053 806 4126 mediceo
820 4105 842 4138 ‚
871 4077 1104 4147 quem,
1128 4051 1495 4144 Margarita
1524 4049 1818 4120 naturali
1853 4047 1995 4119 filia
2022 4048 2303 4140 despon-

100 4181 277 4258 sata,
294 4171 443 4243 -sibi
495 4193 813 4267 generum
869 4170 1275 4254 adsciverat,
1295 4168 1701 4259 subjiceret.
1744 4166 1904 4238 Alia
1948 4188 2110 4254 ,νοω
2153 4174 2297 4236 arte
