2950 5017
871 419 874 426 -
953 393 1155 439 mnu
1198 357 1523 440 sarrmus
1548 401 1557 410 ·
2188 378 2330 469 499

60 514 398 583 nomina
424 512 741 605 inscripta
768 508 977 583 fuere.
1008 513 1175 585 Mox
1205 514 1477 607 capsula
1506 512 2048 585 vinculis'ferreis
2074 521 2324 584 arctius

60 633 471 701 mnatrieta
485 681 506 714 ,
558 643 634 698 et
680 633 751 699 in
804 634 1037 724 prioris
1061 656 1232 704 (arae
1276 657 1482 703 cavea
1524 645 1624 701 est
1665 631 2016 702 collocata.
2061 633 2323 702 Granea

60 745 254 816 zum‘
313 747 653 832 brachiis,
714 760 788 839 et
850 749 1104 840 pyxide
1163 750 1278 817 alii
1339 750 1605 818 arculae
1644 749 1902 818 inclusa
1944 753 2016 818 in
2061 750 2322 842 publici

60 855 612 958 sarthdphilscii
656 870 938 936 armario
982 859 1326 959 deposita,
1366 890 1444 935 ac
1496 869 1713 937 tribus
1765 867 2070 936 clavibus
2132 868 2323 937 obse·

60 996 218 1051 rata
277 983 684 1075 diligentius
707 984 1067 1053 custodita
1113 982 1415 1053 fuerunt.

197 1099 461 1180 Nocte
502 1125 641 1193 qua
684 1101 880 1193 Regii
928 1102 1097 1171 haec
1150 1101 1299 1170 acta
1352 1115 1551 1184 sunt,
1596 1101 1915 1171 Hercules
1957 1102 2316 1193 Gouzagus

60 1216 442 1285 Achillem
486 1217 882 1287 Taurellum
913 1218 1306 1288 Guastallae
1352 1233 1717 1310 tyrannum
1760 1222 1983 1288 virum
2026 1218 2319 1309 ¹flagitio·-

60 1338 474 1419 sissimum,
501 1337 685 1428 quod
728 1360 886 1404 cum
929 1337 1054 1405 sua
1097 1338 1690 1429 sponsa⁸cubuisse
1716 1337 2074 1418 diceretur,
2103 1336 2319 1410 Nivo·

60 1451 292 1520 latiae
343 1455 421 1520 in
465 1456 743 1544 propriis
786 1454 1066 1524 aedibus
1110 1455 1494 1524 trucidavit.
1527 1453 1641 1521 Ob
1670 1453 1741 1521 id
1769 1451 2032 1521 factum
2076 1477 2313 1524 eorum

60 1568 330 1661 populi
382 1593 501 1661 per
547 1571 799 1639 multos
846 1594 1051 1640 annos
1099 1573 1356 1638 mutuis
1401 1582 1642 1660 ⁸postea
1672 1571 1992 1650 ,cladibus
2035 1594 2105 1638 se
2150 1568 2319 1638 affli-
2446 1605 2455 1612 a

60 1699 369 1756 xerunt.
394 1687 510 1755 'At
553 1669 1105 1769 Guicciardinus,
1152 1710 1300 1755 arce
1344 1707 1764 1779 quamquam
1809 1687 2095 1775 jubente
2140 1688 2317 1757 Pon-

60 1802 254 1871 tifice
306 1805 624 1875 nondum
668 1817 975 1897 recepta,
1011 1807 1227 1896 etiam
1272 1804 1555 1873 Parmae
1604 1802 2057 1896 praefectura,
2102 1829 2312 1896 quam

65 1921 412 1989 Fanensis
470 1919 843 2013 Episcopus
887 1921 1186 2004 habuit,
1237 1924 1563 2011 privatur.
1617 1921 1934 1990 Ceterum
1989 1920 2314 1990 Albertus

64 2034 237 2104 Pius
286 2039 401 2105 vir
440 2035 698 2128 alioqui
742 2036 1122 2106 litterarum
1171 2037 1549 2106 eruditione
1594 2039 1867 2128 insignis
1911 2035 2159 2128 perfide
2203 2057 2314 2106 ae·

75 2165 368 2222 casatus
388 2171 426 2236 ,·
453 2154 652 2245 quod·
697 2177 860 2230 cum
902 2152 1122 2223 Gallis
1173 2157 1583 2246 conspirasse
1632 2155 1967 2224 diceretur
1984 2206 2003 2236 ,
2048 2157 2316 2222 temeri—

82 2272 249 2356 tatis
293 2293 463 2339 suae
506 2291 650 2340 non
691 2270 913 2342 multo
981 2282 1135 2363 post
1197 2275 1445 2363 poena‘s
1486 2263 1699 2340 dedit.
1745 2269 2096 2364 Siquidem
2143 2275 2314 2339 inse-

76 2390 360 2477 quentis
415 2391 573 2458 anni
605 2389 683 2455 (Ι)
725 2391 955 2471 initio,
1001 2399 1177 2457 u'nus
1220 2390 1523 2481 Prosperi
1566 2388 1946 2461 Columnae
2006 2388 2307 2457 militum

83 2504 409 2574 tribunus
452 2505 754 2574 Caesaris
796 2497 1117 2575 mandato
1160 2504 1459 2597 Carpum
1502 2509 1857 2595 ingressus,
1905 2503 2307 2574 Leonellum

80 2639 239 2688 eum
284 2620 543 2705 liberis,
587 2633 794 2712 atque
836 2621 1105 2692 Alberti
1150 2633 1431 2691 uxorem
1480 2619 1856 2698 armatav'i
1898 2620 2125 2706 ejecit.
2170 2618 2308 2685 Ita-

83 2757 216 2828 que
260 2738 438 2808 dum
504 2738 721 2808 aliena
788 2739 903 2808 Pii'
961 2740 1313 2810 ambitiose
1380 2762 1520 2808 non
1587 2739 1993 2819 restituunt,
2012 2739 2308 2829 „propria

86 2858 480 2927 amiserunt.
522 2856 888 2930 Leonellus
949 2856 1229 2927 Novum
1290 2855 1555 2926 Alberti
1596 2853 1847 2926 fratris
1911 2854 2263 2925 castellum
2283 2905 2305 2936 ,

89 2973 210 3042 ubi
276 2978 501 3045 tutius
568 2979 870 3059 viveret,
932 2977 1281 3046 concessit.
1325 2974 1427 3042 At
1468 2977 1539 3042 in
1588 2975 1935 3044 montibus
1977 2963 2304 3065 Virgilius

89 3105 399 3184 acceptas
444 3116 484 3162 a
527 3092 824 3164 Morotto
868 3092 1147 3181 injurias
1207 3090 1504 3168 ulturus,
1536 3103 2123 3183 quantascumque
2185 3114 2302 3180 po·

90 3216 218 3273 test
258 3207 567 3299 undique
609 3212 836 3300 copias
880 3207 1244 3279 contrahit.
1290 3207 1640 3278 Ducentos
1668 3206 1812 3293 jam
1843 3208 2055 3275 socios
2083 3204 2302 3274 Rode-

86 3320 246 3392 liam
288 3313 521 3395 secum
565 3326 972 3410 adduxerat,
1019 3349 1102 3395 ac
1143 3325 1313 3393 dum
1369 3324 1538 3394 alios
1595 3323 1822 3417 plures
1865 3323 2177 3405 Medula,
2222 3345 2302 3390 ac

97 3462 180 3506 ex
220 3445 461 3514 ceteris
518 3443 1102 3537 propinquioribus
1157 3442 1323 3513 locis
1380 3441 1511 3511 sibi
1568 3437 1898 3512 affuturos
1950 3451 2299 3532 expectat,

96 3552 510 3646 Bonjoannes
550 3584 712 3632 cum
753 3560 1247 3653 quinquaginta
1297 3549 1732 3650 stipatoribus
1795 3571 1886 3625 ex
1954 3556 2303 3626 montibus

100 3668 548 3746 Parmensium
615 3680 680 3747 ei
717 3677 1079 3747 .auxilium
1143 3675 1409 3748 laturus
1471 3675 1894 3744 Livicianum
1962 3671 2296 3762 pervenit.

104 3786 606 3866 Guicciardinus
667 3794 793 3866 hos
859 3807 1087 3867 motus
1154 3818 1196 3864 a
1261 3793 1542 3863 Mox-otti
1608 3792 1856 3861 nuncio
1920 3786 2301 3879 intelligens

108 3910 392 4003 ustisque
436 3931 554 4005 per
600 3913 970 3984 tubicinem
1036 3935 1225 3981 arma
1289 3910 1619 4001 deponere
1636 3959 1658 3991 ‚
1701 3919 1773 3977 et
1823 3906 1915 3976 ab
1963 3903 2301 3975 Ecclesiae

177 4157 260 4234 (¹)
286 4177 530 4220 ‘mum-
