2950 5017
969 447 1171 494 mauu
1215 448 1536 522 summus
2206 436 2340 523 475

109 568 309 634 urbe
350 564 648 656 lapidem
692 569 913 658 ver-iit,
955 568 1071 636 sed
1102 568 1424 638 Praefecti
1470 541 1884 659 vigilantiafu
1908 620 1928 652 ,
1969 583 2043 638 et
2086 574 2342 641 civium

113 685 223 752 ad
271 707 398 752 sua
442 681 858 754 defendenda
907 708 1224 776 magnam
1280 686 1688 756 alacritatem
1743 689 2124 770 inveniens,
2158 688 2344 758 ultra

109 800 442 891 progredi
506 826 642 870 non
709 814 812 870 est
885 823 1110 870 ausus.
1156 803 1252 872 At
1269 865 1275 880 ‚
1295 802 1629 873 Nicolaus
1673 802 1927 873 Sestius
1984 805 2069 873 de
2122 802 2347 882 fratris

107 918 360 992 salute
400 919 754 1000 sollicitus,
786 943 947 988 cum
976 920 1448 1000 Guicciardino
1495 923 1876 1012 paciscitur,
1919 936 2001 991 ut
2043 945 2164 1013 pro
2208 924 2346 992 Lu-

109 1036 378 1106 dovico
420 1036 676 1108 Zobolo
720 1061 946 1128 quem·
978 1037 1161 1110 Rolli
1211 1052 1742 1108 commorantem
1798 1062 1871 1108 se
1940 1039 2346 1108 traditurum

111 1151 613 1243 pollicebatur,
656 1152 1037 1223 Alexander
1093 1154 1590 1237 dimitteretur-3
1640 1156 1755 1224 sed
1806 1155 1973 1222 dum
2028 1157 2351 1246 promissa

117 1274 384 1362 exequi
429 1270 702 1339 simulat
746 1273 1000 1340 veredis
1044 1273 1455 1341 Florentiam
1513 1274 1597 1341 ad
1652 1275 2098 1341 Laurentium
2142 1273 2351 1341 Medi·

115 1410 289 1455 cem
336 1391 567 1470 currit,
615 1401 695 1456 ut
738 1386 1009 1458 fraterni
1055 1393 1285 1458 erroris
1311 1393 1812 1481 impunitatem
1832 1393 2187 1481 impetret.
2214 1389 2352 1458 Ve-

115 1528 289 1572 rum
335 1504 844 1576 Guicciardinus
912 1519 993 1574 ut
1058 1520 1203 1575 crat
1272 1510 1545 1597 ingenio
1588 1530 1823 1598 sagax,
1867 1521 1937 1575 et
1981 1506 2351 1576 calliditate

117 1622 391 1688 nemini
431 1621 783 1704 secundus,
813 1621 1076 1691 Nicolai
1123 1635 1263 1690 arte
1307 1626 1608 1713 cognita,
1653 1623 1834 1691 ultra
1879 1646 2169 1713 poenam
2214 1647 2351 1692 non
2470 1703 2475 1710 ¹

119 1762 277 1807 csse
319 1737 753 1808 differendam
798 1753 1046 1808 censet.
1093 1742 1346 1833 ltaque·
1400 1746 1708 1832 sequenti
1772 1753 1968 1810 nocte
2009 1743 2081 1809 (ἱ)
2132 1739 2353 1809 Sessio

117 1867 205 1922 et
246 1855 559 1925 Messorio
601 1860 672 1924 in
718 1880 869 1924 arce
915 1858 1364 1939 obtruncatis,
1421 1862 1649 1949 capita
1709 1881 1977 1927 summo
2039 1881 2237 1925 mane
2276 1860 2352 1925 iu

119 1996 290 2039 arca
333 1985 489 2040 ante
534 1997 753 2042 arcem
797 1997 955 2041 cum
1002 1979 1256 2043 truncis
1300 1975 1556 2066 populo
1601 1974 1971 2067 spectanda
2012 1976 2346 2064 exposuit.

115 2090 546 2180 Minghellus
609 2116 879 2183 quoque
932 2105 1003 2159 et
1056 2093 1314 2184 Lippus
1382 2093 1629 2184 laqueo
1697 2095 1991 2173 necati,·
2029 2116 2119 2159 ex
2185 2094 2353 2159 arcis

121 2210 487 2276 moenibus
531 2209 766 2276 urbem
814 2209 1242 2282 versuslsunt
1287 2213 1613 2301 suspensi.
1672 2208 1964 2300 Sumpto
2017 2210 2101 2276 de
2151 2189 2359 2278 sonti-

121 2325 267 2391 bus
309 2325 665 2415 supplicio,
725 2329 960 2406 ceteri,
1006 2330 1120 2416 qui
1178 2330 1561 2396 innocentes
1605 2330 1766 2409 visi,
1811 2351 1897 2394 nc
1941 2324 2237 2415 aliquem
2283 2327 2354 2391 in

123 2440 305 2508 urbe
359 2441 739 2508 tumultum
795 2446 1235 2524 suscitarent,
1280 2444 1651 2512 Bononiam
1702 2455 1860 2510 sunt
1912 2441 2211 2531 relegati.
2265 2442 2354 2508 Hi

127 2556 326 2625 fuere
369 2558 777 2641 Alexander,
823 2559 1172 2640 Nicolaus,
1218 2560 1536 2641 Basilius,
1581 2560 1976 2648 Dionysius,
2028 2557 2355 2634 Hilarius,

131 2691 206 2744 et
250 2676 609 2760 Anselmus
653 2676 920 2760 Zoboli,
965 2679 1295 2768 Baptista,
1334 2677 1659 2758 Andreas,
1704 2690 1774 2742 et
1818 2675 2139 2742 Albertus
2185 2674 2355 2741 Mes·

132 2796 325 2874 sotii,
367 2792 760 2861 Falchettus
826 2806 898 2860 et
967 2793 1287 2860 Aurelius
1360 2794 1605 2860 Fossii.
1670 2789 1900 2872 Sessii,
1967 2794 2088 2880 qui
2157 2793 2355 2857 antea

131 2911 342 2977 ctiam
389 2907 729 2979 Praefecto
774 2910 866 2979 ob
909 2907 1047 2976 alia
1108 2921 1301 2975 erant
1365 2910 1565 2976 invisi
1617 2909 1689 2974 in
1733 2929 1934 2982 suum
1999 2904 2350 2975 castellum

127 3027 417 3096 Rollum
484 3050 858 3096 concessere
870 3073 894 3093 .-
943 3025 1346 3115 ‘Pedagogus
1410 3027 1525 3092 cui
1592 3024 2037 3092 sacerdotium
2106 3022 2348 3090 datum

129 3157 306 3226 crat,
354 3155 699 3212 tantorum
750 3142 1178 3210 tumultuum
1226 3145 1467 3211 timore
1511 3140 1876 3233 perculsus,
1911 3164 2030 3208 nec
2068 3163 2139 3207 se
2176 3142 2355 3208 iutra

129 3259 311 3329 lares
340 3265 567 3328 tutum
591 3259 1096 3344 arbitrabatur:
1130 3281 1340 3349 quare
1371 3254 1668 3326 funestas
1697 3256 1965 3325 divitias
1995 3256 2356 3337 damnans,
2396 3345 2427 3352 ῃ

127 3393 321 3447 certa
364 3382 648 3469 pecunia
689 3392 991 3470 accepta,
1035 3377 1189 3465 jura
1232 3400 1354 3445 sua
1384 3374 1771 3445 Alexandro
1816 3373 2074 3445 Zobolo
2117 3386 2356 3465 sponte

133 3499 367 3564 cessit.
411 3498 686 3566 Civium
732 3497 931 3565 rebus
974 3497 1115 3582 jam
1169 3495 1468 3586 plurium
1529 3495 1853 3585 sanguine
1914 3496 2013 3561 ita
2069 3495 2355 3583 pacatis,

139 3615 418 3682 tandem
463 3615 548 3682 dc
594 3639 755 3706 pace
798 3618 971 3683 inter
1000 3637 1227 3683 omnes
1255 3615 1492 3704 agitari
1520 3616 1765 3704 coepit.
1803 3611 1917 3679 Ob
1945 3611 2017 3676 id
2047 3610 2351 3676 triduum

137 3731 235 3800 ad
262 3731 680 3822 ‚placandam
726 3732 935 3802 divini
981 3734 1273 3800 numinis
1341 3729 1666 3799 offensam
1735 3727 2255 3817 supplicationes
2309 3746 2351 3789 a

140 3852 407 3917 cunctis
452 3850 795 3919 ordinibus
827 3873 941 3939 per
973 3862 1183 3918 totam
1218 3849 1451 3916 urbem
1496 3857 1684 3913 actae
1703 3870 1739 3932 ².
1753 3844 2029 3911 demum
2064 3839 2353 3909 Hercule

141 3966 458 4036 Atestiuo
524 3989 645 4057 pro
705 3965 951 4046 Bebiis,
994 3978 1064 4034 et
1106 3965 1360 4043 Ioanne
1410 3961 1694 4049 Bojardo
1762 3984 1881 4053 pro
1948 3958 2221 4046 Scajolo
2285 3969 2357 4024 et

211 4219 305 4290 (ι)
341 4218 442 4273 Di·
475 4236 574 4272 xxx
606 4215 871 4272 februarii.
