2950 5017
835 523 842 532 .
878 455 1078 499 mssa
1122 455 1399 501 rannus
2104 445 2226 531 187

36 577 292 647 dotibus
337 580 415 643 in
461 577 817 667 pristinum
863 573 1086 643 locum
1135 575 1421 643 relatum
1466 573 1622 643 fuit.
1670 575 1805 644 Sed
1849 578 2005 646 cum
2053 580 2228 667 ejus-

36 695 176 763 dem
217 692 549 784 reliquias
580 692 739 761 Divi
773 692 1071 782 Prosperi
1117 693 1426 760 monachi
1472 706 1627 760 ante
1669 713 1921 763 annum
1966 717 2228 766 ucxmv

36 809 276 900 populo
327 817 406 875 et
453 811 581 899 ipsi
639 832 728 874 ex
785 811 921 875 suis
979 812 1273 877 sacrariis
1337 809 1608 876 eductas
1652 813 2110 895 ostendissent,
2154 815 2226 879 id
2336 901 2339 904 .

37 925 312 1017 maligne
359 925 450 992 ad
498 922 735 992 falsam
779 928 1157 1015 opinionem
1203 924 1460 992 civibus
1521 927 1921 1012 injicendam
1958 928 2225 997 ‘factum

36 1040 224 1108 fuisse
268 1041 579 1131 plerique
606 1041 1048 1108 crediderunt.
1094 1041 1255 1109 Post
1299 1041 1464 1112 haec
1509 1064 1584 1106 rx
1632 1041 1937 1110 calendas
1966 1045 2111 1130 julii
2148 1069 2225 1112 ea

37 1159 347 1225 imbrium
395 1161 500 1226 vis
545 1155 709 1238 fuit,
755 1171 835 1225 ut
880 1156 1018 1224 late
1062 1156 1341 1227 flumina
1385 1161 1754 1247 eruperint.
1800 1159 2227 1232 Crustumius

37 1297 74 1339 a
116 1272 428 1363 Ripaltae
473 1272 641 1340 villa
685 1273 1053 1362 Bagnolum
1114 1295 1328 1363 usqne
1371 1271 1620 1340 effusus
1665 1273 2033 1341 Mutileuae
2077 1297 2229 1345 con-

37 1390 298 1474 junctus
325 1400 456 1456 est.
486 1387 618 1455 Via
647 1387 920 1477 publica
964 1391 1266 1456 omnium
1313 1386 1718 1455 Sanctorum
1759 1400 1998 1458 vocata
2041 1402 2231 1457 extra

45 1517 291 1594 portam
335 1506 505 1573 Divi
559 1504 881 1595 Stephani
926 1508 1119 1595 aquis
1181 1504 1380 1594 plena·
1421 1493 1642 1579 facile¹
1679 1505 1964 1573 navibus
2012 1509 2231 1573 traiici

45 1623 388 1710 potuisset.
433 1618 637 1690 AEdes
680 1621 874 1689 velut
909 1617 1173 1689 >insulae
1227 1644 1314 1688 ex
1373 1621 1574 1689 undis
1618 1622 2032 1702 eminebant,
2076 1623 2232 1689 sub-

49 1761 286 1806 mersae
324 1750 599 1830 segetes,
629 1750 862 1806 avecta
893 1750 1218 1819 armenta,
1249 1751 1318 1806 et
1351 1738 1583 1829 plures
1612 1737 1915 1806 homines
1947 1741 2255 1829 periere}

47 1865 274 1944 pontes
313 1867 382 1922 et
422 1855 750 1947 plurimae
779 1856 1022 1925 domus
1049 1877 1316 1925 eversae
1347 1852 1662 1935 fuerunt3
1704 1867 1917 1922 sectae
1960 1879 2230 1937 messes,

53 1968 395 2038 domestica
437 1966 779 2062 supeller‘r,
821 1974 1069 2039 rustica
1113 1973 1593 2052 instrumenta,
1635 1970 1903 2037 evulsae
1948 1994 1989 2040 a
2034 1967 2263 2038 tectis¹

56 2084 281 2167 trabes,
306 2088 803 2174 jumentorum,
833 2087 1320 2177 bominumque
1349 2088 1693 2155 cadavera·
1715 2090 1785 2154 in
1832 2086 2069 2154 mediis
2108 2105 2233 2154 un:-

58 2199 144 2268 di·
167 2207 465 2271 natantia
494 2203 939 2271 miserandum
987 2204 1393 2293 praebebant
1435 2203 1922 2293 spectaculum.
1955 2204 2033 2270 In
2066 2204 2230 2272 Divi

62 2312 421 2387 Geminiani
481 2318 928 2400 xenodochio,
999 2319 1277 2409 aliisque
1336 2333 1527 2385 extra
1595 2317 1827 2387 Sancti
1905 2317 2229 2409 Stephani

59 2439 449 2519 pomaerium
494 2436 829 2503 suburbiis
861 2435 1028 2518 nibil
1060 2448 1316 2526 praeter
1346 2436 1557 2502 undas
1597 2437 2031 2516 cernebatur3
2075 2459 2231 2504 con·-

68 2550 237 2615 tiuua
275 2555 454 2619 enim
499 2551 1020 2642 quatuordecim
1080 2554 1409 2619 mensium
1467 2538 1736 2641 pluvia,
1782 2575 1916 2619 non
1963 2555 2231 2618 aestatis

63 2677 332 2750 tautum,
375 2679 449 2735 et
493 2671 803 2735 autumni
864 2664 1193 2735 fructibus
1243 2668 1548 2737 homines
1601 2670 1934 2756 privavit,
1962 2666 2091 2733 vsed
2134 2691 2233 2733 se·

63 2781 382 2852 feudorum
428 2789 631 2853 etiam
678 2788 748 2852 in
793 2797 1179 2875 sequentem
1212 2807 1465 2852 annum
1498 2802 1801 2875 agrorum
1835 2782 2230 2850 facultatem

66 2896 324 2968 ademit.
362 2901 941 2983 Masenciaticum,
971 2900 1273 2991 aliaeque
1316 2899 1518 2967 villae
1558 2882 1934 2966 submersae
1962 2922 2230 2966 omnem

65 3009 192 3079 fere
227 3018 352 3105 agri
395 3015 678 3086 formam
724 3013 1185 3098 mutaverunt,
1228 3029 1310 3084 ut
1356 3028 1637 3086 tantum¹
1674 3014 2233 3106 aquarum-dilu-

69 3132 235 3197 vium
276 3133 358 3198 ab
401 3133 750 3202 hominum
782 3136 1101 3201 memoria
1129 3157 1262 3200 non
1292 3138 1378 3199 sit
1409 3123 1656 3212 visum.
1682 3131 1833 3198 Sub
1864 3131 1929 3197 id
1964 3144 2229 3222 tempus

69 3242 382 3336 Regienses
445 3261 587 3316 tam
656 3251 726 3315 in
791 3248 1090 3339 Gregorii
1135 3248 1202 3314 X
1245 3245 1587 3317 Pontificis
1630 3271 1836 3339 quam
1886 3248 2231 3339 Rodulphi

73 3358 326 3433 Caesaris
365 3367 572 3435 verba
634 3366 857 3453 jurare
923 3368 1143 3434 coacti
1207 3379 1400 3446 suut,
1452 3389 1613 3432 cum
1682 3365 1751 3431 id
1814 3377 2097 3456 uterque
2142 3366 2235 3433 ad*

74 3479 558 3570 extinguendum
587 3480 995 3549 diversarum
1035 3479 1407 3549 factionum
1453 3480 1836 3550 incendium
1884 3504 2002 3570 pro
2047 3503 2235 3549 com-s

75 3596 229 3660 muni
288 3597 533 3665 Italiae
597 3596 816 3665 salute
880 3608 1076 3664 antea
1142 3598 1488 3665 Lausauae
1551 3596 2018 3666 constituisset.
2076 3595 2227 3662 -Sed

77 3703 297 3778 ltaliam
337 3713 588 3782 Caesar
651 3712 904 3803 ingredi
968 3715 1241 3794 veritus,
1307 3713 1491 3804 quod
1561 3702 1660 3780 ibi
1728 3697 2041 3798 majores*
2074 3733 2226 3778 suos

77 3819 426 3919 plerumque
469 3828 643 3896 male
686 3829 1049 3898 mulctatos
1091 3828 1374 3898 domum
1418 3829 1680 3896 rediisse
1725 3829 2010 3908 diceret,
2055 3826 2230 3917 lega-

79 3945 199 4004 tum
234 3941 713 4018 Cancellarium
759 3958 1071 4014 vocatum
1138 3948 1231 4012 cis
1303 3944 1491 4035 alpes
1560 3946 1779 4011 misit.
1827 3941 1892 4010 Is
1945 3946 2229 4010 circum·-

80 4047 314 4124 duoente
353 4061 608 4150 Legato
653 4061 1032 4143 Pontificio,
1078 4073 1149 4127 et
1192 4061 1598 4128 Feri-ariensi
1658 4063 1964 4151 episcopo
2024 4061 2229 4127 comi·

85 4173 254 4252 ΨΜ»
280 4175 527 4246 decimo
559 4180 799 4268 quinto
843 4176 1158 4248 calendas
1204 4178 1495 4246 octobris
1532 4176 1816 4267 Regium
1863 4177 2069 4257 venit,
2112 4176 2223 4241 eui
