2950 5017
993 426 1196 474 mmm
1241 422 1539 475 σαυππε
2220 410 2352 500 573

68 543 556 616 bertinomm
602 546 929 638 oppidum
981 574 1134 618 eam
1190 559 1741 640 expectaverunt.
1787 547 1884 618 At
1926 548 2189 620 Renata
2232 551 2352 620 Al-

70 663 367 753 phonsi
414 676 631 732 mater
674 688 836 732 eum
881 665 1193 735 ducentis
1238 666 1454 734 viduis
1499 666 1692 757 pulla
1737 677 1920 735 veste
1961 680 2155 736 extra
2198 692 2351 759 por·

86 791 278 848 tam
346 782 639 849 venienti
702 786 993 851 occurrit
1013 830 1031 850 .
1093 782 1456 872 Regienses
1520 785 1707 851 varia
1760 783 2135 866 esculenta,
2177 808 2355 875 quae

76 908 257 965 tres
303 920 536 972 currus
581 912 1054 979 oneraverunt,
1097 921 1212 989 per
1238 898 1562 968 Carolum
1611 902 1886 972 Fossam
1932 901 2349 990 gratulantes

73 1036 407 1106 sponsae
451 1013 627 1084 dono
679 1016 1034 1084 miserunt.
1080 1014 1233 1083 Sed·
1266 1039 1345 1084 ea
1388 1016 1575 1084 lenta
1623 1018 1779 1084 tabe
1822 1016 2130 1086 confecta
2174 1020 2353 1088 intra

80 1155 377 1224 paucos
425 1156 686 1204 menses
747 1134 1091 1203 occubuit.
1138 1134 1324 1203 Inter
1374 1134 1548 1202 haec
1604 1134 1958 1227 Philippus
2002 1138 2354 1228 Hispania-

82 1273 276 1320 rum
346 1250 497 1318 Rex
560 1250 922 1322 Isabellam
989 1274 1281 1322 sororem
1348 1253 1684 1330 Francisci
1746 1252 2104 1322 Gallorum
2150 1254 2351 1345 Regis

86 1390 406 1463 uxorem
450 1392 522 1436 se
566 1368 965 1451 habiturum
995 1369 1381 1440 declaravit.
1414 1369 1756 1440 Emanuel
1779 1393 2060 1463 quoque
2088 1370 2351 1444 Sabau-

82 1484 275 1555 diae
328 1486 522 1568 Dux,
566 1501 847 1579 paterno
892 1499 1162 1578 recepto
1203 1490 1518 1579 imperio,
1572 1488 2005 1581 Margaritam
2049 1489 2349 1578 ejusdem

87 1606 403 1674 amitam
449 1609 524 1674 in
568 1604 964 1697 Allobroges
1010 1606 1234 1676 duxit.
1381 1681 1400 1700 Ι

136 1755 167 1776 ·
258 1723 692 1815 Alphonsus‚
747 1726 1036 1815 conjuge
1089 1727 1375 1806 amissa,
1424 1728 1692 1818 imperii
1746 1728 1854 1796 sui
1905 1727 2138 1809 urbes,
2179 1748 2352 1819 quas

94 1855 314 1934 patre
356 1840 681 1914 defuncto
746 1843 1048 1912 nondum
1117 1844 1463 1926 adiverat,
1517 1847 1799 1914 invisere
1851 1846 2172 1914 decrevit.
2219 1846 2351 1914 Re·

94 1965 309 2052 giam
356 1963 657 2030 venienti
708 1964 921 2042 cives,
966 1964 1086 2051 qui
1156 1963 1228 2029 in
1295 1962 1466 2029 urbe
1533 1965 1875 2054 ingentem
1946 1955 2388 2055 apparatum*

95 2079 500 2160 ediderant,
542 2102 702 2147 cum
747 2078 1002 2147 celebri
1072 2100 1322 2171 pompa
1391 2081 1663 2149 obviam
1719 2083 2057 2150 exierunt.
2099 2079 2185 2148 Ei
2227 2080 2350 2149 Al-

100 2197 425 2289 pbonsus
470 2196 805 2266 Tassonus
848 2197 1037 2265 urbis
1082 2194 1468 2267 Praefectus
1535 2221 1697 2266 cum
1763 2197 2095 2268 nobilium
2163 2199 2349 2269 urbis

96 2337 471 2407 procerum
503 2338 681 2384 auro·
696 2315 1143 2406 bombiceque
1188 2317 1557 2385 nitentium
1603 2318 1936 2385 comitatu
1983 2319 2164 2386 intra
2206 2319 2346 2408 pri-

101 2453 315 2499 mum
381 2433 472 2500 ab
540 2432 706 2502 urbe
749 2430 1043 2521 lapidem
1087 2433 1397 2502 occurrit.
1445 2434 1668 2517 Quem
1714 2456 1871 2500 cum
1925 2431 2344 2518 jureconsul-

104 2561 347 2620 torum
398 2548 679 2642 collegio
734 2562 997 2641 praetor
1048 2550 1484 2642 sequebatur.
1537 2551 1650 2642 Ab
1693 2550 1800 2618 his
1854 2549 1938 2616 ad
1988 2549 2342 2639 lapideum

108 2690 354 2736 arcum
422 2667 934 2737 extra-Portam
978 2666 1074 2735 D.
1120 2666 1303 2735 Petri
1369 2671 1439 2734 in
1511 2666 1660 2753 ejus
1726 2665 2051 2736 honorem
2115 2665 2364 2738 doricot

106 2808 315 2875 opere
357 2782 778 2855 elaboratum
821 2784 1148 2852 deductus
1191 2795 1316 2852 est.
1360 2783 1425 2850 A
1490 2805 1761 2851 summo
1830 2785 2180 2872 utriusque
2247 2780 2346 2850 la-

109 2903 276 2969 teris
319 2903 572 2972 vertice
615 2901 882 2970 duobus
923 2901 1353 2992 surgentibus
1410 2899 1720 2971 obeliscis
1781 2902 1853 2969 in
1914 2897 2134 2969 fronte
2178 2899 2343 2967 Ate·

110 3019 337 3086 atinae
392 3016 636 3086 domus
691 3019 974 3107 insignia
1041 3040 1203 3086 cum
1268 3017 1397 3085 hac
1463 3018 1892 3107 inscriptione
1949 3015 2338 3088 visebatur:

108 3134 331 3204 Aua.
361 3134 431 3201 11
460 3134 646 3203 Ducr
688 3133 756 3203 V
801 3155 1054 3201 omno
1097 3153 1559 3210 roarrssmoo.
1604 3154 1905 3200 ramum
1947 3154 2130 3208 ouon
2151 3155 2345 3201 ,mvr-

109 3271 349 3318 raum
392 3273 602 3318 iratus
646 3271 961 3319 conterno
999 3273 1084 3318 m·
1115 3271 1324 3318 sams
1366 3270 1452 3317 aa
1492 3271 1794 3318 nosram
1838 3271 2099 3317 mre-ru
2142 3269 2346 3317 naar-

109 3388 260 3436 ·rnr
303 3389 545 3436 sum
586 3389 810 3436 anca-r
856 3389 1238 3445 auom-rm:
1283 3391 1370 3435 m·
1415 3390 1497 3435 m
1539 3388 2012 3435 ruormssma
2055 3388 2345 3436 consan-

111 3506 249 3553 vn·
293 3505 459 3552 rma
504 3483 584 3554 S.
616 3485 694 3554 P.
728 3486 814 3570 Q.
848 3484 1027 3554 Rae.
1064 3485 1157 3554 D.
1202 3484 1313 3554 Ad
1354 3482 1673 3554 dextrum
1722 3497 2034 3576 pegmate
2079 3482 2374 3552 inclusa·

112 3602 425 3680 Iustitiae
472 3600 717 3693 effigies
770 3624 930 3672 cum
999 3604 1130 3672 bac
1196 3606 1628 3696 inscriptione
1671 3603 2148 3694 spectabatur:
2195 3600 2341 3679 Jur

112 3741 324 3786 mn·
368 3742 454 3786 m·
496 3742 761 3803 vraoo3
806 3734 879 3789 et
922 3722 996 3790 in
1041 3722 1303 3790 sinistro
1359 3720 1446 3789 ad
1470 3745 1477 3764 ·
1501 3721 1692 3788 Pacis
1754 3717 2190 3787 simulacrum
2241 3716 2342 3785 le·

113 3835 438 3927 gebatur:
486 3837 828 3906 Rmmum
873 3857 1211 3906 sawama
1258 3856 1514 3906 nuens.
1560 3835 1674 3904 Ab
1717 3857 1876 3904 arcu
1923 3832 2334 3902 exeuntibus

114 3951 200 4020 ad
229 3952 537 4021 dextram
579 3976 786 4046 gypso
817 3952 1040 4023 efficta
1071 3953 1374 4023 Victoria
1404 3974 1770 4044 quer-neam
1815 3973 2128 4020 coronam
2175 3972 2334 4020 cum

113 4068 242 4138 bac
287 4075 714 4165 inscriptione
761 4072 1189 4165 porrigebat:
1240 4071 1347 4140 Oa
1391 4093 1584 4140 crvzs
1629 4091 1989 4139 suvavos.
2040 4068 2153 4137 Ab
2207 4065 2343 4138 alio

112 4187 323 4261 latere
364 4188 709 4262 Securitas
775 4192 1039 4261 sinistra
1105 4189 1421 4262 columna
1491 4191 1767 4273 innixa,
1826 4187 2064 4257 dextra
2107 4184 2342 4256 albam
