<?xml version="1.0" encoding="UTF-8"?>
<!DOCTYPE html PUBLIC "-//W3C//DTD XHTML 1.0 Transitional//EN"
    "http://www.w3.org/TR/xhtml1/DTD/xhtml1-transitional.dtd">
<html xmlns="http://www.w3.org/1999/xhtml" xml:lang="en" lang="en">
 <head>
  <title>
</title>
<meta http-equiv="Content-Type" content="text/html;charset=utf-8" />
  <meta name='ocr-system' content='tesseract 3.04.00' />
  <meta name='ocr-capabilities' content='ocr_page ocr_carea ocr_par ocr_line ocrx_word'/>
</head>
<body>
  <div class='ocr_page' id='page_1' title='image "./rerumhistoricar00unkngoog_0338.png"; bbox 0 0 2950 5017; ppageno 0'>
   <div class='ocr_carea' id='block_1_1' title="bbox 656 414 2121 498">
    <p class='ocr_par' dir='ltr' id='par_1_1' title="bbox 656 414 2121 498">
     <span class='ocr_line' id='line_1_1' title="bbox 656 414 2121 498; baseline -0.005 -18"><span class='ocrx_word' id='word_1_1' title='bbox 656 414 790 498; x_wconf 70' lang='lat'><strong>3⁸4</strong></span> <span class='ocrx_word' id='word_1_2' title='bbox 1405 433 1645 477; x_wconf 64' lang='lat' dir='ltr'><strong>nanum</strong></span> <span class='ocrx_word' id='word_1_3' title='bbox 1691 427 2121 476; x_wconf 69' lang='lat' dir='ltr'><strong>nncrnmsmm</strong></span> 
     </span>
    </p>
   </div>
   <div class='ocr_carea' id='block_1_2' title="bbox 648 547 2938 4277">
    <p class='ocr_par' dir='ltr' id='par_1_2' title="bbox 648 547 2938 4277">
     <span class='ocr_line' id='line_1_2' title="bbox 658 547 2938 646; baseline -0.004 -24"><span class='ocrx_word' id='word_1_4' title='bbox 658 575 882 622; x_wconf 79' lang='lat' dir='ltr'><strong>rursus</strong></span> <span class='ocrx_word' id='word_1_5' title='bbox 923 553 1120 621; x_wconf 86' lang='lat' dir='ltr'><strong>nonis</strong></span> <span class='ocrx_word' id='word_1_6' title='bbox 1161 554 1559 643; x_wconf 71' lang='lat' dir='ltr'>septembris</span> <span class='ocrx_word' id='word_1_7' title='bbox 1593 551 1988 642; x_wconf 77' lang='lat' dir='ltr'><strong>ingredienti</strong></span> <span class='ocrx_word' id='word_1_8' title='bbox 2025 552 2322 617; x_wconf 83' lang='lat' dir='ltr'><strong>universi·</strong></span> <span class='ocrx_word' id='word_1_9' title='bbox 2346 547 2613 617; x_wconf 84' lang='lat' dir='ltr'><strong>nobiles</strong></span> <span class='ocrx_word' id='word_1_10' title='bbox 2648 560 2729 614; x_wconf 84' lang='lat' dir='ltr'><strong>et</strong></span> <span class='ocrx_word' id='word_1_11' title='bbox 2763 548 2894 640; x_wconf 83' lang='lat' dir='ltr'><strong>ple·</strong></span> <span class='ocrx_word' id='word_1_12' title='bbox 2936 639 2938 646; x_wconf 28' lang='grc' dir='ltr'>Ι</span> 
     </span>
     <span class='ocr_line' id='line_1_3' title="bbox 656 666 2938 759; baseline -0.002 -21"><span class='ocrx_word' id='word_1_13' title='bbox 656 670 770 738; x_wconf 88' lang='lat' dir='ltr'><strong>bei</strong></span> <span class='ocrx_word' id='word_1_14' title='bbox 814 693 976 738; x_wconf 86' lang='lat' dir='ltr'><strong>cum</strong></span> <span class='ocrx_word' id='word_1_15' title='bbox 1034 670 1494 739; x_wconf 85' lang='lat' dir='ltr'><strong>sacerdotibus</strong></span> <span class='ocrx_word' id='word_1_16' title='bbox 1566 669 1840 737; x_wconf 82' lang='lat' dir='ltr'><strong>obviam</strong></span> <span class='ocrx_word' id='word_1_17' title='bbox 1908 666 2327 759; x_wconf 85' lang='lat' dir='ltr'><strong>prodierunt.</strong></span> <span class='ocrx_word' id='word_1_18' title='bbox 2396 667 2477 733; x_wconf 92' lang='lat' dir='ltr'><strong>In</strong></span> <span class='ocrx_word' id='word_1_19' title='bbox 2549 690 2717 733; x_wconf 82' lang='lat' dir='ltr'><strong>arce</strong></span> <span class='ocrx_word' id='word_1_20' title='bbox 2784 679 2938 733; x_wconf 71' lang='grc' dir='ltr'><strong>εει·</strong></span> 
     </span>
     <span class='ocr_line' id='line_1_4' title="bbox 657 783 2938 878; baseline -0.001 -25"><span class='ocrx_word' id='word_1_21' title='bbox 657 786 955 878; x_wconf 85' lang='lat' dir='ltr'><strong>plaustra</strong></span> <span class='ocrx_word' id='word_1_22' title='bbox 1000 789 1256 878; x_wconf 78' lang='lat' dir='ltr'><strong>argenti</strong></span> <span class='ocrx_word' id='word_1_23' title='bbox 1301 784 1473 853; x_wconf 84' lang='lat' dir='ltr'><strong>facti</strong></span> <span class='ocrx_word' id='word_1_24' title='bbox 1518 798 1589 854; x_wconf 90' lang='lat' dir='ltr'><strong>et</strong></span> <span class='ocrx_word' id='word_1_25' title='bbox 1630 788 1849 854; x_wconf 83' lang='lat' dir='ltr'><strong>sexies</strong></span> <span class='ocrx_word' id='word_1_26' title='bbox 1893 797 2177 852; x_wconf 88' lang='lat' dir='ltr'><strong>centena</strong></span> <span class='ocrx_word' id='word_1_27' title='bbox 2238 783 2455 850; x_wconf 85' lang='lat' dir='ltr'><strong>millia</strong></span> <span class='ocrx_word' id='word_1_28' title='bbox 2528 807 2895 851; x_wconf 82' lang='lat' dir='ltr'><strong>aureorum</strong></span> <span class='ocrx_word' id='word_1_29' title='bbox 2936 827 2938 840; x_wconf 85' lang='lat'>·</span> 
     </span>
     <span class='ocr_line' id='line_1_5' title="bbox 656 897 2938 992; baseline -0.002 -21"><span class='ocrx_word' id='word_1_30' title='bbox 656 903 1059 972; x_wconf 82' lang='lat' dir='ltr'><strong>florenorum</strong></span> <span class='ocrx_word' id='word_1_31' title='bbox 1128 906 1403 970; x_wconf 80' lang='lat' dir='ltr'><strong>inventa</strong></span> <span class='ocrx_word' id='word_1_32' title='bbox 1468 899 1678 970; x_wconf 83' lang='lat' dir='ltr'><strong>fuisse</strong></span> <span class='ocrx_word' id='word_1_33' title='bbox 1743 901 2092 980; x_wconf 82' lang='lat' dir='ltr'><strong>dicuntur.</strong></span> <span class='ocrx_word' id='word_1_34' title='bbox 2145 897 2604 992; x_wconf 77' lang='lat' dir='ltr'><strong>sequentibus</strong></span> <span class='ocrx_word' id='word_1_35' title='bbox 2658 899 2895 967; x_wconf 80' lang='lat' dir='ltr'><strong>diebus</strong></span> <span class='ocrx_word' id='word_1_36' title='bbox 2936 941 2938 952; x_wconf 90' lang='lat'>·</span> 
     </span>
     <span class='ocr_line' id='line_1_6' title="bbox 656 1019 2895 1112; baseline -0.002 -22"><span class='ocrx_word' id='word_1_37' title='bbox 656 1022 943 1099; x_wconf 79' lang='lat' dir='ltr'><strong>Ioannes</strong></span> <span class='ocrx_word' id='word_1_38' title='bbox 973 1019 1359 1089; x_wconf 69' lang='lat' dir='ltr'><strong>Gallaecius</strong></span> <span class='ocrx_word' id='word_1_39' title='bbox 1405 1043 1524 1112; x_wconf 87' lang='lat' dir='ltr'><strong>per</strong></span> <span class='ocrx_word' id='word_1_40' title='bbox 1567 1019 1831 1089; x_wconf 84' lang='lat' dir='ltr'><strong>ludicra.</strong></span> <span class='ocrx_word' id='word_1_41' title='bbox 1871 1020 2240 1087; x_wconf 82' lang='lat' dir='ltr'><strong>certamina</strong></span> <span class='ocrx_word' id='word_1_42' title='bbox 2286 1020 2483 1086; x_wconf 80' lang='lat' dir='ltr'><strong>variis</strong></span> <span class='ocrx_word' id='word_1_43' title='bbox 2531 1021 2895 1109; x_wconf 81' lang='lat' dir='ltr'><strong>propositis</strong></span> 
     </span>
     <span class='ocr_line' id='line_1_7' title="bbox 659 1123 2894 1229; baseline -0.002 -23"><span class='ocrx_word' id='word_1_44' title='bbox 659 1141 973 1229; x_wconf 83' lang='lat' dir='ltr'><strong>praemiis</strong></span> <span class='ocrx_word' id='word_1_45' title='bbox 1019 1137 1349 1228; x_wconf 75' lang='lat' dir='ltr'><strong>populum</strong></span> <span class='ocrx_word' id='word_1_46' title='bbox 1394 1123 1769 1206; x_wconf 78' lang='lat' dir='ltr'><strong>oblectavit</strong></span> <span class='ocrx_word' id='word_1_47' title='bbox 1806 1148 1880 1204; x_wconf 85' lang='lat' dir='ltr'><strong>et</strong></span> <span class='ocrx_word' id='word_1_48' title='bbox 1924 1135 2130 1226; x_wconf 80' lang='lat' dir='ltr'><strong>paulo</strong></span> <span class='ocrx_word' id='word_1_49' title='bbox 2178 1146 2333 1225; x_wconf 87' lang='lat' dir='ltr'><strong>post</strong></span> <span class='ocrx_word' id='word_1_50' title='bbox 2374 1134 2526 1203; x_wconf 87' lang='lat' dir='ltr'><strong>aliis</strong></span> <span class='ocrx_word' id='word_1_51' title='bbox 2571 1135 2894 1224; x_wconf 67' lang='lat' dir='ltr'><strong>gentibus</strong></span> 
     </span>
     <span class='ocr_line' id='line_1_8' title="bbox 656 1252 2893 1344; baseline -0.001 -23"><span class='ocrx_word' id='word_1_52' title='bbox 656 1257 730 1322; x_wconf 88' lang='lat' dir='ltr'><strong>in</strong></span> <span class='ocrx_word' id='word_1_53' title='bbox 772 1278 966 1322; x_wconf 83' lang='lat' dir='ltr'><strong>suam</strong></span> <span class='ocrx_word' id='word_1_54' title='bbox 1013 1266 1420 1344; x_wconf 84' lang='lat' dir='ltr'><strong>potestatem</strong></span> <span class='ocrx_word' id='word_1_55' title='bbox 1469 1252 1755 1321; x_wconf 81' lang='lat' dir='ltr'><strong>redactis</strong></span> <span class='ocrx_word' id='word_1_56' title='bbox 1816 1265 2058 1320; x_wconf 85' lang='lat' dir='ltr'><strong>octavo</strong></span> <span class='ocrx_word' id='word_1_57' title='bbox 2129 1264 2491 1341; x_wconf 77' lang='lat' dir='ltr'><strong>postquam</strong></span> <span class='ocrx_word' id='word_1_58' title='bbox 2563 1264 2893 1341; x_wconf 83' lang='lat' dir='ltr'><strong>patruum</strong></span> 
     </span>
     <span class='ocr_line' id='line_1_9' title="bbox 656 1367 2897 1461; baseline -0.001 -23"><span class='ocrx_word' id='word_1_59' title='bbox 656 1382 924 1461; x_wconf 85' lang='lat' dir='ltr'><strong>eeperat</strong></span> <span class='ocrx_word' id='word_1_60' title='bbox 967 1369 1119 1452; x_wconf 88' lang='lat' dir='ltr'><strong>die,</strong></span> <span class='ocrx_word' id='word_1_61' title='bbox 1145 1369 1521 1450; x_wconf 72' lang='lat' dir='ltr'><strong>Parmam,</strong></span> <span class='ocrx_word' id='word_1_62' title='bbox 1567 1370 1990 1459; x_wconf 77' lang='lat' dir='ltr'><strong>Regiumque</strong></span> <span class='ocrx_word' id='word_1_63' title='bbox 2055 1370 2352 1459; x_wconf 86' lang='lat' dir='ltr'><strong>accepit,</strong></span> <span class='ocrx_word' id='word_1_64' title='bbox 2393 1367 2658 1458; x_wconf 87' lang='lat' dir='ltr'><strong>quibus</strong></span> <span class='ocrx_word' id='word_1_65' title='bbox 2708 1367 2897 1444; x_wconf 84' lang='lat' dir='ltr'><strong>Jaco-</strong></span> 
     </span>
     <span class='ocr_line' id='line_1_10' title="bbox 659 1484 2897 1578; baseline -0.001 -22"><span class='ocrx_word' id='word_1_66' title='bbox 659 1488 830 1558; x_wconf 89' lang='lat' dir='ltr'><strong>bum</strong></span> <span class='ocrx_word' id='word_1_67' title='bbox 875 1488 1231 1557; x_wconf 86' lang='lat' dir='ltr'><strong>Vermium</strong></span> <span class='ocrx_word' id='word_1_68' title='bbox 1278 1512 1435 1556; x_wconf 88' lang='lat' dir='ltr'><strong>cum</strong></span> <span class='ocrx_word' id='word_1_69' title='bbox 1511 1487 1745 1554; x_wconf 86' lang='lat' dir='ltr'><strong>multis</strong></span> <span class='ocrx_word' id='word_1_70' title='bbox 1813 1490 2017 1578; x_wconf 87' lang='lat' dir='ltr'><strong>copiis</strong></span> <span class='ocrx_word' id='word_1_71' title='bbox 2085 1484 2428 1577; x_wconf 83' lang='lat' dir='ltr'><strong>praefecit.</strong></span> <span class='ocrx_word' id='word_1_72' title='bbox 2484 1486 2663 1554; x_wconf 83' lang='lat' dir='ltr'><strong>Mox</strong></span> <span class='ocrx_word' id='word_1_73' title='bbox 2711 1489 2897 1555; x_wconf 82' lang='lat' dir='ltr'><strong>novis</strong></span> 
     </span>
     <span class='ocr_line' id='line_1_11' title="bbox 658 1603 2898 1697; baseline -0.002 -24"><span class='ocrx_word' id='word_1_74' title='bbox 658 1604 921 1697; x_wconf 90' lang='lat' dir='ltr'><strong>legibus</strong></span> <span class='ocrx_word' id='word_1_75' title='bbox 966 1605 1255 1674; x_wconf 86' lang='lat' dir='ltr'><strong>conditis</strong></span> <span class='ocrx_word' id='word_1_76' title='bbox 1301 1617 1371 1672; x_wconf 90' lang='lat' dir='ltr'><strong>et</strong></span> <span class='ocrx_word' id='word_1_77' title='bbox 1415 1607 1699 1673; x_wconf 80' lang='lat' dir='ltr'><strong>vetustis</strong></span> <span class='ocrx_word' id='word_1_78' title='bbox 1746 1606 1814 1672; x_wconf 90' lang='lat' dir='ltr'><strong>in</strong></span> <span class='ocrx_word' id='word_1_79' title='bbox 1864 1605 2103 1671; x_wconf 88' lang='lat' dir='ltr'><strong>melius</strong></span> <span class='ocrx_word' id='word_1_80' title='bbox 2166 1605 2446 1671; x_wconf 89' lang='lat' dir='ltr'><strong>mutatis</strong></span> <span class='ocrx_word' id='word_1_81' title='bbox 2490 1606 2662 1670; x_wconf 87' lang='lat' dir='ltr'><strong>satis</strong></span> <span class='ocrx_word' id='word_1_82' title='bbox 2713 1603 2898 1670; x_wconf 89' lang='lat' dir='ltr'><strong>beni-</strong></span> 
     </span>
     <span class='ocr_line' id='line_1_12' title="bbox 658 1719 2938 1815; baseline -0.001 -24"><span class='ocrx_word' id='word_1_83' title='bbox 658 1748 786 1815; x_wconf 82' lang='lat' dir='ltr'><strong>gne</strong></span> <span class='ocrx_word' id='word_1_84' title='bbox 831 1723 1097 1815; x_wconf 77' lang='lat' dir='ltr'><strong>populis</strong></span> <span class='ocrx_word' id='word_1_85' title='bbox 1139 1726 1523 1813; x_wconf 86' lang='lat' dir='ltr'><strong>imperavit.</strong></span> <span class='ocrx_word' id='word_1_86' title='bbox 1550 1724 1649 1792; x_wconf 81' lang='lat' dir='ltr'><strong>‚In</strong></span> <span class='ocrx_word' id='word_1_87' title='bbox 1697 1721 1844 1809; x_wconf 87' lang='lat' dir='ltr'><strong>ejus</strong></span> <span class='ocrx_word' id='word_1_88' title='bbox 1890 1721 2167 1790; x_wconf 84' lang='lat' dir='ltr'><strong>consilio</strong></span> <span class='ocrx_word' id='word_1_89' title='bbox 2213 1719 2349 1788; x_wconf 84' lang='lat' dir='ltr'><strong>fuit</strong></span> <span class='ocrx_word' id='word_1_90' title='bbox 2381 1721 2679 1789; x_wconf 85' lang='lat' dir='ltr'><strong>Pinotus</strong></span> <span class='ocrx_word' id='word_1_91' title='bbox 2713 1744 2759 1787; x_wconf 83' lang='lat' dir='ltr'><strong>a</strong></span> <span class='ocrx_word' id='word_1_92' title='bbox 2795 1720 2898 1787; x_wconf 91' lang='lat' dir='ltr'><strong>Pi·</strong></span> <span class='ocrx_word' id='word_1_93' title='bbox 2936 1785 2938 1788; x_wconf 84' lang='lat'>.</span> 
     </span>
     <span class='ocr_line' id='line_1_13' title="bbox 648 1840 2894 1932; baseline -0.002 -23"><span class='ocrx_word' id='word_1_94' title='bbox 648 1844 837 1911; x_wconf 40' lang='lat' dir='ltr'><strong>*notis</strong></span> <span class='ocrx_word' id='word_1_95' title='bbox 878 1841 1421 1928; x_wconf 83' lang='lat' dir='ltr'><strong>jurisconsultus,</strong></span> <span class='ocrx_word' id='word_1_96' title='bbox 1449 1844 1623 1930; x_wconf 76' lang='lat' dir='ltr'><strong>qui,</strong></span> <span class='ocrx_word' id='word_1_97' title='bbox 1671 1853 1750 1908; x_wconf 91' lang='lat' dir='ltr'><strong>ut</strong></span> <span class='ocrx_word' id='word_1_98' title='bbox 1792 1864 1998 1932; x_wconf 87' lang='lat' dir='ltr'><strong>supra</strong></span> <span class='ocrx_word' id='word_1_99' title='bbox 2041 1840 2374 1919; x_wconf 83' lang='lat' dir='ltr'><strong>diximus,</strong></span> <span class='ocrx_word' id='word_1_100' title='bbox 2424 1842 2894 1908; x_wconf 73' lang='lat' dir='ltr'><strong>nosocomium</strong></span> 
     </span>
     <span class='ocr_line' id='line_1_14' title="bbox 661 1956 2895 2048; baseline -0.001 -24"><span class='ocrx_word' id='word_1_101' title='bbox 661 1958 841 2048; x_wconf 86' lang='lat' dir='ltr'><strong>apud</strong></span> <span class='ocrx_word' id='word_1_102' title='bbox 890 1958 1293 2026; x_wconf 84' lang='lat' dir='ltr'><strong>Carmelitas</strong></span> <span class='ocrx_word' id='word_1_103' title='bbox 1341 1958 1578 2047; x_wconf 76' lang='lat' dir='ltr'><strong>Regii,</strong></span> <span class='ocrx_word' id='word_1_104' title='bbox 1647 1971 1718 2025; x_wconf 90' lang='lat' dir='ltr'><strong>et</strong></span> <span class='ocrx_word' id='word_1_105' title='bbox 1785 1957 2281 2026; x_wconf 82' lang='lat' dir='ltr'><strong>xenodochium</strong></span> <span class='ocrx_word' id='word_1_106' title='bbox 2350 1966 2543 2023; x_wconf 82' lang='lat' dir='ltr'><strong>extra</strong></span> <span class='ocrx_word' id='word_1_107' title='bbox 2613 1956 2895 2025; x_wconf 85' lang='lat' dir='ltr'><strong>Portam</strong></span> 
     </span>
     <span class='ocr_line' id='line_1_15' title="bbox 659 2072 2896 2167; baseline -0.002 -24"><span class='ocrx_word' id='word_1_108' title='bbox 659 2075 837 2143; x_wconf 83' lang='lat' dir='ltr'><strong>Divi·</strong></span> <span class='ocrx_word' id='word_1_109' title='bbox 871 2074 1201 2167; x_wconf 78' lang='lat' dir='ltr'><strong>Stephani</strong></span> <span class='ocrx_word' id='word_1_110' title='bbox 1250 2074 1495 2165; x_wconf 85' lang='lat' dir='ltr'><strong>amplis</strong></span> <span class='ocrx_word' id='word_1_111' title='bbox 1538 2074 1752 2142; x_wconf 88' lang='lat' dir='ltr'><strong>ditata</strong></span> <span class='ocrx_word' id='word_1_112' title='bbox 1799 2075 2133 2143; x_wconf 77' lang='lat' dir='ltr'><strong>reditibus</strong></span> <span class='ocrx_word' id='word_1_113' title='bbox 2181 2073 2500 2142; x_wconf 88' lang='lat' dir='ltr'><strong>condidit.</strong></span> <span class='ocrx_word' id='word_1_114' title='bbox 2552 2072 2896 2139; x_wconf 87' lang='lat' dir='ltr'><strong>Barnabas</strong></span> 
     </span>
     <span class='ocr_line' id='line_1_16' title="bbox 661 2191 2897 2283; baseline -0.002 -23"><span class='ocrx_word' id='word_1_115' title='bbox 661 2195 734 2260; x_wconf 90' lang='lat' dir='ltr'><strong>in</strong></span> <span class='ocrx_word' id='word_1_116' title='bbox 763 2191 1144 2260; x_wconf 77' lang='lat' dir='ltr'><strong>‚Tritianam</strong></span> <span class='ocrx_word' id='word_1_117' title='bbox 1187 2217 1408 2260; x_wconf 88' lang='lat' dir='ltr'><strong>arcem</strong></span> <span class='ocrx_word' id='word_1_118' title='bbox 1441 2193 1769 2262; x_wconf 87' lang='lat' dir='ltr'><strong>deductus</strong></span> <span class='ocrx_word' id='word_1_119' title='bbox 1818 2206 1963 2283; x_wconf 84' lang='lat' dir='ltr'><strong>post</strong></span> <span class='ocrx_word' id='word_1_120' title='bbox 2003 2196 2364 2283; x_wconf 86' lang='lat' dir='ltr'><strong>septimum</strong></span> <span class='ocrx_word' id='word_1_121' title='bbox 2395 2194 2681 2258; x_wconf 86' lang='lat' dir='ltr'><strong>carceris</strong></span> <span class='ocrx_word' id='word_1_122' title='bbox 2715 2215 2897 2257; x_wconf 89' lang='lat' dir='ltr'><strong>men-</strong></span> 
     </span>
     <span class='ocr_line' id='line_1_17' title="bbox 660 2309 2892 2402; baseline -0.002 -23"><span class='ocrx_word' id='word_1_123' title='bbox 660 2334 804 2379; x_wconf 86' lang='lat' dir='ltr'><strong>sem</strong></span> <span class='ocrx_word' id='word_1_124' title='bbox 848 2309 1100 2379; x_wconf 86' lang='lat' dir='ltr'><strong>infecta</strong></span> <span class='ocrx_word' id='word_1_125' title='bbox 1121 2335 1383 2380; x_wconf 79' lang='lat' dir='ltr'><strong>-veneno</strong></span> <span class='ocrx_word' id='word_1_126' title='bbox 1411 2309 1772 2380; x_wconf 85' lang='lat' dir='ltr'><strong>faselorum</strong></span> <span class='ocrx_word' id='word_1_127' title='bbox 1821 2311 2012 2402; x_wconf 89' lang='lat' dir='ltr'><strong>pulte</strong></span> <span class='ocrx_word' id='word_1_128' title='bbox 2056 2323 2353 2380; x_wconf 86' lang='lat' dir='ltr'><strong>comesta</strong></span> <span class='ocrx_word' id='word_1_129' title='bbox 2399 2333 2577 2377; x_wconf 85' lang='lat' dir='ltr'><strong>anno</strong></span> <span class='ocrx_word' id='word_1_130' title='bbox 2623 2311 2892 2398; x_wconf 87' lang='lat' dir='ltr'><strong>imperii</strong></span> 
     </span>
     <span class='ocr_line' id='line_1_18' title="bbox 663 2425 2895 2519; baseline -0.001 -23"><span class='ocrx_word' id='word_1_131' title='bbox 663 2431 1030 2519; x_wconf 83' lang='lat' dir='ltr'><strong>trigesimo,</strong></span> <span class='ocrx_word' id='word_1_132' title='bbox 1076 2440 1149 2497; x_wconf 87' lang='lat' dir='ltr'><strong>et</strong></span> <span class='ocrx_word' id='word_1_133' title='bbox 1195 2432 1434 2496; x_wconf 86' lang='lat' dir='ltr'><strong>aetatis</strong></span> <span class='ocrx_word' id='word_1_134' title='bbox 1478 2433 1894 2519; x_wconf 83' lang='lat' dir='ltr'><strong>sexagesimo</strong></span> <span class='ocrx_word' id='word_1_135' title='bbox 1925 2442 2119 2497; x_wconf 82' lang='lat' dir='ltr'><strong>sexto</strong></span> <span class='ocrx_word' id='word_1_136' title='bbox 2149 2429 2408 2496; x_wconf 87' lang='lat' dir='ltr'><strong>decimo</strong></span> <span class='ocrx_word' id='word_1_137' title='bbox 2441 2429 2642 2494; x_wconf 87' lang='lat' dir='ltr'><strong>tertio</strong></span> <span class='ocrx_word' id='word_1_138' title='bbox 2676 2425 2895 2494; x_wconf 86' lang='lat' dir='ltr'><strong>calen-</strong></span> 
     </span>
     <span class='ocr_line' id='line_1_19' title="bbox 660 2543 2893 2614; baseline -0.002 -1"><span class='ocrx_word' id='word_1_139' title='bbox 660 2545 780 2613; x_wconf 81' lang='lat' dir='ltr'><strong>das</strong></span> <span class='ocrx_word' id='word_1_140' title='bbox 824 2544 1190 2613; x_wconf 78' lang='lat' dir='ltr'><strong>decembris</strong></span> <span class='ocrx_word' id='word_1_141' title='bbox 1236 2548 1305 2612; x_wconf 92' lang='lat' dir='ltr'><strong>in</strong></span> <span class='ocrx_word' id='word_1_142' title='bbox 1357 2546 1669 2613; x_wconf 88' lang='lat' dir='ltr'><strong>manibus</strong></span> <span class='ocrx_word' id='word_1_143' title='bbox 1716 2546 2051 2614; x_wconf 86' lang='lat' dir='ltr'><strong>Doniniae</strong></span> <span class='ocrx_word' id='word_1_144' title='bbox 2086 2546 2437 2612; x_wconf 86' lang='lat' dir='ltr'><strong>adamatae</strong></span> <span class='ocrx_word' id='word_1_145' title='bbox 2469 2543 2893 2612; x_wconf 76' lang='lat' dir='ltr'><strong>concubinae</strong></span> 
     </span>
     <span class='ocr_line' id='line_1_20' title="bbox 662 2662 2893 2753; baseline -0.001 -24"><span class='ocrx_word' id='word_1_146' title='bbox 662 2665 1019 2752; x_wconf 81' lang='lat' dir='ltr'><strong>expiravit.</strong></span> <span class='ocrx_word' id='word_1_147' title='bbox 1066 2662 1355 2731; x_wconf 87' lang='lat' dir='ltr'><strong>Moriens</strong></span> <span class='ocrx_word' id='word_1_148' title='bbox 1400 2662 1718 2753; x_wconf 78' lang='lat' dir='ltr'><strong>lacrymis</strong></span> <span class='ocrx_word' id='word_1_149' title='bbox 1762 2676 1831 2730; x_wconf 91' lang='lat' dir='ltr'><strong>et</strong></span> <span class='ocrx_word' id='word_1_150' title='bbox 1876 2663 2238 2752; x_wconf 89' lang='lat' dir='ltr'><strong>gemitibus</strong></span> <span class='ocrx_word' id='word_1_151' title='bbox 2283 2684 2580 2743; x_wconf 86' lang='lat' dir='ltr'><strong>errorum</strong></span> <span class='ocrx_word' id='word_1_152' title='bbox 2620 2663 2827 2728; x_wconf 85' lang='lat' dir='ltr'><strong>venia</strong></span> <span class='ocrx_word' id='word_1_153' title='bbox 2855 2684 2893 2726; x_wconf 86' lang='lat' dir='ltr'><strong>a</strong></span> 
     </span>
     <span class='ocr_line' id='line_1_21' title="bbox 661 2778 2896 2878; baseline -0.001 -31"><span class='ocrx_word' id='word_1_154' title='bbox 661 2780 811 2849; x_wconf 88' lang='lat' dir='ltr'><strong>Deo</strong></span> <span class='ocrx_word' id='word_1_155' title='bbox 861 2779 1353 2878; x_wconf 37' lang='lat' dir='ltr'><strong>petita-psalmi</strong></span> <span class='ocrx_word' id='word_1_156' title='bbox 1387 2780 1828 2848; x_wconf 83' lang='lat' dir='ltr'><strong>versiculum:</strong></span> <span class='ocrx_word' id='word_1_157' title='bbox 1877 2780 2015 2848; x_wconf 82' lang='lat' dir='ltr'><strong>Cor</strong></span> <span class='ocrx_word' id='word_1_158' title='bbox 2057 2784 2423 2847; x_wconf 83' lang='lat' dir='ltr'><strong>contritum</strong></span> <span class='ocrx_word' id='word_1_159' title='bbox 2469 2792 2536 2845; x_wconf 83' lang='lat' dir='ltr'><strong>et</strong></span> <span class='ocrx_word' id='word_1_160' title='bbox 2581 2778 2896 2845; x_wconf 76' lang='lat' dir='ltr'><strong>humilia-</strong></span> 
     </span>
     <span class='ocr_line' id='line_1_22' title="bbox 661 2897 2893 2987; baseline -0.002 -21"><span class='ocrx_word' id='word_1_161' title='bbox 661 2912 803 2966; x_wconf 79' lang='lat' dir='ltr'><strong>tum</strong></span> <span class='ocrx_word' id='word_1_162' title='bbox 833 2898 1034 2965; x_wconf 82' lang='lat' dir='ltr'><strong>Deus</strong></span> <span class='ocrx_word' id='word_1_163' title='bbox 1080 2921 1217 2969; x_wconf 83' lang='lat' dir='ltr'><strong>non</strong></span> <span class='ocrx_word' id='word_1_164' title='bbox 1247 2901 1613 2987; x_wconf 80' lang='lat' dir='ltr'><strong>despicies,</strong></span> <span class='ocrx_word' id='word_1_165' title='bbox 1659 2899 1920 2986; x_wconf 85' lang='lat' dir='ltr'><strong>saepius</strong></span> <span class='ocrx_word' id='word_1_166' title='bbox 1969 2900 2297 2963; x_wconf 82' lang='lat' dir='ltr'><strong>recitavit.</strong></span> <span class='ocrx_word' id='word_1_167' title='bbox 2358 2897 2437 2964; x_wconf 90' lang='lat' dir='ltr'><strong>In</strong></span> <span class='ocrx_word' id='word_1_168' title='bbox 2489 2897 2732 2963; x_wconf 90' lang='lat' dir='ltr'><strong>nostris</strong></span> <span class='ocrx_word' id='word_1_169' title='bbox 2777 2918 2893 2962; x_wconf 90' lang='lat' dir='ltr'><strong>an-</strong></span> 
     </span>
     <span class='ocr_line' id='line_1_23' title="bbox 659 3014 2888 3116; baseline -0.002 -34"><span class='ocrx_word' id='word_1_170' title='bbox 659 3014 930 3116; x_wconf 79' lang='lat' dir='ltr'><strong>nalibus</strong></span> <span class='ocrx_word' id='word_1_171' title='bbox 976 3039 1135 3082; x_wconf 90' lang='lat' dir='ltr'><strong>eum</strong></span> <span class='ocrx_word' id='word_1_172' title='bbox 1181 3014 1467 3104; x_wconf 88' lang='lat' dir='ltr'><strong>Regium</strong></span> <span class='ocrx_word' id='word_1_173' title='bbox 1517 3015 1926 3094; x_wconf 82' lang='lat' dir='ltr'><strong>deductum,</strong></span> <span class='ocrx_word' id='word_1_174' title='bbox 1983 3026 2052 3081; x_wconf 89' lang='lat' dir='ltr'><strong>et</strong></span> <span class='ocrx_word' id='word_1_175' title='bbox 2105 3015 2200 3080; x_wconf 92' lang='lat' dir='ltr'><strong>ibi</strong></span> <span class='ocrx_word' id='word_1_176' title='bbox 2257 3037 2516 3081; x_wconf 84' lang='lat' dir='ltr'><strong>veneno</strong></span> <span class='ocrx_word' id='word_1_177' title='bbox 2565 3024 2888 3079; x_wconf 87' lang='lat' dir='ltr'><strong>necatum</strong></span> 
     </span>
     <span class='ocr_line' id='line_1_24' title="bbox 657 3130 2887 3238; baseline -0.002 -38"><span class='ocrx_word' id='word_1_178' title='bbox 657 3130 862 3238; x_wconf 70' lang='lat' dir='ltr'><strong>fuisse</strong></span> <span class='ocrx_word' id='word_1_179' title='bbox 907 3131 1060 3222; x_wconf 88' lang='lat' dir='ltr'><strong>legi.</strong></span> <span class='ocrx_word' id='word_1_180' title='bbox 1107 3132 1474 3200; x_wconf 87' lang='lat' dir='ltr'><strong>Mediolani</strong></span> <span class='ocrx_word' id='word_1_181' title='bbox 1506 3132 1874 3202; x_wconf 84' lang='lat' dir='ltr'><strong>Conchano</strong></span> <span class='ocrx_word' id='word_1_182' title='bbox 1914 3136 1984 3228; x_wconf 82' lang='lat' dir='ltr'><strong>in</strong></span> <span class='ocrx_word' id='word_1_183' title='bbox 2019 3131 2275 3221; x_wconf 89' lang='lat' dir='ltr'><strong>templo</strong></span> <span class='ocrx_word' id='word_1_184' title='bbox 2321 3144 2554 3216; x_wconf 66' lang='lat' dir='ltr'><strong>statua</strong></span> <span class='ocrx_word' id='word_1_185' title='bbox 2596 3132 2887 3220; x_wconf 82' lang='lat' dir='ltr'><strong>equestri</strong></span> 
     </span>
     <span class='ocr_line' id='line_1_25' title="bbox 658 3249 2888 3339; baseline -0.002 -22"><span class='ocrx_word' id='word_1_186' title='bbox 658 3274 747 3317; x_wconf 80' lang='lat' dir='ltr'><strong>ex</strong></span> <span class='ocrx_word' id='word_1_187' title='bbox 787 3249 1051 3320; x_wconf 86' lang='lat' dir='ltr'><strong>lunensi</strong></span> <span class='ocrx_word' id='word_1_188' title='bbox 1095 3271 1459 3329; x_wconf 86' lang='lat' dir='ltr'><strong>marmore,</strong></span> <span class='ocrx_word' id='word_1_189' title='bbox 1493 3274 1670 3339; x_wconf 85' lang='lat' dir='ltr'><strong>quae</strong></span> <span class='ocrx_word' id='word_1_190' title='bbox 1715 3251 1860 3336; x_wconf 89' lang='lat' dir='ltr'><strong>ejus</strong></span> <span class='ocrx_word' id='word_1_191' title='bbox 1895 3273 2004 3329; x_wconf 91' lang='lat' dir='ltr'><strong>os,</strong></span> <span class='ocrx_word' id='word_1_192' title='bbox 2038 3249 2492 3339; x_wconf 84' lang='lat' dir='ltr'><strong>habitumque</strong></span> <span class='ocrx_word' id='word_1_193' title='bbox 2539 3250 2888 3337; x_wconf 82' lang='lat' dir='ltr'><strong>exprimit,</strong></span> 
     </span>
     <span class='ocr_line' id='line_1_26' title="bbox 659 3365 2884 3457; baseline -0.002 -22"><span class='ocrx_word' id='word_1_194' title='bbox 659 3365 1014 3455; x_wconf 78' lang='lat' dir='ltr'><strong>sepulchro</strong></span> <span class='ocrx_word' id='word_1_195' title='bbox 1041 3368 1356 3455; x_wconf 87' lang='lat' dir='ltr'><strong>imposita</strong></span> <span class='ocrx_word' id='word_1_196' title='bbox 1376 3417 1395 3445; x_wconf 94' lang='lat'><strong>,</strong></span> <span class='ocrx_word' id='word_1_197' title='bbox 1425 3379 1529 3433; x_wconf 82' lang='lat' dir='ltr'><strong>est</strong></span> <span class='ocrx_word' id='word_1_198' title='bbox 1564 3367 1986 3446; x_wconf 74' lang='lat' dir='ltr'><strong>tumulatus3</strong></span> <span class='ocrx_word' id='word_1_199' title='bbox 2019 3370 2317 3457; x_wconf 87' lang='lat' dir='ltr'><strong>quinque</strong></span> <span class='ocrx_word' id='word_1_200' title='bbox 2348 3365 2521 3433; x_wconf 89' lang='lat' dir='ltr'><strong>filios</strong></span> <span class='ocrx_word' id='word_1_201' title='bbox 2553 3365 2884 3444; x_wconf 86' lang='lat' dir='ltr'><strong>Marcum,</strong></span> 
     </span>
     <span class='ocr_line' id='line_1_27' title="bbox 656 3480 2886 3575; baseline -0.001 -26"><span class='ocrx_word' id='word_1_202' title='bbox 656 3481 1115 3563; x_wconf 82' lang='lat' dir='ltr'><strong>Ludovicum,</strong></span> <span class='ocrx_word' id='word_1_203' title='bbox 1149 3480 1526 3564; x_wconf 72' lang='lat' dir='ltr'><strong>carolum,</strong></span> <span class='ocrx_word' id='word_1_204' title='bbox 1573 3483 2054 3574; x_wconf 85' lang='lat' dir='ltr'><strong>Rodulphurn‚</strong></span> <span class='ocrx_word' id='word_1_205' title='bbox 2101 3496 2169 3550; x_wconf 90' lang='lat' dir='ltr'><strong>et</strong></span> <span class='ocrx_word' id='word_1_206' title='bbox 2212 3484 2621 3575; x_wconf 87' lang='lat' dir='ltr'><strong>Mastinum,</strong></span> <span class='ocrx_word' id='word_1_207' title='bbox 2666 3495 2733 3547; x_wconf 90' lang='lat' dir='ltr'><strong>et</strong></span> <span class='ocrx_word' id='word_1_208' title='bbox 2772 3481 2886 3547; x_wconf 87' lang='lat' dir='ltr'><strong>de·</strong></span> 
     </span>
     <span class='ocr_line' id='line_1_28' title="bbox 656 3596 2884 3690; baseline -0 -23"><span class='ocrx_word' id='word_1_209' title='bbox 656 3622 802 3667; x_wconf 78' lang='lat' dir='ltr'><strong>cem</strong></span> <span class='ocrx_word' id='word_1_210' title='bbox 849 3596 1023 3666; x_wconf 81' lang='lat' dir='ltr'><strong>filias</strong></span> <span class='ocrx_word' id='word_1_211' title='bbox 1066 3598 1396 3688; x_wconf 83' lang='lat' dir='ltr'><strong>legitimas</strong></span> <span class='ocrx_word' id='word_1_212' title='bbox 1441 3624 1537 3668; x_wconf 73' lang='lat' dir='ltr'><strong>ex</strong></span> <span class='ocrx_word' id='word_1_213' title='bbox 1580 3599 1840 3690; x_wconf 86' lang='lat' dir='ltr'><strong>Regina</strong></span> <span class='ocrx_word' id='word_1_214' title='bbox 1886 3600 2649 3690; x_wconf 81' lang='lat' dir='ltr'><strong>Scaligera.susceptos‚</strong></span> <span class='ocrx_word' id='word_1_215' title='bbox 2693 3598 2884 3666; x_wconf 82' lang='lat' dir='ltr'><strong>alios-</strong></span> 
     </span>
     <span class='ocr_line' id='line_1_29' title="bbox 658 3715 2879 3808; baseline -0 -24"><span class='ocrx_word' id='word_1_216' title='bbox 658 3739 794 3808; x_wconf 86' lang='lat' dir='ltr'><strong>que</strong></span> <span class='ocrx_word' id='word_1_217' title='bbox 837 3716 1183 3786; x_wconf 80' lang='lat' dir='ltr'><strong>&#39;naturales</strong></span> <span class='ocrx_word' id='word_1_218' title='bbox 1232 3728 1379 3806; x_wconf 87' lang='lat' dir='ltr'><strong>post</strong></span> <span class='ocrx_word' id='word_1_219' title='bbox 1423 3741 1492 3785; x_wconf 92' lang='lat' dir='ltr'><strong>se</strong></span> <span class='ocrx_word' id='word_1_220' title='bbox 1538 3716 1836 3786; x_wconf 83' lang='lat' dir='ltr'><strong>infelices</strong></span> <span class='ocrx_word' id='word_1_221' title='bbox 1883 3719 2180 3807; x_wconf 88' lang='lat' dir='ltr'><strong>reliquit.</strong></span> <span class='ocrx_word' id='word_1_222' title='bbox 2231 3717 2354 3785; x_wconf 88' lang='lat' dir='ltr'><strong>Vir</strong></span> <span class='ocrx_word' id='word_1_223' title='bbox 2392 3715 2528 3784; x_wconf 85' lang='lat' dir='ltr'><strong>fuit</strong></span> <span class='ocrx_word' id='word_1_224' title='bbox 2570 3716 2879 3783; x_wconf 81' lang='lat' dir='ltr'><strong>subiectis</strong></span> 
     </span>
     <span class='ocr_line' id='line_1_30' title="bbox 658 3833 2874 3927; baseline -0.001 -24"><span class='ocrx_word' id='word_1_225' title='bbox 658 3833 976 3903; x_wconf 87' lang='lat' dir='ltr'><strong>omnibus</strong></span> <span class='ocrx_word' id='word_1_226' title='bbox 1024 3836 1322 3914; x_wconf 78' lang='lat' dir='ltr'><strong>invisus,</strong></span> <span class='ocrx_word' id='word_1_227' title='bbox 1365 3837 1614 3927; x_wconf 89' lang='lat' dir='ltr'><strong>quibus</strong></span> <span class='ocrx_word' id='word_1_228' title='bbox 1678 3848 1945 3925; x_wconf 85' lang='lat' dir='ltr'><strong>praeter</strong></span> <span class='ocrx_word' id='word_1_229' title='bbox 2012 3835 2211 3912; x_wconf 83' lang='lat' dir='ltr'><strong>solita</strong></span> <span class='ocrx_word' id='word_1_230' title='bbox 2281 3833 2538 3902; x_wconf 89' lang='lat' dir='ltr'><strong>tributa</strong></span> <span class='ocrx_word' id='word_1_231' title='bbox 2604 3846 2874 3901; x_wconf 83' lang='lat' dir='ltr'><strong>centum</strong></span> 
     </span>
     <span class='ocr_line' id='line_1_31' title="bbox 656 3927 2873 4043; baseline -0.001 -25"><span class='ocrx_word' id='word_1_232' title='bbox 656 3948 875 4018; x_wconf 81' lang='lat' dir='ltr'><strong>millia</strong></span> <span class='ocrx_word' id='word_1_233' title='bbox 937 3972 1294 4019; x_wconf 87' lang='lat' dir='ltr'><strong>aureorum</strong></span> <span class='ocrx_word' id='word_1_234' title='bbox 1365 3950 1766 4021; x_wconf 89' lang='lat' dir='ltr'><strong>florenorum</strong></span> <span class='ocrx_word' id='word_1_235' title='bbox 1837 3954 2166 4043; x_wconf 84' lang='lat' dir='ltr'><strong>imperare</strong></span> <span class='ocrx_word' id='word_1_236' title='bbox 2222 3959 2685 4019; x_wconf 82' lang='lat' dir='ltr'><strong>consueverat.</strong></span> <span class='ocrx_word' id='word_1_237' title='bbox 2746 3927 2873 4016; x_wconf 86' lang='lat' dir='ltr'><strong>Sed</strong></span> 
     </span>
     <span class='ocr_line' id='line_1_32' title="bbox 654 4065 2875 4159; baseline -0.001 -25"><span class='ocrx_word' id='word_1_238' title='bbox 654 4078 914 4157; x_wconf 85' lang='lat' dir='ltr'><strong>praeter</strong></span> <span class='ocrx_word' id='word_1_239' title='bbox 960 4070 1224 4159; x_wconf 79' lang='lat' dir='ltr'><strong>iniquas</strong></span> <span class='ocrx_word' id='word_1_240' title='bbox 1247 4072 1655 4140; x_wconf 66' lang='lat' dir='ltr'><strong>,exactiones</strong></span> <span class='ocrx_word' id='word_1_241' title='bbox 1702 4072 1910 4137; x_wconf 85' lang='lat' dir='ltr'><strong>etiam</strong></span> <span class='ocrx_word' id='word_1_242' title='bbox 1958 4068 2428 4142; x_wconf 76' lang='lat' dir='ltr'><strong>venationibus</strong></span> <span class='ocrx_word' id='word_1_243' title='bbox 2457 4090 2630 4158; x_wconf 85' lang='lat' dir='ltr'><strong>quas</strong></span> <span class='ocrx_word' id='word_1_244' title='bbox 2660 4065 2875 4156; x_wconf 48' lang='lat' dir='ltr'><strong>prohi-⁹</strong></span> 
     </span>
     <span class='ocr_line' id='line_1_33' title="bbox 653 4181 2874 4277; baseline -0.001 -22"><span class='ocrx_word' id='word_1_245' title='bbox 653 4182 899 4255; x_wconf 77' lang='lat' dir='ltr'><strong>buerat</strong></span> <span class='ocrx_word' id='word_1_246' title='bbox 954 4186 1252 4258; x_wconf 82' lang='lat' dir='ltr'><strong>intentos</strong></span> <span class='ocrx_word' id='word_1_247' title='bbox 1320 4186 1514 4257; x_wconf 83' lang='lat' dir='ltr'><strong>bonis</strong></span> <span class='ocrx_word' id='word_1_248' title='bbox 1586 4184 1986 4277; x_wconf 74' lang='lat' dir='ltr'><strong>publicatis,</strong></span> <span class='ocrx_word' id='word_1_249' title='bbox 2032 4184 2143 4257; x_wconf 81' lang='lat' dir='ltr'><strong>vel</strong></span> <span class='ocrx_word' id='word_1_250' title='bbox 2168 4184 2445 4267; x_wconf 71' lang='lat' dir='ltr'><strong>oculis,</strong></span> <span class='ocrx_word' id='word_1_251' title='bbox 2492 4183 2601 4255; x_wconf 81' lang='lat' dir='ltr'><strong>vel</strong></span> <span class='ocrx_word' id='word_1_252' title='bbox 2648 4181 2874 4275; x_wconf 86' lang='lat' dir='ltr'><strong>laqueo</strong></span> 
     </span>
    </p>
   </div>
   <div class='ocr_carea' id='block_1_3' title="bbox 2936 33 2938 732">
    <p class='ocr_par' dir='ltr' id='par_1_3' title="bbox 2936 33 2938 732">
     <span class='ocr_line' id='line_1_34' title="bbox 2936 33 2938 732; baseline 0 0"><span class='ocrx_word' id='word_1_253' title='bbox 2936 33 2938 732; x_wconf 95' lang='lat' dir='ltr'><strong> </strong></span> 
     </span>
    </p>
   </div>
  </div>
 </body>
</html>
