2950 5017
941 422 1138 468 mmm
1181 422 1521 468 SECUNDUS
2237 432 2280 499 9
2291 431 2319 475 1

252 543 631 610 Caeterum
681 542 1017 630 Longinus
1060 544 1393 610 immensis
1436 542 2025 633 Langobardorum
2069 547 2324 618 viribus

120 657 319 724 band
366 659 491 724 diu
538 680 608 725 se
655 659 949 724 resistere
999 681 1188 746 posse
1243 658 1633 741 arbitratus,
1675 682 1971 728 securam
2017 684 2175 729 cum
2219 664 2325 732 his

116 796 357 862 pacem
408 772 539 840 bac
581 772 726 862 lege
769 776 1175 862 composuit3
1220 788 1298 841 ut
1343 797 1519 863 quae
1561 776 1846 865 quisque
1900 790 2324 867 occupasset,

116 892 353 976 positis
396 891 470 956 in
516 888 762 956 finibus
808 892 1131 969 terminis,
1171 891 1302 956 sibi
1346 892 1680 957 retineret.
1727 891 1821 957 At
1864 892 2323 982 Longobardi,

118 1010 243 1093 qui
288 1003 528 1072 decem
576 1008 762 1072 annis
808 1005 897 1070 ab
940 1003 1414 1074 infirmioribus
1466 1005 1753 1073 ducibus
1805 1010 1968 1074 recti
2019 1006 2324 1091 fuerant,

126 1143 289 1185 cum
334 1120 433 1188 ob
476 1122 857 1209 principum
903 1120 1405 1188 multitudinem
1438 1120 1739 1187 distracti
1784 1145 1883 1188 res
1927 1123 2057 1188 sibi
2101 1127 2327 1192 minus

129 1258 438 1324 prospere
470 1234 815 1302 succedere
845 1231 1178 1317 viderent,
1208 1236 1293 1303 ad
1321 1258 1499 1325 reges
1526 1238 1767 1304 reverti
1799 1239 2321 1307 constituerunt.

126 1349 418 1417 Antbari
462 1354 695 1441 itaque
738 1350 1014 1441 Glepbis
1057 1363 1320 1442 nepote,
1361 1354 1477 1419 vel
1503 1352 1693 1439 filio,
1738 1375 1941 1441 quem
1985 1375 2184 1441 supra
2227 1377 2326 1420 re-

123 1488 351 1554 gnasse
380 1467 697 1547 diximus,
727 1489 877 1557 rege
905 1478 1148 1548 creato,
1177 1479 1259 1533 ut
1287 1490 1460 1537 novo
1497 1470 1778 1557 principi
1806 1480 2010 1534 aucta
2038 1471 2321 1557 pecunia

124 1584 295 1650 vires
340 1583 652 1652 adderent
669 1635 688 1665 ,
733 1584 1080 1652 dimidiam
1123 1587 1432 1653 omnium
1476 1582 1898 1654 fortunarum
1951 1587 2327 1675 portionem

124 1698 373 1788 singuli
415 1699 612 1766 duces
655 1700 1112 1769 contulerunt.
1158 1699 1380 1768 Tanta
1430 1704 1645 1767 inerat
1700 1700 1801 1767 his
1857 1703 2199 1789 aequitas,
2244 1712 2326 1767 ut

136 1817 413 1905 propriis
455 1817 728 1884 mallent
769 1815 1202 1885 facultatibus
1248 1816 1517 1905 privari,
1548 1841 1755 1907 quam
1800 1817 2134 1885 subiectos
2178 1840 2324 1907 gra-

133 1932 333 2000 vibus
376 1934 642 2001 tributis
686 1934 969 2024 populos
998 1958 1289 2003 onerare.
1321 1934 1466 2001 Nec
1499 1936 1733 2028 pietati
1765 1935 2029 2020 justitia
2057 1935 2323 2015 deerat3

129 2047 451 2138 siquidem
502 2073 616 2139 per
661 2049 880 2116 multa
906 2049 1203 2129 saecula,
1233 2052 1385 2140 ipsis
1416 2049 1870 2138 regnantibus,
1901 2051 2148 2117 nemini
2179 2052 2321 2117 vim

126 2164 410 2246 illatam,
453 2165 725 2233 nullum
755 2166 1000 2234 insidiis
1030 2170 1346 2256 petitum,
1391 2190 1524 2233 non
1570 2165 1939 2232 immodicis
1987 2165 2325 2255 vectigali·

128 2282 251 2351 bus
293 2306 718 2374 oppressum,
764 2295 886 2350 aut
934 2308 1004 2350 re
1059 2281 1371 2350 familiari
1425 2284 1653 2372 inique
1713 2285 2052 2370 privatum
2111 2281 2319 2350 fuisse

130 2395 343 2466 ferant
370 2401 479 2467 (¹).
524 2399 820 2467 Caeteris
887 2401 1025 2488 regi
1090 2422 1158 2466 se
1202 2398 1483 2465 ducibus
1547 2398 2093 2485 subjicientibus,
2142 2399 2323 2467 solus

134 2513 564 2606 Docimphus
593 2514 852 2583 Brixilii
898 2514 1167 2604 regulus
1194 2538 1282 2581 ex
1310 2513 1686 2583 Suevorum
1732 2527 1928 2604 gente
1973 2515 2324 2596 oriundus,

132 2651 281 2697 cnm
323 2630 608 2700 Graecis
664 2634 981 2711 sentiens,
1035 2631 1180 2717 ejus
1234 2632 1514 2721 imperio
1569 2653 1794 2720 parere
1847 2631 2109 2698 abnuit.
2163 2631 2228 2698 Is
2282 2654 2325 2698 a

132 2746 580 2836 Longobardis
625 2761 819 2814 antea
872 2770 1039 2837 puer
1081 2758 1320 2837 captus
1371 2744 1587 2815 forma
1646 2746 1824 2836 apud
1876 2770 2102 2814 omnes
2144 2769 2325 2812 com·

138 2863 478 2929 mendatus
519 2876 841 2943 creverat,
870 2876 938 2929 et
969 2862 1151 2928 illius
1194 2860 1652 2951 praefecturae
1697 2861 2017 2929 honorem
2065 2884 2324 2951 prome-

140 2990 378 3046 ruerat.
421 2978 594 3045 Tum
643 3003 799 3047 vero
844 2981 1082 3046 veteris
1128 2976 1538 3044 ulciscendae
1581 2976 1864 3063 injuriae
1910 2979 2320 3046 occasionem

138 3106 400 3174 nactus,
442 3093 624 3163 fluxa
668 3093 799 3161 fide
847 3095 929 3160 ad
973 3093 1318 3162 Caesarem
1368 3116 1408 3159 a
1453 3095 1644 3160 sociis
1688 3089 1956 3159 defecit.
2003 3091 2322 3160 Autharis

132 3210 267 3296 ejus
313 3210 654 3302 perfidiam
704 3211 998 3292 ulturus,
1045 3211 1340 3301 undique
1393 3211 1752 3278 contractis
1793 3212 2031 3300 copiis,
2081 3209 2322 3276 Brixil-

132 3325 261 3394 lum
289 3327 410 3394 diu
443 3328 784 3396 obsessum
835 3328 1105 3395 tandem
1135 3329 1316 3417 cepit
1333 3378 1352 3408 ,
1380 3325 1903 3415 Dociruphoque
1931 3327 2321 3394 Ravennam

130 3441 203 3509 ad
240 3439 693 3532 Smaragdum
739 3443 1020 3532 Longini
1065 3465 1499 3510 successorem
1554 3440 1889 3530 fugiente,
1914 3441 2157 3508 -nobile
2204 3466 2323 3531 op-

132 3557 352 3646 pidum
424 3581 605 3627 anno
670 3580 1035 3625 nnxxxvm
1101 3558 1240 3627 solo
1310 3557 1767 3624 inhumaniter
1832 3560 2154 3646 aequavit
2197 3555 2318 3626 (²).

136 3672 354 3765 Ingens
398 3698 484 3743 eo
531 3697 706 3743 anno
736 3674 995 3742 decimo
1025 3687 1213 3743 sexto
1243 3672 1565 3741 kalendas
1595 3673 1944 3742 novembri
1991 3696 2317 3764 aquarum

198 3960 269 4028 (ι)
302 3959 448 4011 Panl-
486 3959 630 4011 Diae.
664 3959 754 4011 lib.
792 3978 877 4011 ur.

199 4051 274 4116 (a)
308 4050 453 4102 Paul.
486 4050 633 4103 Diac.
667 4049 787 4104 hist.
820 4052 911 4104 lib.
946 4069 1117 4116 xvnr,
1151 4052 1215 4105 de
1257 4052 1392 4107 bello
1436 4050 1759 4123 Longobard.
1792 4050 1882 4103 lib.
1922 4069 2015 4117 ιιι,
2050 4058 2098 4102 ct
2133 4050 2318 4103 Blond.

144 4138 217 4190 Ιώ.
242 4160 385 4206 vin,
416 4143 522 4197 dec.
567 4162 608 4194 ι.
