2950 5017
959 456 1160 502 mn
1201 450 1549 503 summus·
2191 445 2326 534 479

66 578 465 651 montanis
517 575 794 666 direptis
833 575 1073 668 (quae
1121 600 1305 645 nuuc
1362 578 1618 668 egregia
1685 581 2127 663 merentium,
2168 596 2328 652 sunt

65 694 422 766 facinora
452 694 479 782 )
507 673 773 762 'frustra
816 704 1086 784 tempus
1125 695 1618 776 contriverunt,
1661 692 1872 764 donee
1916 719 2034 787 per
2076 696 2324 766 Rama-

71 816 383 882 ciotum
449 810 931 882 Bononiensem
998 810 1403 902 quibusdam
1475 811 1970 883 conditionibus
2042 837 2165 884 arx
2227 827 2329 885 est

71 929 405 1002 reddita.
450 928 781 998 Morottus
825 928 1139 998 Bernardi
1185 928 1404 996 Rubei
1452 930 1779 1019 episcopi,
1825 933 1947 1026 qui
1991 931 2331 1002 Bononiae

75 1047 366 1137 Legati
431 1044 691 1117 vicibus
756 1041 1164 1135 fungebatur
1179 1091 1198 1125 ,
1255 1044 1517 1113 liberali
1568 1047 1897 1137 stipendio
1912 1098 1933 1129 ,
1996 1061 2080 1116 ut
2143 1049 2334 1119 miles

78 1175 445 1244 retentus,
487 1185 612 1229 nec
635 1185 751 1242 ·se,
794 1185 918 1230 nee
962 1161 1258 1232 Vitalem
1305 1159 1583 1230 fratrem
1628 1163 2066 1254 carpinetum
2113 1189 2332 1235 rever·-

79 1304 348 1362 suros,
393 1278 504 1349 vel
548 1279 853 1348 Bononia
918 1282 1212 1349 exituros
1272 1282 1598 1370 promisit.
1642 1282 1900 1351 Verum
1942 1282 2191 1353 Vitalis
2231 1286 2335 1353 in-

85 1400 320 1489 genio
359 1397 686 1467 indomito
718 1399 789 1464 in
819 1420 1014 1466 omne
1049 1394 1311 1466 facinus
1342 1409 1594 1465 temere
1638 1401 1893 1468 irruens
1920 1399 2202 1469 domum
2218 1421 2336 1468 ‘re-

91 1516 277 1598 diit,
310 1515 430 1583 ubi
468 1539 642 1583 cum*
670 1513 1034 1584 nonnullos
1061 1515 1523 1583 Guicciardini
1567 1516 1884 1586 satellites
1927 1518 2335 1588 contumelia

87 1632 356 1714 Ciani,
397 1631 559 1700 olim
606 1631 875 1718 Sejani,
919 1630 1272 1713 affecisset,
1309 1645 1458 1702 orta
1502 1636 1683 1713 rixa,
1730 1636 1850 1702 vix
1893 1635 2172 1704 evadere
2216 1660 2334 1727 po-

97 1754 286 1819 tuit.
335 1752 413 1818 Id
456 1750 579 1818 ubi
616 1750 1009 1818 Dominicus
1051 1746 1261 1819 frater
1305 1753 1594 1833 rescivit,
1637 1765 1988 1843 pactorum
2034 1766 2336 1822 contem-

93 1881 302 1961 ptor,
341 1878 413 1935 et
449 1870 591 1958 ipse
615 1866 1063 1957 carpinetum
1103 1877 1402 1936 reversus
1446 1865 1637 1936 fratri
1680 1867 1966 1938 infensos
2008 1871 2336 1939 satellites

95 1989 182 2055 in
233 1985 674 2054 Cervareciae
735 1982 899 2051 villa
959 1986 1150 2074 equis
1169 2035 1191 2065 ,
1262 1987 1596 2076 armisque
1664 1990 1950 2077 turpiter
2014 1985 2333 2078 spoliatos

97 2105 402 2173 dimisit.
456 2102 711 2170 Rursus
738 2103 808 2168 (¹)
865 2125 947 2171 eo
1002 2104 1239 2170 missus
1283 2104 1728 2195 Hieronymus
1786 2104 2333 2190 Guicciardinus,

97 2222 430 2304 Morotti,
457 2224 578 2312 qui
620 2222 691 2287 in
739 2218 933 2301 altos,
977 2232 1047 2286 et
1091 2232 1481 2312 praeruptos
1525 2233 1785 2291 montes
1820 2218 2021 2312 fugit,
2051 2221 2334 2292 domum

99 2342 371 2408 iterum
413 2334 723 2406 funditus
775 2339 1055 2417 evertit3
1099 2339 1323 2428 ipsum
1370 2362 1530 2408 vero
1574 2336 1947 2408 facinorum
1993 2353 2333 2409 auctorem

98 2459 180 2525 in
233 2479 483 2537 unum,
525 2467 595 2522 et
640 2453 854 2521 alium
900 2466 1199 2524 montem
1248 2455 1806 2547 transfugientem
1851 2480 2205 2547 nunquam
2235 2480 2336 2525 as·

101 2574 316 2665 sequi
358 2573 609 2661 potuit.
654 2570 854 2654 Quod
900 2572 1105 2660 igitur
1147 2585 1516 2662 supererat,
1543 2585 1611 2639 et
1659 2574 1783 2661 ipsi
1827 2571 2077 2638 milites
2117 2574 2337 2638 maxi·

103 2715 227 2760 me
279 2689 730 2779 exoptabant,
776 2688 867 2755 ad
909 2701 1170 2779 stupra,
1213 2687 1511 2778 rapinas,
1579 2701 1649 2755 et
1713 2687 2020 2755 incendia
2064 2710 2336 2759 conver·-

106 2820 385 2876 tuntur.
430 2804 735 2874 Tandem
779 2805 818 2884 J
821 2808 1053 2876 oannis
1081 2805 1411 2873 Francisei
1442 2805 1722 2894 Corrigii
1740 2854 1760 2885 ,
1790 2803 2332 2895 Sigismundique

109 2924 473 3017 Cal-peusis
493 2974 514 3006 ,
581 2935 652 2991 et
716 2924 947 2990 Lucae
1009 2919 1448 2990 Fontanellae
1513 2944 1783 3011 opera,
1821 2920 2332 2991 Guicciardinus

114 3043 379 3111 iterum
422 3035 753 3121 Morotto‚
796 3041 916 3130 qui
976 3035 1139 3130 fuga
1194 3040 1618 3129 insequentes
1678 3035 2031 3121 eludebat,
2078 3037 2190 3108 vel
2232 3040 2335 3107 in·

112 3160 306 3228 vitus
350 3156 747 3230 conciliatur
776 3160 876 3225 (θ).

252 3273 602 3345 Defuncto
654 3274 927 3343 interim
978 3296 1136 3341 eum
1194 3295 1405 3340 uxore
1456 3272 1824 3342 Laurentio
1864 3270 2120 3342 Medice
2171 3296 2329 3341 cum

119 3394 345 3481 regiae
413 3389 759 3460 affinitatis
822 3391 973 3477 jura
1042 3371 1519 3469 exolescerent,
1583 3389 1723 3457 Leo
1786 3387 2198 3470 Placentiae,
2261 3401 2334 3456 et

118 3506 408 3577 Parmae
469 3507 915 3599 recipiendae,
968 3530 1138 3599 quas
1189 3505 1374 3579 Galli
1442 3509 1848 3597 impotenter
1912 3509 2332 3598 eripuerant,

120 3628 437 3696 animum
501 3626 770 3715 adjecit.
815 3627 924 3696 Ad
989 3626 1061 3693 id
1111 3649 1270 3694 eum
1340 3626 1556 3696 acrius
1620 3622 2069 3693 inflammavit
2131 3607 2334 3716 giave

119 3738 308 3826 jam,
350 3753 422 3810 et
471 3767 609 3814 non
665 3742 954 3835 amplius
1012 3739 1360 3811 ferendum
1405 3740 1597 3810 Italis
1640 3740 1998 3811 Gallorum
2051 3740 2334 3832 jugum,

123 3859 248 3948 qni
315 3881 563 3952 magua
611 3860 928 3931 Lotrechi
980 3859 1288 3951 superbia
1348 3861 1810 3930 universorum
1853 3857 2214 3928 Insubrum
2259 3859 2333 3927 in

197 4124 284 4191 (⁸)
313 4141 516 4176 ’Φαι-

199 4219 284 4287 (s)
315 4217 421 4275 Dio
452 4235 576 4273 xvir
610 4217 871 4273 februarii.
