2950 5017
959 456 1156 503 trena
1202 455 1444 502 rmmss
2215 459 2239 502 1
2252 439 2296 503 3

94 575 256 650 Post
298 599 465 646 enm
494 573 765 656 Sicano,
793 574 1061 646 Malotis
1090 573 1254 658 filio,
1284 576 1619 646 Hetruscis
1661 578 2053 667 imperante,
2084 574 2292 667 Ligur

94 693 499 764 Phaetontis
542 690 722 759 filius
765 714 855 758 ex
898 691 1170 782 Liguria
1198 691 1517 781 Cydnum
1558 702 1627 758 et
1660 689 2031 760 Eridanum
2074 714 2115 758 a
2157 697 2316 782 qno'

92 820 338 899 postet
378 806 603 876 Padus
645 819 744 875 est
786 805 1160 897 appellatus
1211 817 1467 876 nostras
1517 807 1807 896 regiones
1855 819 2304 897 occupaturos

94 926 191 992 cis
234 922 430 1015 elpes
472 924 687 1003 misit,
730 923 850 1012 qui
904 920 1105 991 latius
1155 919 1376 991 effusi‘
1400 925 1609 990 etiam
1654 934 1906 990 caetera
1949 943 2166 1013 usque
2209 921 2293 990 ad

100 1039 371 1109 latrium
415 1038 570 1110 loca
614 1050 1004 1107 tenuerunt.
1519 1113 1523 1117 Α

230 1154 611 1224 creverant
680 1155 949 1224 interim
1021 1152 1326 1223 nonnulli
1389 1156 1561 1223 vasti
1625 1154 1914 1243 corporis
1976 1156 2152 1235 viri',
2203 1157 2299 1244 gi-

106 1281 343 1359 gnate·
390 1266 715 1359 appellati
731 1316 754 1349 ,
796 1269 918 1357 qui
960 1266 1196 1336 robore
1234 1269 1511 1336 caeteris
1551 1279 1955 1358 praestantes
1990 1270 2059 1334 in
2088 1268 2308 1335 Mace-

103 1384 307 1454 donia
348 1396 423 1452 et
462 1382 829 1452 Palensana
845 1432 867 1464 ,
931 1404 1107 1472 quae
1170 1393 1400 1474 postea
1450 1382 1680 1451 Gallia
1731 1380 2074 1472 Cisalpina
2131 1379 2265 1450 fuit
2280 1432 2303 1463 ,

102 1521 375 1568 saevam
438 1497 858 1589 tyrannidem
917 1495 1401 1587 latrociniaque
1458 1496 1810 1565 crudeliter
1877 1496 2304 1564 exercebant.
2419 1567 2423 1574 ,

107 1616 369 1686 Rea-um
424 1613 746 1706 plurimos
799 1635 956 1682 cum
1000 1612 1206 1681 Osiris
1258 1635 1346 1680 ex
1412 1612 1601 1680 Rhea
1652 1623 1726 1680 et
1774 1611 2136 1681 camesene
2192 1612 2312 1680 Li-

110 1730 269 1799 hine
324 1730 639 1820 Principe
686 1719 947 1819 genitus
988 1727 1362 1810 occidisset,
1409 1751 1490 1797 eo
1539 1729 1791 1818 egregio
1850 1725 2032 1798 facto
2092 1729 2308 1798 maxi·

112 1868 309 1914 mum
345 1844 524 1936 apud
562 1867 792 1914 omnes
833 1841 1115 1933 populos
1155 1865 1403 1912 nomen
1446 1854 1872 1925 consecutus,
1917 1843 2001 1911 ad
2044 1842 2305 1912 Istriam

108 1982 269 2029 cnm
310 1959 649 2051 plerisque
696 1957 976 2040 colonis,
1017 1968 1088 2025 et
1130 1959 1384 2048 ingenti
1426 1957 1632 2049 gloria
1676 1960 2005 2048 pervenit.
2050 1959 2130 2026 Id
2172 1959 2293 2025 ubi

108 2076 197 2146 ad
222 2074 631 2144 Pdensanos
671 2084 969 2142 nostram
1011 2076 1342 2162 regionem
1385 2072 1748 2142 incolentes
1789 2073 2120 2165 perlatum
2169 2085 2296 2156 est,

108 2192 327 2260 virum
380 2189 470 2258 ad
516 2188 940 2279 expellendos
981 2199 1322 2278 gygantes,
1390 2211 1585 2278 regno
1628 2212 1746 2279 pro
1802 2189 2097 2257 mercede
2141 2212 2297 2279 pro-

109 2307 341 2388 misso,
420 2315 695 2385 vocant,
766 2306 890 2393 qui
964 2300 1335 2372 fortissimis
1399 2306 1656 2394 stipatis
1734 2306 1924 2375 sociis
1988 2328 2147 2373 cum
2213 2304 2301 2370 ad

112 2446 311 2514 opem
380 2423 704 2512 oppressis
767 2418 1108 2489 ferendam
1173 2422 1455 2490 venisset
1468 2472 1490 2503 ,
1556 2423 1761 2490 atroci
1829 2421 2074 2512 praelio
2140 2418 2308 2490 fusis

114 2540 415 2629 tyrannis
458 2549 675 2607 totam
718 2535 985 2604 Italiam
1029 2547 1265 2625 pacato
1293 2538 1571 2627 imperio
1612 2537 1935 2619 obtinnit3
1974 2560 2087 2619 ac,
2132 2559 2296 2606 cum

114 2653 341 2722 decem
386 2676 598 2722 annos
646 2650 927 2720 feliciter
994 2653 1393 2741 regnavisset
1409 2703 1431 2735 ,
1483 2653 1999 2743 Laestrygonem
2058 2675 2312 2743 gygan-
2439 2638 2448 2646 ⁰

118 2781 261 2838 tem
340 2792 431 2836 ex
504 2766 651 2837 filio
715 2767 1034 2858 Neptuno
1097 2782 1474 2859 susceptum
1551 2783 1859 2858 nepotem
1936 2768 2265 2858 Janigenis
2283 2818 2307 2850 ,

126 2907 297 2955 anno
338 2897 495 2975 post
536 2882 871 2952 diluvium
913 2885 1175 2951 circiter
1228 2906 1369 2950 mar
1423 2906 1644 2973 regem
1700 2884 1999 2973 reliquit.
2046 2883 2195 2973 Ipse
2236 2885 2310 2950 in

122 2996 499 3091 Egyptum
540 2996 917 3090 profectus,
959 3020 1135 3089 quae
1179 3021 1293 3089 per
1336 3000 1714 3066 universum
1782 2994 1918 3064 fere
1983 3009 2305 3065 terrarum

122 3115 359 3187 adnm
403 3114 661 3206 inclyta
725 3111 907 3181 fama
971 3126 1254 3205 gesserat
1279 3164 1301 3196 ,
1351 3126 1432 3180 ut
1475 3125 1813 3181 aeternam
1879 3113 1964 3180 ad
2028 3124 2319 3203 posteros

118 3232 515 3300 memoriam
550 3231 1054 3315 transmitteret,
1078 3231 1148 3298 in
1174 3228 1486 3299 columna
1518 3229 1933 3297 ambitiosius
1952 3228 2316 3319 descripsit.

118 3343 255 3416 Sed
294 3357 531 3438 poetea
572 3370 617 3413 a
656 3344 984 3437 Typhone
1029 3343 1236 3413 fratre
1266 3344 1424 3415 dolo
1453 3357 1862 3435 peremptus,
1891 3343 2107 3412 filium
2151 3346 2320 3413 Her-

119 3459 345 3530 culem
388 3461 761 3552 hymnum,
802 3485 940 3531 non
980 3462 1245 3552 imperii
1291 3460 1530 3541 modo,
1575 3460 1693 3529 sed
1753 3464 1955 3527 etiam
2018 3462 2317 3550 propriae

118 3577 391 3646 virtutis
431 3573 787 3646 haeredem
828 3574 1146 3667 reliquit3
1189 3578 1308 3666 qui
1352 3599 1511 3643 cum
1557 3574 1784 3665 plures
1827 3585 2142 3664 tyrannos
2202 3597 2319 3642 va-

122 3692 249 3760 rias
302 3691 679 3782 provincias
719 3688 1081 3782 affligentes
1121 3693 1266 3781 pari
1309 3688 1635 3758 felicitate
1679 3689 2070 3771 domuisset,
2110 3689 2320 3757 etiam

123 3806 205 3876 sd
251 3806 672 3878 liberandam
721 3807 994 3876 Italiam
1044 3831 1088 3877 a
1139 3808 1609 3900 Laestrygonis
1674 3806 1900 3875 liberis
1963 3807 2319 3896 impotenti

124 3925 474 4013 tyrannide
516 3947 894 4017 oppressam
935 3948 1319 4006 conversus,
1352 3948 1465 3995 eos
1494 3948 1613 4018 per
1642 3925 2062 4010 continuum,
2082 3922 2320 3990 decen-

128 4041 315 4110 nium
357 4041 543 4112 bello
587 4033 847 4113 attritos
889 4042 1163 4112 delevit.
1210 4042 1317 4111 lbi
1368 4066 1525 4111 cum
1571 4044 1759 4111 annis
1802 4043 2034 4134 viginti
2079 4050 2318 4132 pacate

136 4161 530 4250 regnantia-ut
555 4212 579 4244 ,
635 4159 723 4230 ad
777 4159 1145 4232 Celtiberos
1203 4159 1602 4232 discessurus
1631 4211 1652 4243 ,
1696 4159 2040 4230 Thuscum
2069 4208 2091 4240 ,
2142 4156 2320 4226 unde
