2950 5017
953 398 1154 444 mna
1197 399 1448 454 snmus
1970 460 1975 466 q
2161 380 2295 471 399

63 518 563 604 credebantur,
607 517 906 600 detecta,
947 518 1120 610 qnid
1172 521 1527 590 inventum
1569 520 1661 588 sit
1698 511 2063 610 ignoratur.
2112 517 2298 589 Con-

66 648 210 708 stat
283 638 625 728 superiore
693 634 930 704 tabula
991 634 1261 705 sublata
1280 683 1302 718 ,
1351 658 1745 706 conventam
1812 635 1902 704 ad
1967 634 2299 728 populum

65 751 528 824 Anthistitem
574 754 766 842 pium
810 774 951 822 esse
994 751 1255 824 credere
1282 754 1772 844 pronunciasse.
1803 750 1966 821 Post
1994 753 2304 843 quinque

67 869 218 938 dies
265 892 487 961 quam
531 867 702 938 haec
746 881 897 937 acta
939 880 1132 950 sunt,
1174 870 1551 959 geminatus
1593 871 1829 958 ingens
1866 879 2302 940 terraemotus

65 979 312 1076 plures
353 987 651 1056 caminos
694 984 960 1072 dejecit.
1015 985 1080 1054 Is
1131 984 1405 1056 Herculi
1466 998 1751 1055 mortem
1803 984 2217 1076 portendisse
2247 1008 2304 1052 a

65 1102 329 1172 multis
370 1100 733 1186 ferebatur,
760 1106 885 1195 qui
926 1126 1094 1180 cum
1128 1103 1269 1190 jam
1315 1117 1571 1172 annum
1596 1104 1858 1174 'aetatis
1899 1103 2306 1195 septuagesi-

67 1243 277 1290 mum
327 1220 679 1292 excederet
693 1270 718 1303 ,
767 1244 910 1313 quo
959 1221 1074 1290 die
1111 1224 1451 1292 scenicum
1518 1221 1984 1311 spectaculum
2049 1218 2306 1312 populo

71 1336 517 1408 exhibiturus
559 1350 708 1405 erat
722 1386 743 1419 ,
785 1340 1072 1428 septimo
1115 1336 1433 1408 calendas
1474 1333 1797 1406 februarii
1845 1360 2023 1407 anno
2064 1337 2308 1428 princi·

71 1465 292 1545 patus
354 1456 459 1524 sui
525 1456 862 1546 trigesimo
931 1455 1132 1548 tertio
1196 1457 1343 1523 vita
1409 1456 1715 1523 excessit.
1774 1452 1861 1522 Ei
1916 1453 2308 1545 Alphonsus

74 1583 303 1660 quem
331 1594 417 1638 ex
448 1568 777 1639 Eleonora
820 1585 989 1639 natu
1034 1569 1449 1662 grandiorem
1493 1559 1869 1662 susceperat
1909 1573 1983 1644 in
2028 1581 2309 1661 paterno

77 1689 374 1780 imperio
426 1688 772 1771 successit,
814 1691 942 1780 qui
983 1690 1433 1779 principatum
1498 1689 1791 1779 adeptus·
1837 1689 2131 1778 primum
2176 1686 2311 1754 Re-

79 1808 287 1896 gium
330 1808 556 1888 venit,
597 1806 720 1876 ubi
776 1830 815 1874 a
843 1804 1123 1896 populo
1164 1805 1334 1874 Dux
1379 1805 1789 1876 acclamatus
1831 1813 2102 1876 summo
2145 1827 2310 1872 cum

83 1921 347 1991 honore
408 1938 452 1992 'a
510 1921 776 1992 civibus
825 1934 1146 2012 exceptus
1190 1919 1348 1991 fuit.
1393 1921 1562 1991 Mox
1603 1923 1972 1998 Ferrariam
2015 1942 2311 1992 reversus

85 2061 422 2131 magnum
486 2040 680 2134 vitae«
733 2039 1085 2108 discrimen
1130 2040 1364 2108 subiit.
1417 2037 1587 2108 Erat
1650 2042 1714 2107 ei
1780 2038 2004 2117 Julius
2071 2036 2310 2119 frater,

82 2154 288 2243 cujus
330 2154 683 2225 oculorum
727 2155 1150 2226 honestatem
1203 2154 1430 2230 nobile
1489 2168 1782 2226 scortum
1806 2205 1828 2237 ,
1880 2155 1969 2223 ab
2019 2154 2312 2245 Ippolito

85 2270 441 2344 cardinali
489 2275 724 2342 misere
781 2271 1173 2342 adamatum
1189 2323 1210 2354 ,
1251 2274 1859 2343 commendaverat.
1902 2272 2008 2340 Ea
2050 2297 2124 2341 re
2167 2294 2316 2362 gra-

84 2394 267 2460 vitet
295 2387 591 2460 offensus
617 2388 844 2460 rivalis
872 2390 1159 2472 lumina,
1188 2415 1363 2482 quae
1389 2394 1646 2462 amicae
1690 2391 2088 2482 placuerant
2117 2387 2313 2458 fratri

91 2504 383 2587 effodit3
428 2506 679 2597 quibus
729 2505 849 2574 ille
899 2507 1214 2588 orbatus,
1255 2519 1325 2575 et
1369 2531 1534 2576 mox
1577 2511 1648 2576 in
1692 2531 1894 2576 suum
1938 2506 2168 2575 locum
2212 2528 2316 2573 re·-

91 2627 300 2694 tmsis
344 2623 614 2694 videndi
657 2620 1056 2696 facultatem
1101 2628 1436 2694 retinuit»
1450 2626 1708 2694 Verum
1770 2627 1959 2715 gravi
2019 2623 2150 2690 hac
2211 2625 2315 2691 in·-

91 2742 274 2831 juda
314 2743 757 2814 exacerbatus
802 2727 1302 2812 Ferdinandum
1347 2741 1629 2811 fratrem
1681 2742 1994 2832 impulit,
2040 2756 2153 2823 ut,
2195 2738 2318 2808 Al-

94 2859 345 2929 bertini
389 2859 727 2930 Boschetti
767 2860 1179 2930 Mutinensis
1242 2873 1313 2927 et
1382 2859 1664 2928 Gerardi
1731 2859 2010 2929 Roberti
2077 2881 2318 2949 opera,

95 2976 451 3069 alphonso
503 2977 608 3046 de‘
652 2976 875 3047 medio
940 2975 1242 3058 sublato,
1286 2978 1645 3068 imperium
1702 2979 2039 3065 arriperet.
2096 2973 2318 3066 Nego-

98 3096 280 3164 tium
323 3093 733 3178 retardabat,
776 3093 966 3187 quod
1005 3105 1379 3185 utrumque
1448 3092 1727 3163 fratrem
1791 3092 2088 3163 occidere
2133 3091 2319 3163 vole·

96 3212 299 3293 hant,
340 3224 411 3281 et
457 3212 690 3283 ambos
733 3237 883 3284 raro
925 3215 1397 3284 convenientes
1438 3212 1642 3281 simul
1703 3215 1965 3303 assequi
2010 3235 2147 3281 non
2194 3234 2317 3302 po-

102 3343 352 3400 terant.
394 3331 433 3408 J
438 3347 606 3400 anus
647 3344 911 3414 cantor,
941 3334 1012 3400 in
1043 3332 1545 3419 conjuratorum
1592 3332 1982 3401 societatem
2030 3330 2322 3398 adscitus

99 3469 363 3518 novum
413 3447 765 3518 occidendi
828 3452 1147 3540 principis
1210 3447 1570 3519 consilium
1637 3451 1922 3520 invenit.
1973 3446 2156 3517 Cum
2201 3447 2327 3516 Al-

100 3564 371 3657 phou-o
432 3566 616 3635 enim
679 3564 890 3655 jocari
956 3565 1226 3649 solitus,
1279 3589 1439 3636 eum
1498 3566 1772 3635 meridie
1835 3567 2323 3658 quiescentem,

103 3680 304 3754 velot
347 3706 465 3773 per
506 3683 733 3771 jocum
751 3733 773 3765 ,
801 3685 1062 3776 saepius
1090 3685 1456 3766 vinciebat,
1499 3696 1582 3752 ut
1622 3684 1734 3752 die
1780 3683 1867 3752 ad
1911 3680 2170 3751 facinus
2204 3680 2327 3748 de-

103 3801 357 3870 stinato
401 3799 575 3868 nihil
615 3799 758 3870 tale
796 3805 1206 3891 cogitantem
1248 3800 1376 3870 hac
1407 3813 1551 3870 arte
1580 3798 1850 3868 facilius
1894 3801 2322 3891 opprimeret.

102 3914 516 4000 Gardinalis,
555 3920 680 4009 qui
723 3917 1273 4008 vigilantissimus
1322 3930 1575 3985 cuncta
1617 3916 1966 4006 diligenter
2017 3913 2324 4006 explora·

103 4030 266 4115 bat,
305 4056 450 4100 rem
496 4036 835 4126 cognitam
898 4035 982 4103 ad
1051 4032 1326 4103 fratrem
1349 4032 1640 4102 detulit.
1685 4033 1750 4102 Is
1790 4033 1957 4102 dum
2004 4051 2323 4100 somn-um

102 4148 422 4236 simulat,
462 4173 624 4222 cum
683 4174 755 4223 se
814 4175 934 4246 pro
994 4176 1180 4223 more
1237 4152 1432 4245 ligari
1475 4173 1707 4245 passus
1749 4164 1954 4234 esset,
1998 4147 2191 4218 velut
2235 4170 2323 4214 ex
