2950 5017
629 435 760 504 558
1380 449 1620 505 sanun
1667 449 2090 496 ntcrsnsrum

624 575 1056 643 dicebantur.
1126 573 1308 641 Inter
1376 571 1499 641 bos
1570 571 1912 639 tumultus
1979 572 2139 638 Divi
2210 569 2571 638 Benedicti
2641 585 2836 662 patres

623 691 913 759 Sanctae
957 688 1394 778 Magdalenae
1444 691 1730 779 virgines
1773 691 1843 755 in
1892 691 2179 755 comitiis
2223 688 2565 754 Mantuae
2609 687 2833 755 habitis

621 808 1041 886 dimiserunt,
1086 829 1263 897 quae
1307 805 1612 873 Herculis
1657 807 2054 873 auctoritate
2099 819 2329 894 postea
2379 808 2452 871 in
2505 806 2832 894 pristinam

622 922 912 991 tutelam
957 935 1269 1013 receptae
1310 920 1612 990 fuerunt.
1643 920 1788 1012 Ego
1815 924 1937 1012 qui
1955 925 2119 990 ‘tum
2150 921 2421 989 Patavii
2465 918 2829 1012 profitebar,

622 1043 695 1108 in
740 1041 1019 1130 privatis
1063 1042 1385 1121 comitiis,
1428 1061 1610 1131 quae
1652 1039 1748 1106 ibi
1793 1039 2023 1106 Patres
2089 1037 2528 1118 habuerunt,
2575 1039 2672 1107 ob
2706 1062 2831 1105 ean

620 1180 765 1224 rem
811 1155 1275 1236 obtinendam,
1305 1179 1441 1225 non
1475 1154 1881 1225 mediocrem
1927 1178 2148 1223 meam
2196 1178 2480 1247 operam
2535 1158 2835 1245 praestiti.

621 1268 938 1341 Pontifex
981 1295 1162 1353 vero,
1206 1275 1327 1365 qui
1371 1295 1413 1339 a
1449 1272 1655 1370 ‚Duce
1698 1271 1916 1340 Albae
1962 1273 2196 1339 acriter
2238 1272 2652 1361 urgebatur,
2685 1271 2837 1337 Gal-

621 1389 769 1457 lum
817 1388 904 1456 ad
948 1385 1292 1457 ferendam
1363 1389 1493 1456 sibi
1561 1412 1755 1478 opem
1819 1385 2166 1456 sollicitet.
2211 1388 2278 1454 Is
2321 1409 2496 1456 cum
2549 1387 2837 1455 inducias

619 1509 956 1598 superiore
1000 1506 1177 1575 'anno
1221 1529 1380 1573 cum
1427 1506 1709 1574 Caesare
1750 1508 2085 1585 inivisset,
2137 1527 2371 1572 earum
2439 1507 2838 1596 abrumpen-

619 1624 861 1693 darum
908 1623 1087 1692 banc
1132 1626 1543 1693 occasionem
1598 1625 1889 1704 invenit,
1934 1622 2121 1712 quod
2165 1620 2519 1703 Pontifici,
2567 1624 2695 1713 qui
2737 1645 2835 1713 pro

617 1741 799 1809 socio
843 1742 1228 1810 nominatus
1274 1737 1523 1819 fuerat,
1553 1751 1785 1807 contra
1816 1736 2082 1807 foedera
2129 1742 2230 1808 vis
2274 1735 2683 1806 inferretur.
2725 1738 2839 1806 Ve-

617 1878 769 1923 rum
816 1858 1205 1947 priusquam
1251 1877 1439 1922 arma
1484 1867 1807 1936 moveret,
1851 1853 2215 1922 Herculem
2254 1855 2670 1921 Atestinurn
2715 1856 2838 1945 opi-

617 1972 784 2051 bu's,
828 1993 1185 2041 aeneorum
1240 1983 1734 2040 tormentorum
1788 1973 2016 2062 copia,
2070 1970 2210 2039 lato
2264 1970 2589 2060 imperio,
2644 1983 2720 2037 et
2759 1973 2839 2038 in-

618 2089 802 2177 genti
872 2091 1276 2156 suctoritate
1345 2090 1416 2156 in
1486 2088 1687 2155 Italia
1743 2086 2089 2156 florentem
2142 2087 2269 2156 sibi
2295 2129 2296 2136 κ
2321 2087 2744 2174 conjunxit,
2783 2098 2839 2153 et

614 2216 893 2272 centum
938 2203 1234 2271 millium
1280 2217 1746 2274 coronatorum
1813 2207 2174 2298 quotannis
2241 2204 2453 2285 belli,
2526 2217 2604 2271 et
2679 2206 2839 2294 pacis

618 2333 946 2412 tempore,
989 2320 1341 2408 honorario
1408 2326 1816 2402 constituto,
1873 2345 2076 2390 suum
2142 2325 2213 2389 in
2281 2323 2605 2389 universa
2653 2320 2839 2387 Italis

612 2442 1011 2529 magistrum
1058 2438 1354 2506 militum
1400 2439 1811 2521 declaravit3
1859 2440 2078 2508 eidem
2123 2457 2462 2508 summam
2497 2442 2571 2507 in
2609 2437 2840 2534 Eccle-

614 2557 754 2623 siae
816 2555 1069 2625 milites
1136 2566 1540 2651 potestatem
1585 2555 1907 2625 Pontifex
1960 2560 2304 2627 concessit.
2355 2557 2588 2641 Quare
2637 2556 2843 2645 magi·

497 2669 509 2682 “
612 2686 865 2758 stratus
905 2686 1245 2767 sceptrum
1288 2673 1482 2754 alter,
1525 2673 1695 2742 slter
1738 2675 2068 2765 gladium,
2101 2674 2286 2763 quod
2316 2672 2717 2754 Ecclesiam
2761 2672 2841 2740 sb'

613 2794 800 2859 omni
843 2791 1093 2878 injuria
1135 2790 1544 2871 vindicaret,
1593 2804 1672 2858 et
1720 2791 1974 2901 pileum
1997 2843 2017 2873 ‚
2064 2791 2257 2858 velut
2308 2792 2574 2880 imperii
2653 2812 2844 2857 orna-

612 2922 922 2976 mentum
953 2908 1253 2978 donavit.
1298 2909 1493 2976 Idem
1521 2906 1732 2977 ferme
1757 2913 2137 3001 antiquitus
2181 2908 2274 2976 ab
2315 2908 2838 2998 imperatoribus

612 3028 945 3107 romanis,
987 3047 1146 3093 cum
1192 3026 1493 3094 militum
1541 3027 1885 3109 tribunos,
1932 3027 2062 3096 hoc
2106 3039 2209 3093 est
2251 3026 2606 3116 legionum
2661 3047 2841 3115 prae·

613 3139 849 3225 fectos,
877 3144 1220 3227 creabant,
1251 3145 1739 3214 observabatur
1769 3148 1875 3214 (¹).
1928 3147 2234 3214 Atestino
2286 3148 2519 3235 itaque
2563 3146 2650 3211 in
2698 3164 2836 3212 suns

613 3272 835 3348 partes
878 3262 1210 3343 traducto,
1240 3261 1461 3343 Galli,
1498 3264 1755 3351 ingenti
1804 3260 2268 3331 Helvetiorum
2315 3274 2385 3328 et
2429 3260 2834 3329 Rhetiorum

611 3389 849 3443 coacta
892 3401 1127 3458 manu,
1171 3381 1256 3447 ad
1302 3383 1576 3471 triginta
1621 3377 1833 3447 ferme
1877 3380 2207 3471 pediturn,
2239 3392 2308 3447 et
2337 3382 2669 3470 equiturn
2717 3382 2834 3446 tria

612 3493 856 3577 millia,
897 3518 1187 3585 quorum
1234 3502 1602 3589 octingenti
1648 3511 1839 3567 erant
1883 3498 2302 3588 cataphracti
2346 3520 2502 3564 aere
2546 3521 2684 3566 suo
2729 3522 2835 3566 no·

592 3612 783 3681 ‘biles
846 3612 1216 3683 militantes
1279 3617 1352 3684 iu
1418 3616 1691 3685 Italiam
1763 3617 2196 3683 descendunt.
2269 3616 2501 3684 Primo
2576 3621 2832 3706 impetn

611 3730 996 3800 Valentiam
1040 3757 1173 3802 non
1217 3731 1517 3825 ignobile
1561 3736 1888 3826 oppidum
1937 3734 2022 3801 ad
2068 3733 2357 3813 Padum,
2404 3734 2664 3804 Ticino
2711 3757 2827 3802 non

612 3849 905 3938 emplius
970 3850 1269 3919 miliariis
1337 3855 1574 3942 viginti
1641 3852 1935 3933 distans,
2003 3863 2367 3941 occupant.
2440 3851 2827 3943 octingenti

611 3981 1130 4058 propugnatores
1174 3992 1336 4048 cum
1382 3959 1779 4061 aliquandiu
1835 3973 1974 4038 vim
2021 3973 2529 4053 sustinuissent,
2565 3971 2828 4039 tandem

685 4217 771 4290 (ι)
797 4217 942 4276 mon
975 4220 1033 4274 aa
1070 4220 1312 4291 ‘rr-ajano.
