2950 5017
927 402 1126 449 usna
1167 404 1444 452 munus
2138 406 2219 454 21
2236 407 2266 454 1

47 521 265 590 ribus
332 533 575 589 autem
637 524 696 589 is
752 519 1031 592 Obieius
1072 536 1348 594 vocatus
1403 525 1691 593 creditur
1706 528 1737 607 ,“
1760 527 1887 617 qui
1929 546 1971 593 a
2015 526 2275 599 Latinis

47 638 323 730 Opiter
366 639 592 707 dictus
635 641 905 708 vivente
950 640 1169 709 adhuc
1211 666 1338 712 avo
1381 655 1637 734 patrem
1685 645 1932 712 amisit.
1976 641 2275 739 Gerardo

44 757 283 845 igitur
314 755 674 825 Guaciono
702 755 1157 840 Cremonensi,
1194 762 1312 849 qui
1355 763 1431 827 in
1472 762 1718 850 primos
1763 783 1883 827 sex
1925 759 2070 846 ejus
2113 762 2275 829 anni

44 893 344 939 menses
417 883 681 962 praetor
745 870 997 942 electus
1062 870 1319 956 fuerat,
1385 877 1778 965 magistratu
1842 887 2278 945 exauctorato

43 989 324 1057 civitas
372 989 689 1057 ducentas
732 989 1079 1080 Regienses
1122 990 1322 1071 libras
1372 992 1493 1078 (id
1535 1006 1842 1060 semestre
1885 993 2280 1063 Praeturam

46 1101 521 1173 honorarium
566 1106 756 1193 erat)
800 1127 920 1194 pro
966 1116 1048 1172 ut
1085 1106 1233 1193 jure
1292 1107 1648 1176 tenebatur
1713 1109 2078 1179 liberaliter
2133 1133 2282 1198 per·

39 1218 286 1289 solvit
329 1222 433 1288 (¹).
494 1221 772 1289 Obicius
821 1244 977 1291 vero
1043 1245 1198 1290 cum
1245 1225 1443 1292 Actio
1508 1223 1647 1292 filio
1710 1226 1968 1295 decimo
2037 1230 2280 1294 octavo

47 1334 403 1405 alendas
449 1334 763 1403 februarii
807 1340 1102 1404 maximo
1147 1340 1486 1428 peditum,
1517 1343 1957 1431 equitumque
2001 1362 2280 1408 numero

47 1454 323 1520 urbem
373 1456 693 1543 ingressus
722 1452 1006 1520 Rullum
1037 1454 1180 1536 vel,
1214 1468 1293 1522 ut
1322 1455 1439 1524 alii
1469 1456 1767 1538 malunt,
1797 1456 2279 1525 Ber-nardinum

55 1569 410 1638 Roscium
454 1568 916 1637 Florentinum
962 1568 1259 1657 legatum
1305 1593 1456 1651 seu,
1501 1586 1581 1637 ut
1625 1596 1808 1640 nunc
1853 1585 2134 1656 vocant,
2181 1575 2280 1641 vi·-

55 1689 344 1753 earium
412 1687 692 1752 creavit.
738 1685 995 1751 Deinde
1040 1687 1395 1767 Robertos,
1440 1686 1960 1778 Folleanosque,
2004 1700 2075 1756 et
2119 1687 2281 1757 alios

61 1800 473 1892 Superiores
502 1799 929 1868 Inferior-ibus
974 1800 1361 1869 conciliatos
1389 1802 1666 1869 domum
1711 1806 2087 1884 revocavit3
2117 1805 2282 1871 Her·-

60 1918 502 2007 berhmqne,
534 1916 914 2007 Regiolum,
945 1918 1339 1998 Albineam‚
1384 1917 1649 2008 aliaque
1692 1921 2055 1988 munitiora
2097 1920 2280 1986 urbis

63 2033 328 2124 oppida
371 2038 443 2100 in
489 2056 679 2100 suam
726 2045 1122 2122 potestatem
1164 2033 1448 2124 redegit.
1497 2035 1620 2103 His
1690 2046 1880 2101 tutus
1944 2035 2279 2124 praesidiis

63 2161 327 2215 cuncta
386 2160 560 2215 nutu
615 2171 735 2216 suo
801 2148 1259 2216 administrans
1323 2149 1762 2217 saluberrimo
1827 2148 2280 2218 tollendarum

64 2264 490 2333 seditionum
520 2264 809 2333 remedio
853 2264 989 2351 jam
1033 2289 1103 2333 se
1146 2289 1278 2333 non
1322 2278 1404 2333 ut
1448 2270 1939 2356 magistratum,
1969 2266 2086 2334 sed
2117 2269 2278 2336 civi-

65 2384 236 2449 tatis
279 2384 649 2472 principem
692 2406 909 2472 gerere
938 2385 1272 2472 cogitavit.
1306 2384 1667 2450 Ferrariam
1701 2386 1877 2451 enim
1917 2381 2281 2473 profectus,

65 2496 485 2564 Bernardino
546 2497 765 2586 legato
830 2499 900 2564 in
970 2498 1135 2564 urbe
1198 2499 1455 2581 relicto,
1526 2499 1877 2566 inhibendi
1945 2497 2279 2565 tumultus

71 2626 480 2703 praetextu,
525 2617 875 2704 utriusque
920 2612 1227 2684 factionis
1286 2619 1617 2706 principes
1676 2639 1901 2684 secum
1948 2616 2272 2681 abduxitt

74 2729 247 2797 alios
314 2752 482 2819 quos
550 2753 722 2797 nova
792 2730 1137 2800 molituros
1208 2731 1520 2811 videbat,
1563 2736 1685 2797 aut
1745 2729 2113 2810 interfecit,
2158 2741 2276 2796 aut

69 2846 278 2913 bonis
320 2847 687 2914 denudatos
730 2849 1129 2937 proscripsit.
1162 2846 1540 2915 Gnidonem
1574 2870 1726 2914 vero
1756 2822 2275 2936 Tripolitanum,

73 2961 539 3043 matthaeum,
583 2963 1042 3044 Bartolinum,
1086 2976 1154 3029 et
1198 2963 1559 3032 Nicolaum
1616 2961 1849 3029 fratres
1894 2962 2274 3044 Folleanos,

74 3102 258 3170 quos
320 3081 390 3146 in
455 3078 670 3148 officio
719 3081 914 3147 aliter
958 3081 1292 3148 continere
1343 3103 1477 3149 non
1533 3091 1820 3170 poterat,
1885 3092 1956 3147 et
2022 3078 2275 3169 alioqui
2374 3154 2379 3168 Ι

77 3207 421 3285 suspectos
489 3196 822 3275 babebat,
891 3197 1194 3263 Mutinae
1261 3197 1632 3263 carceribus
1697 3195 1985 3283 inclusit..
2031 3196 2275 3285 Itaque

79 3324 451 3403 antequam
482 3336 598 3378 sex
626 3315 954 3393 mensium
983 3317 1269 3403 spatium
1300 3316 1721 3403 praeteriret,
1740 3311 1966 3402 palam
1996 3335 2063 3379 se
2094 3312 2276 3379 urbis

77 3431 434 3497 dominum
469 3429 828 3499 declaravit
855 3434 959 3511 (δὴ
990 3443 1348 3521 nostraque
1378 3428 1748 3521 respublica
1777 3452 1949 3520 quae
1980 3432 2274 3496 centenis

80 3548 332 3614 vicenis
377 3550 677 3637 quinque
722 3548 912 3615 annis
972 3558 1281 3628 steterat,
1324 3570 1485 3615 cum
1531 3559 1802 3614 centum
1869 3557 1937 3612 et
2004 3548 2272 3635 triginta

75 3661 363 3730 castellis
386 3713 407 3744 ‚
450 3662 755 3732 Robertis
810 3674 881 3731 et
926 3662 1258 3732 Folleanis
1325 3661 1793 3755 Guelphorum
1861 3662 2273 3752 principibus

76 3781 147 3846 in
193 3778 480 3846 exilium
528 3758 729 3862 actisss
757 3782 828 3846 in
861 3781 1315 3851 Atestinorum
1360 3793 1755 3871 potestatem
1799 3779 2069 3848 redacta
2110 3775 2270 3845 fuit.

155 4056 242 4125 (ι)
270 4057 414 4111 Bart.
447 4056 507 4109 iu
540 4056 576 4108 Ι.
609 4056 801 4109 absent.
836 4057 877 4123 ς.
909 4056 972 4109 de
1004 4056 1122 4109 den.

155 4152 242 4225 (ο)
270 4152 462 4207 Blend-
495 4153 533 4204 l.
569 4169 655 4218 rx,
685 4153 795 4207 dec.
826 4168 876 4202 a.
