2950 5017
924 393 1120 437 mann
1164 391 1499 438 asculanus
1668 409 1674 414 -
2211 375 2295 463 89

116 529 229 583 ant
274 515 418 583 lato
465 513 680 581 limbo
725 512 1133 580 fimbriatum
1192 512 1536 601 gerebant.
1588 511 1888 601 Galligas
1935 511 2107 579 albis
2146 517 2297 580 vin-

108 636 288 699 culis
315 634 415 697 ad
442 630 646 696 tibias
676 627 1250 717 constringebant:
1280 627 1529 695 calceos
1568 651 1774 716 usque
1822 628 1905 692 ad
1950 649 2290 694 summum

108 746 428 836 pollicem
461 755 751 834 apertos,
779 743 1175 833 quibusdam
1205 743 1361 811 loris
1389 747 1562 810 circa
1595 743 1761 812 talos
1792 743 2292 824 circumductis,

106 860 654 950 consu-ingehem
704 864 806 926 (ί).
869 861 1124 926 Horum
1195 861 1388 925 armis
1458 859 1731 926 assiduis
1792 859 1985 925 hellis
2051 872 2296 927 vexata
2402 924 2409 941 ,

108 976 342 1057 ltalia,
396 974 689 1065 plurima
742 976 982 1065 oppida
1047 987 1118 1041 et
1181 977 1652 1042 munitissimas
1702 978 1995 1043 civitates
2047 975 2298 1042 dirutas

114 1090 320 1158 fuisse
363 1091 670 1159 Blondus
714 1090 942 1156 scribit
971 1091 1066 1155 bl:
1117 1090 1413 1180 adeoque
1457 1090 1778 1157 desertam
1825 1089 2086 1156 Italiam
2131 1095 2301 1157 exti-

118 1208 302 1286 tisse,
350 1218 436 1271 ut
478 1206 842 1271 secundum
888 1204 1051 1270 Padi
1104 1204 1393 1272 fluminis
1448 1207 1618 1293 ripas
1673 1209 1841 1272 inter
1890 1205 2298 1273 Placentiam

114 1333 185 1385 et
210 1320 617 1387 Ravennam
652 1319 943 1397 nullum,
973 1332 1225 1406 praeter
1254 1318 1608 1386 Brixillum
1640 1319 1820 1408 quod
1866 1322 1936 1385 in
1981 1330 2300 1407 potestate

113 1434 416 1502 Caesaris
458 1433 788 1501 orientalis
832 1433 1333 1513 continebatur,
1379 1435 1696 1522 oppidum
1744 1433 2049 1501 relictum
2097 1432 2300 1502 fuisse

114 1560 464 1618 memoret.
508 1549 689 1615 Inter
734 1547 897 1613 haec
941 1550 1232 1616 Narsetis
1277 1573 1603 1616 successor
1648 1532 2018 1639 Longinus,
2055 1562 2124 1616 et
2158 1552 2299 1640 ipse

115 1663 603 1734 'theodoricum
645 1666 970 1745 imitatus,
999 1677 1080 1730 ut
1109 1664 1219 1731 alii
1253 1663 1540 1731 fecerant
1587 1665 1852 1731 exarchi
1899 1667 2295 1754 praetoriam

122 1780 482 1848 Ravennae
522 1779 742 1847 sedem
784 1783 1152 1848 constitnit.
1197 1780 1485 1869 Reliqua
1517 1804 1667 1848 vero
1698 1779 1892 1846 Italia
1936 1779 2016 1846 in*
2050 1804 2294 1849 novam

124 1893 415 1965 formam
442 1919 784 1976 conversa,
814 1895 1140 1968 Alboinus
1184 1921 1314 1964 non
1363 1920 1448 1963 ex
1495 1896 1820 1982 majorum
1865 1898 2171 1964 instituto
2202 1920 2303 1964 re-

122 2014 425 2101 gionum,
455 2012 1026 2102 provinciarumve
1070 2011 1426 2100 praesides,
1458 2011 1571 2076 sed
1609 2014 1907 2078 omnium
1951 2011 2300 2079 clariorum

122 2126 394 2193 urbium
425 2125 538 2211 jus
566 2125 859 2193 dicturos
889 2125 1090 2191 duces
1133 2129 1415 2205 creavit3
1445 2129 1607 2215 quin
1655 2129 1775 2214 ipsi
1816 2129 2018 2194 etiam
2048 2126 2301 2193 Romae
2379 2137 2383 2141 *

122 2240 283 2308 olim
313 2239 497 2309 orbis
538 2242 824 2329 reginae,
878 2239 1289 2320 consulibus,
1330 2253 1399 2306 et
1443 2252 1676 2307 senatu
1708 2240 2011 2321 sublatis,
2055 2241 2294 2307 ducem

121 2353 463 2446 praefecit.
515 2354 873 2423 Caeterum
925 2355 1217 2423 Alboino
1285 2378 1435 2445 rege
1495 2356 1942 2424 Rosimundae
2009 2356 2304 2447 conjugis

120 2471 367 2539 insidiis
396 2483 768 2561 perempto,
793 2470 1032 2561 Papiae
1063 2470 1384 2560 Clephem
1416 2472 1829 2560 Longobardi
1865 2469 2298 2552 suffecerunt,

120 2592 234 2678 qni
276 2588 618 2657 Canetum
671 2589 860 2655 nobis
916 2591 1292 2677 proximum
1314 2638 1333 2668 ,
1378 2589 1557 2679 quod
1603 2590 1939 2656 obsidente
1985 2590 2302 2656 Ticinum

126 2704 415 2774 Alboino
460 2728 533 2771 se
579 2703 806 2771 dedere
849 2703 1191 2786 noluisset,
1232 2706 1516 2773 barbaro
1559 2703 1778 2773 furore
1824 2729 1998 2772 anno
2039 2727 2299 2772 anxvr

136 2821 269 2889 nolo
314 2823 624 2910 aequavit
653 2820 754 2887 (3),
801 2822 908 2887 sed
956 2846 1035 2890 eo
1066 2844 1336 2912 quoque
1367 2824 1544 2888 intra
1575 2845 1821 2887 annum
1854 2834 1921 2886 et
1951 2821 2301 2888 dimidium

126 2947 474 3025 postquam
513 2938 833 3025 imperare
862 2948 1195 3025 coeperat,
1228 2959 1266 3002 a
1295 2934 1606 3002 familiari
1637 2958 1853 3015 caeso,
1882 2935 2300 3023 Longohardi

124 3052 496 3117 intermisso
551 3074 702 3140 rege
761 3074 955 3117 suum
1001 3052 1241 3141 cuique
1285 3053 1577 3131 civitati,
1623 3051 1901 3139 Longini
1955 3050 2298 3139 exemplo,

126 3177 515 3254 perpetuum
548 3164 792 3230 ducem
837 3177 1374 3254 praeposuerunt.
1421 3167 1509 3231 Hi
1555 3189 1830 3232 numero
1879 3168 2145 3254 triginta
2186 3189 2303 3232 sex

122 3284 311 3347 creati
358 3277 564 3346 fuisse
606 3284 1054 3369 reperiuntur-3
1097 3284 1270 3356 inter
1318 3304 1426 3348 eos
1478 3284 1817 3369 proprium
1864 3304 2130 3371 quoque
2173 3281 2296 3346 du·

121 3418 249 3464 cem
296 3396 659 3486 Regieuses
722 3396 1102 3463 hahuerunt
1133 3395 1232 3477 (4),
1273 3419 1478 3486 quem
1532 3397 1884 3466 Rodanum
1951 3409 2299 3476 vocatum,

124 3521 181 3578 et
208 3512 300 3582 ab
330 3535 415 3580 eo
448 3514 834 3605 proximum
864 3510 1016 3577 urbi
1047 3523 1397 3579 torrentem
1430 3535 1669 3580 nomen
1701 3512 2009 3580 habuisse
2041 3510 2299 3592 ferunt3

180 3819 255 3888 (1)
287 3817 420 3872 Cor.
450 3818 512 3870 in
548 3817 713 3886 prima
745 3827 905 3888 parte.

182 3910 258 3980 (a)
289 3911 415 3962 Lib.
447 3927 563 3975 vu,
605 3927 625 3961 r
662 3911 769 3963 dec·

183 4003 263 4073 (3)
296 4002 491 4056 Btond.
524 4001 615 4054 lib.
646 4019 782 4068 vm,
815 4002 921 4056 dec.
959 4021 999 4056 ι.

183 4094 254 4162 (4)
289 4094 481 4148 (ἱστίαι
517 4096 598 4147 ub·
634 4111 742 4164 sup.
