2950 5017
910 409 1108 456 meu
1154 410 1494 458 sneunws
1818 377 1825 384 ’
2174 416 2201 460 1
2222 415 2246 458 1
2265 416 2293 459 1

69 530 352 600 Italiam
389 532 692 600 venienti
722 531 1190 612 Dertonenses‚
1219 530 1818 624 Cremonensesque
1861 545 2087 624 portas
2116 534 2304 603 elau-

62 648 221 716 dere
269 648 433 716 ansi
479 658 722 727 esseut,
765 646 1176 716 Ronoaleam
1222 650 1537 719 omnibus
1580 649 1816 718 Italiae
1858 653 2296 741 principibus,

63 789 144 832 ae
186 765 545 856 cujusque
576 765 762 833 urbis
792 765 1180 834 consulibus
1220 766 1584 835 concilium
1628 766 1895 836 indixit.
1941 767 2044 837 Eo
2089 772 2296 838 etiam

65 894 381 972 quatuor
446 880 835 950 celebriores
898 880 1128 971 legum
1197 885 1440 973 peritos
1515 883 1882 952 Martinam
1949 884 2258 953 Gossiam
2274 869 2327 965 ,”

63 999 484 1088 Belgarum,
525 998 884 1080 Iacobum,
931 1010 1137 1090 atque
1180 999 1486 1091 Ugonem
1532 1025 1573 1068 a
1626 1001 1828 1070 Porta
1871 1001 2301 1092 Ravegnana,

66 1118 200 1205 qui
265 1129 442 1182 tuno
508 1114 845 1184 Bononiae
922 1115 1033 1201 jus
1099 1116 1294 1184 civile
1362 1116 1882 1206 profitebantur,
1949 1122 2302 1186 convenire

72 1229 298 1315 iuuit,
343 1241 418 1297 et
461 1231 692 1299 omnia
735 1230 925 1316 jura,
970 1253 1146 1319 quae
1183 1231 1276 1297 ad
1331 1231 1682 1300 Gaesarem
1725 1234 1795 1299 in
1841 1231 2303 1321 Longobardia
2411 1267 2417 1274 ·

73 1345 544 1434 pertinebant,
564 1342 827 1413 definiri
856 1349 1218 1436 praecepit.
1253 1345 1360 1413 Illi
1394 1359 1662 1415 tantum
1694 1350 2040 1437 negotium
2073 1351 2306 1437 paucis

75 1462 414 1530 invidiose
457 1464 799 1531 committi
828 1463 1156 1544 videntes,
1185 1487 1273 1531 ex
1300 1464 1578 1553 singulis
1606 1464 2104 1554 Longobardiae
2147 1467 2306 1531 eivi-

81 1579 349 1647 tatibus
389 1577 525 1646 sibi
559 1578 646 1647 nd
684 1578 1125 1667 judicandum
1175 1580 1464 1671 collegas
1491 1582 1637 1649 dari
1669 1585 2025 1671 petierunt.
2069 1582 2309 1671 Itaque

83 1698 332 1786 viginti
375 1706 528 1765 oeto
568 1719 658 1763 ex
700 1696 1013 1765 omnibus
1048 1698 1333 1766 urbibus
1366 1697 1608 1765 delecti
1638 1698 2118 1785 jurisconsulti,
2148 1722 2306 1766 eum

85 1822 392 1900 quatuor
431 1810 560 1879 illis
601 1814 864 1878 eximiis
918 1814 1401 1903 interpretibus
1454 1812 1636 1880 ultra
1694 1813 1957 1880 Padum
2007 1817 2077 1880 in
2138 1826 2307 1880 tem-

91 1925 283 2016 plum
306 1979 329 2008 ,
386 1927 569 2018 quod
638 1923 871 1996 Sancti
930 1929 1108 1996 Petri
1161 1929 1563 1997 Contrebiae
1615 1930 2024 2010 vocabatur,
2070 1953 2307 1998 eonve-

89 2059 361 2125 uerunt,
405 2056 478 2112 et
521 2045 812 2114 Romani
856 2045 1127 2135 Imperii
1171 2046 1322 2132 jura
1370 2044 1795 2114 definierunt.
1853 2046 1952 2116 Ut
1997 2051 2308 2136 singulae

93 2165 430 2247 civitates,
461 2184 637 2252 quae
666 2165 795 2251 jus
833 2164 1183 2230 cudendae
1214 2177 1521 2231 monetae
1543 2163 1917 2248 habebant,
1947 2178 2308 2253 quaternas

93 2283 350 2366 ‹zv-garri
394 2278 706 2346 marchas
746 2279 1023 2347 Caesari
1080 2282 1490 2370 penderent,
1538 2303 1621 2347 ea
1673 2281 1894 2369 ferme
1947 2296 2145 2349 erant
2190 2288 2306 2347 tri-

91 2398 285 2481 ginta
350 2417 706 2464 aureorum
771 2418 1062 2463 summa.-
1109 2401 1185 2461 in
1248 2402 1473 2464 causis
1543 2396 1746 2464 libras
1813 2401 2309 2487 quinquaginta

99 2511 243 2596 ejus
283 2524 598 2579 monetae
641 2511 1120 2579 excedentibus
1165 2515 1259 2578 ad
1287 2512 1773 2601 Imperatorem
1816 2516 2308 2603 appellaretur:

97 2645 290 2696 nrt
332 2631 644 2696 denarios
712 2628 1052 2717 quaelibet
1109 2629 1392 2717 familia
1452 2635 1594 2718 ipsi
1650 2633 1969 2698 solveret:
2012 2635 2310 2697 venienti

101 2745 172 2806 in
213 2742 494 2811 Italiam
538 2758 790 2812 certum
832 2746 1179 2834 peditum,
1225 2750 1659 2833 equitumque
1714 2768 2049 2811 numerum
2093 2749 2310 2811 trade-

107 2871 247 2924 rent
289 2859 522 2944 uther,
565 2861 718 2948 ejus
761 2863 1018 2928 vexilla
1076 2861 1359 2949 publice
1427 2884 1766 2951 suspensa
1811 2861 2151 2928 haberent.
2197 2861 2309 2927 Ea

108 2978 329 3039 omnia
367 2998 412 3040 a
451 2974 648 3043 Sacri
695 2976 958 3043 Palatii
991 2966 1551 3065 procuratoribus
1583 2999 1720 3065 pro
1766 2982 2100 3043 sententia
2147 2983 2309 3044 reci-

107 3101 256 3156 tata
295 3090 729 3179 Regiensium
774 3096 1186 3183 aliarumque
1231 3098 1587 3161 civitatum
1631 3095 1841 3181 legati
1884 3115 1957 3159 se
2005 3092 2308 3160 observa-

109 3217 289 3275 turos
325 3215 783 3298 promiserunt
807 3211 905 3276 (¹).
955 3210 1140 3277 Haeo
1187 3211 1562 3300 prodigiosa
1605 3214 1770 3278 visio
1810 3210 2163 3276 subsecuta
2207 3224 2308 3277 to-

107 3333 234 3389 tam
262 3324 540 3392 Italiam
573 3326 1002 3395 vehementer
1041 3329 1425 3417 perterruit.
1471 3327 1650 3393 Cum
1682 3328 1877 3394 Picus
1908 3330 2083 3393 enim
2117 3327 2307 3393 Man·

109 3432 324 3508 fredar
344 3439 542 3531 Regii
571 3453 944 3530 praetorem
978 3454 1235 3533 ageret,
1267 3454 1338 3508 et
1368 3441 1691 3509 Adelinus
1722 3445 1993 3536 antistes
2023 3442 2305 3522 sederet,
2351 3420 2367 3520 ’Δ

113 3561 227 3620 tres
267 3555 483 3623 lunae
525 3558 598 3623 in
641 3557 862 3625 medio
910 3556 1095 3625 coelo
1129 3558 1343 3623 erucis
1372 3560 1640 3647 signum
1672 3557 1997 3624 habentes
2029 3556 2309 3625 terrifico

113 3681 358 3738 attento
411 3672 632 3751 visae,
701 3669 983 3740 totidem
1028 3697 1298 3764 quoque
1356 3673 1525 3741 soles
1591 3685 2079 3763 apparuerunt,
2123 3672 2306 3763 quod

111 3779 356 3855 futuras
399 3787 828 3857 calamitates
872 3790 1262 3880 portendere
1306 3790 1613 3880 plerique
1658 3815 1791 3858 non
1840 3793 2062 3879 inepte
2111 3792 2311 3858 inter-

111 3906 559 3990 pretabuntur.
606 3904 814 3975 Ortae
856 3908 1188 3999 siquidem
1235 3907 1633 3999 jampridem
1689 3909 2093 3978 ambitiosae
2137 3912 2312 3976 inter

178 4152 250 4223 (¹)
281 4154 474 4211 Cetius
507 4156 568 4210 iu
602 4157 769 4227 prim·
805 4166 964 4228 parte.
