2950 5017
2852 0 2857 255 4

787 401 919 474 ²9²
1519 395 1756 442 anun
1795 394 2215 457 nmmum

783 542 855 589 se
895 520 1177 589 invicem
1218 497 1692 585 destituebant.
1737 515 1906 585 Foro
1948 515 2205 583 deserto
2254 511 2393 580 diu
2435 511 2746 597 iustitium
2777 482 2860 623 suff

781 633 1002 705 Nemo
1042 629 1451 713 contrahere,
1485 630 1593 700 vel
1624 633 1880 712 testari,
1906 628 2200 701 desolata
2249 626 2556 718 templa,
2598 625 2862 723 infrequea

785 761 885 818 tes
950 751 1102 819 viae
1167 747 1476 839 publicae
1540 746 1743 817 videri
1769 797 1792 829 ,
1856 746 2090 816 domus
2158 744 2555 834 inhospitas
2616 744 2862 834 squallere

778 866 1065 936 Duobus
1122 867 1316 932 annis
1381 861 1546 939 haec
1608 861 1749 930 lues
1813 862 2210 942 delineata,
2271 872 2519 951 postea
2580 863 2791 950 saepius
2826 864 2861 929 in

781 979 980 1049 Italia
1021 980 1405 1075 resurrexit,
1473 999 1597 1045 nec
1662 978 1789 1045 nisi
1844 999 2025 1044 anno
2066 996 2290 1042 mcccc
2346 977 2612 1065 penitus
2666 977 2864 1062 extingui

774 1096 1040 1186 potuit..
1067 1092 1322 1160 Tantae
1366 1071 1733 1160 calamitati
1762 1114 2060 1159 annonae
2086 1082 2339 1157 caritas
2371 1099 2734 1173 accesserat,
2764 1112 2859 1177 quae

778 1210 1172 1277 continuum
1216 1184 1721 1298 quadriennium
1764 1203 2172 1296 perduravit:
2224 1207 2572 1271 sextarius
2614 1206 2760 1268 enim
2791 1199 2863 1267 fru-

775 1324 985 1390 menti
1055 1333 1329 1387 centum
1374 1320 1594 1410 pondo
1635 1319 1858 1387 solidis
1901 1316 2229 1390 hodiernis
2279 1341 2378 1384 xl,
2423 1316 2603 1408 quod
2644 1339 2861 1404 magnum

777 1438 915 1506 illis
989 1435 1397 1531 temporibus
1472 1437 1761 1524 pretium
1835 1432 1970 1501 fuit
2035 1433 2574 1501 distrahebatur.
2642 1431 2859 1521 Sequenti

775 1576 1046 1646 quoque
1089 1572 1308 1619 mense
1350 1550 1547 1640 aprili
1580 1532 1935 1639 ‘asperrima
1962 1549 2205 1640 hyeme
2237 1551 2561 1635 omnibus
2588 1547 2862 1615 innhorren·

744 1669 960 1765 ‚tibus
1004 1669 1254 1756 campis
1295 1667 1464 1733 vites
1509 1666 1791 1755 periere,
1835 1675 1905 1730 et
1949 1666 2180 1731 vinum
2229 1664 2493 1751 majore
2554 1665 2619 1729 in
2677 1659 2858 1750 ampho-

773 1806 918 1853 ram
963 1784 1175 1877 pretio
1218 1780 1565 1850 venditum
1635 1802 1752 1870 pro
1815 1803 1883 1846 re
1951 1779 2259 1847 inaudita
2331 1783 2407 1849 in
2474 1776 2717 1846 annales
2763 1773 2861 1844 rela-

774 1910 924 1967 tum
971 1896 1129 1965 fuit.
1319 1986 1326 1992 ⁸
1750 1965 1755 1971 ,
1890 1884 1900 1895 ’
2170 1952 2177 1959 .
2508 1879 2546 1893 ”
2651 1969 2663 1982 .

906 2013 1090 2080 Inter
1153 2011 1316 2079 haec
1380 2011 1820 2102 superioribus
1885 2013 2073 2079 annis
2131 2010 2421 2081 Carolus
2466 2007 2722 2099 Apuliae
2762 2026 2852 2082 rex,

773 2128 1132 2197 Andreasio
1175 2148 1265 2194 ex
1304 2126 1542 2194 Carolo
1587 2124 1895 2195 Martello
1948 2140 2188 2216 nepote
2247 2151 2329 2195 ac
2376 2126 2656 2210 Roberto
2691 2132 2745 2188 et
2774 2120 2855 2186 Lu·

774 2243 1008 2313 dovico
1037 2242 1310 2309 Tarenti
1341 2244 1638 2308 antistite
1669 2241 1890 2309 liberis
1918 2242 2181 2324 relictis,
2211 2242 2593 2316 decesserat.
2620 2237 2851 2305 Rohertus

772 2338 1063 2448 Apuliae
1128 2380 1402 2447 regnum
1474 2357 1880 2453 obtinuerat,
1925 2359 2103 2448 quod
2147 2371 2228 2425 ut
2271 2344 2550 2426 demum
2593 2349 2851 2434 Andreasio

772 2474 1051 2545 honeste
1092 2477 1494 2556 restitueret,
1538 2472 1640 2540 illi
1685 2474 2012 2552 Joannam
2063 2499 2147 2542 ex
2192 2486 2608 2566 praemortuo
2643 2466 2752 2536 filio
2770 2486 2849 2559 ‘ne-

772 2602 955 2683 ptem
1024 2592 1093 2669 in
1159 2593 1582 2660 matrimonio
1628 2590 2021 2678 conjunxit,
2065 2604 2135 2659 et
2175 2595 2567 2684 imperium,
2627 2580 2769 2676 quod
2802 2578 2847 2645 vi

776 2708 1122 2796 arripuisse
1163 2706 1551 2787 videbaturs
1590 2705 1765 2774 dotis
1808 2709 2075 2778 nomine
2118 2711 2445 2775 restituit.
2491 2703 2611 2771 Sed
2647 2696 2847 2789 flagitio-

772 2824 1064 2889 sissimae
1109 2819 1463 2889 femminae
1506 2812 1783 2890 libidine
1814 2826 2055 2892 marito
2088 2837 2318 2892 necato
2339 2874 2361 2904 ‚
2390 2819 2751 2892 Ludovicus,
2770 2808 2843 2898 qui

765 2942 766 2945 ’
775 2941 952 3029 patri
985 2940 1064 3023 ‚in
1108 2938 1489 3006 Pannoniae
1530 2962 1726 3028 regno
1768 2953 2198 3020 successerat,
2241 2938 2461 3008 fratris
2502 2933 2739 3020 injurias
2782 2921 2846 2988 1¹1·

780 3065 972 3119 turus
1037 3055 1106 3119 in
1171 3052 1435 3119 Italiam
1486 3057 1728 3121 -venitr
1771 3056 1879 3121 oui
1931 3053 2347 3144 Philippinus
2403 3051 2694 3135 'Gonzaga
2738 3057 2840 3104 0⁰⁰¹

777 3168 1079 3235 ducentis
1123 3168 1567 3258 cataphractis
1604 3193 1768 3259 quos
1810 3171 2124 3239 barbatos
2155 3171 2509 3259 vocabant,
2537 3175 2598 3232 et
2623 3152 2840 3231 nocenti!

777 3284 1109 3372 peditibus
1176 3305 1368 3372 opem
1435 3284 1695 3352 laturus
1745 3288 1817 3353 in
1869 3285 2183 3376 Apuliam
2252 3282 2615 3361 contendit,
2663 3271 2752 3339 ubi
2795 3285 2839 3329 ¹0

777 3419 1081 3487 prospere
1125 3410 1306 3486 gesta
1353 3401 1544 3465 tertio
1588 3422 1793 3466 nonas
1836 3405 2057 3468 martii
2101 3400 2373 3469 domum
2422 3411 2704 3467 reversus,
2736 3380 2838 3446 δα·

777 3512 1010 3602 ligeros
1039 3524 1107 3579 et
1137 3512 1569 3582 vicecomites
1597 3519 1940 3585 commisso
1969 3517 2211 3608 praelio
2256 3513 2598 3607 superavit.
2635 3489 2836 3570 Isahella

780 3641 1208 3719 cognomento
1269 3631 1516 3711 Fusca,
1558 3655 1643 3698 ex
1685 3632 2046 3711 Fliscorum
2114 3645 2338 3723 gente·
2369 3624 2748 3699 nobilissima,
2789 3613 2834 3670 ‘²‘

780 3744 1064 3813 Luchini
1095 3744 1515 3814 vicecomitis
1559 3770 1793 3837 parum
1826 3750 2068 3838 pudica
2096 3772 2291 3830 uxor,
2321 3742 2474 3814 b’elli
2504 3757 2669 3809 causa
2694 3727 2832 3795 fui88ss

778 3861 1165 3943 dicebatur3
1207 3886 1381 3953 quae
1424 3876 1507 3931 ut
1546 3864 1993 3949 celebritatem
2036 3865 2287 3934 dierum
2334 3864 2628 3939 Ascensus
2653 3833 2827 3913 Chl'ssti

663 3992 670 3999 ·
776 3988 1126 4066 spectaret,
1153 3977 1468 4045 Venetiae
1507 3979 2164 4049 ornatissimaclasse
2207 3972 2322 4070 per
2363 3974 2594 4045 Padum
2632 3960 2824 4027 devecta

775 4105 1136 4183 prostratae
1197 4094 1557 4185 pudicitiae
1607 4094 1880 4166 infamia
1925 4096 2105 4189 apud
2147 4095 2490 4189 Ugolinum
2531 4081 2820 4161 Gowgum
