2950 5017
650 370 741 440 60
979 354 984 359 ⁴
1394 390 1632 438 annum
1661 389 2091 437 ‘ancrmsmu
2159 423 2165 428 .

654 512 895 590 tinuit,
940 510 1145 580 donec
1202 510 1363 580 novi
1416 508 1695 580 subsidii
1747 512 2157 579 occasionem
2207 509 2494 610 invenit.
2555 508 2686 578 Per
2729 530 2872 580 eo·

646 629 835 696 enim
896 624 1046 700 ,dies
1108 625 1369 696 Marcus
1410 623 1726 695 AEmilius
1768 624 2066 716 Lepidus·
2110 624 2366 692 Iberiae
2417 623 2806 694 Praefectus
2823 676 2859 707 ,

652 740 943 812 Senatus
972 744 1186 831 jussu,
1215 742 1517 811 Marcum
1549 741 1905 832 Syllanum
1935 765 2096 810 cum
2137 745 2437 809 exercitu
2468 746 2538 810 in
2570 742 2856 810 Italiam

655 859 930 926 miserat
947 909 968 940 ,
1026 881 1228 948 quem
1279 880 1519 948 parum
1583 855 1988 947 reipublicae
2030 854 2241 924 fidum
2284 856 2614 926 Antonius
2657 858 2858 925 inve·

644 974 845 1042 -niens
896 986 1265 1064 opportune
1327 972 1457 1042 sibi
1523 971 1866 1053 adiunxit,
1919 974 2240 1063 novisque
2293 983 2529 1041 auctus
2582 972 2851 1042 viribus

648 1086 871 1158 hostes
921 1090 1190 1158 invasit.
1251 1087 1533 1158 Plurimi
1597 1087 1755 1155 hinc
1818 1085 1973 1154 inde
2019 1085 2325 1156 cecidere
2342 1138 2364 1170 ,
2429 1090 2599 1155 inter
2669 1109 2850 1178 quos

646 1206 904 1278 Hirtius
947 1204 1204 1275 Consul
1243 1202 1412 1286 fuit3
1457 1202 1728 1276 tandem
1786 1206 1857 1272 in
1916 1201 2147 1295 fugam
2200 1187 2424 1275 tersus
2467 1205 2851 1286 Antonius,

640 1331 731 1386 .ut
771 1322 1159 1410 superstites
1199 1321 1421 1411 copias
1462 1318 1834 1409 colligeret,
1862 1318 1948 1387 ad
1977 1301 2156 1410 alpsss
2186 1318 2547 1389 contendit.
2590 1319 2851 1409 Itaque

638 1435 915 1530 Mutina
960 1436 1302 1506 obsidione
1346 1435 1594 1518 soluta,
1637 1436 1879 1535 Vibius
1922 1435 2090 1504 alter
2133 1435 2385 1506 Consul
2428 1461 2563 1506 non
2607 1435 2847 1506 multo

646 1563 798 1642 post
839 1575 927 1619 ex
969 1543 1358 1621 vulneribus
1400 1563 1556 1620 ante
1599 1554 1883 1642 acceptis
1926 1551 2221 1621 decessit.
2269 1551 2381 1619 Ob
2422 1575 2572 1619 eam
2621 1554 2846 1622 victo-

653 1670 820 1734 riam
864 1665 1306 1748 Octavianus,
1335 1670 1454 1757 qui
1484 1666 1801 1735 Romanis
1842 1666 1926 1734 de
1968 1689 2167 1758 regno
2209 1668 2568 1755 concupito
2612 1689 2846 1757 suspe-

646 1795 794 1850 ctus
837 1806 976 1852 esse
1019 1793 1355 1875 coeperat,
1399 1783 1783 1852 consulatus
1828 1806 1944 1874 spe
2003 1780 2350 1851 frustratus
2415 1781 2586 1863 fuit,
2628 1794 2704 1850 et
2746 1782 2842 1849 D.

647 1901 916 1964 tantum
943 1897 1155 1967 Bruto
1187 1897 1569 1987 triumphus
1597 1897 1923 1965 decretus.
1953 1894 2197 1967 Pontio
2224 1920 2497 1988 quoque
2521 1895 2839 1987 Aquilae,

643 2014 764 2103 qui
807 1998 876 2079 in
922 2011 1168 2102 praelio
1213 2013 1643 2094 occubuerat,
1684 2027 1906 2082 statua
1951 2027 2200 2095 erecta,
2232 2017 2667 2103 universaque
2714 2012 2841 2103 'pe-

643 2130 847 2195 cunia
866 2179 886 2208 ,
913 2152 1121 2219 quam
1166 2131 1238 2196 in
1283 2129 1754 2199 conscribendo
1785 2131 2048 2198 Decimi
2075 2134 2369 2197 exercitu
2395 2128 2835 2219 impenderat,

634 2244 786 2330 ,ejus
830 2243 1225 2312 haeredibus
1270 2244 1631 2314 liberaliter
1690 2258 1788 2314 est
1853 2246 2209 2337 persoluta.
2257 2245 2466 2314 Sexto
2509 2244 2834 2335 Pompeio

643 2359 821 2427 Gnei
863 2358 1008 2429 filio
1054 2359 1272 2428 classis
1285 2411 1305 2442 ‚
1332 2360 1557 2430 Marco
1587 2385 1742 2432 vero
1775 2362 1984 2431 Bruto
2025 2361 2449 2444 Macedonia,
2492 2374 2562 2430 et
2608 2361 2837 2432 Cassio
2939 2431 2944 2438 ,

639 2473 870 2564 Syria,
913 2473 1305 2565 bellumque
1349 2489 1581 2544 contra
1624 2476 2050 2547 Dolabellam
2106 2488 2207 2546 est
2235 2476 2682 2544 .mandatum.
2729 2476 2834 2545 Ea

551 2617 556 2622 ·
638 2591 1047 2665 contumelia
1076 2605 1453 2663 commotus
1474 2592 1745 2676 Caesar,
1767 2617 1887 2662 nec
1917 2616 2155 2684 parum
2186 2596 2393 2661 etiam
2422 2594 2831 2687 indignatus,

637 2709 822 2799 quod
850 2709 1109 2778 Romae
1136 2732 1256 2800 per
1284 2713 1719 2801 ignominiam
1749 2733 2031 2801 puerum
2063 2733 2133 2778 se
2160 2713 2380 2780 vocari
2395 2710 2833 2784 ,intellexerat

635 2824 722 2892 de
764 2824 1118 2895 concordia
1160 2837 1427 2896 maturo
1468 2826 1739 2895 consilio
1767 2849 1945 2893 -cum
1989 2825 2218 2895 Marco
2247 2825 2541 2895 Antonio
2586 2839 2659 2894 et
2700 2826 2830 2894 Le·-

634 2928 792 3029 pido
852 2944 1100 3032 agitare
1164 2944 1413 3032 coepit:
1456 2942 1869 3032 quibuscum
1935 2952 2116 3010 certo
2180 2939 2438 3010 foedere
2489 2944 2693 3026 inito,
2755 2953 2837 3010 et

633 3056 887 3145 Lepido
954 3056 1037 3124 ad
1106 3056 1589 3125 confirmandas
1642 3062 1810 3124 vires
1869 3080 1957 3123 ex
2016 3057 2232 3125 Iberia
2291 3059 2632 3139 accersito,
2673 3080 2844 3126 cum·

632 3175 936 3238 exercitu
985 3171 1291 3238 terribilis
1336 3170 1622 3238 Romam
1689 3161 2124 3258 proficiscitur
2141 3222 2159 3240 .
2203 3173 2661 3241 Praesentium
2726 3196 2833 3243 co-

636 3287 897 3374 piarum
946 3286 1086 3352 vim
1132 3281 1741 3373 veritus'populus,
1771 3269 1977 3374 quem
2021 3299 2254 3377 sponte
2296 3285 2453 3354 dare
2496 3288 2826 3369 noluerat,

635 3401 886 3466 invitus
932 3398 1153 3465 adhuc
1196 3398 1634 3480 adolescenti,
1678 3401 1862 3490 quod
1929 3401 2103 3470 nulli
2170 3415 2370 3471 antea
2434 3407 2829 3494 contigerat,

636 3516 1059 3585 consulatum
1105 3519 1447 3584 concessit.
1492 3515 1579 3583 Ei
1618 3518 1703 3601 Q.
1735 3518 2022 3587 Paedius
2051 3521 2235 3586 inani
2265 3519 2551 3610 collegae
2597 3520 2824 3601 titulo,

635 3632 753 3706 sed
804 3656 872 3720 re
922 3632 1337 3722 Propraetor‚
1382 3632 1646 3702 additus
1689 3631 1849 3701 fuit.
1916 3634 2013 3701 At
2064 3635 2157 3704 D.
2201 3635 2445 3703 Brutus
2490 3635 2826 3707 Triumvi-

634 3772 859 3819 rorum
905 3749 1367 3835 conjuratione
1424 3748 1694 3840 cognita
1752 3775 1868 3842 per
1909 3750 2208 3841 Illyricos
2252 3755 2323 3820 in
2367 3752 2826 3822 Macedoniam

633 3862 720 3930 ad
747 3862 1062 3932 Marcum
1105 3864 1393 3932 Brutum
1437 3868 1713 3935 transire
1759 3866 2073 3935 decrevit.
2140 3865 2273 3933 Sed
2317 3866 2602 3935 dum-in
2644 3892 2827 3937 com-

632 3980 951 4070 ponendis
995 3981 1333 4049 nonnullis
1383 3985 1664 4073 negotiis
1707 3985 1779 4051 in
1822 3984 2022 4062 Italia
2072 3986 2393 4051 retinetur
2411 4034 2433 4065 ,
2465 3986 2595 4074 qui
2639 4005 2826 4075 prae-

631 4100 818 4168 missi
862 4095 1131 4169 fuerant
1169 4097 1447 4187 milites,
1472 4099 1719 4193 perfide
1750 4100 1835 4170 ad
1863 4100 2215 4172 Caesarem
2259 4111 2626 4174 transeunt.
2672 4101 2824 4193 Ipse
