2950 5017
661 423 798 472 200
1401 419 1639 466 nnana
1681 420 2096 468 arcmsnm

655 552 913 623 tuetur,
951 561 1265 631 magnam
1307 538 1584 607 turbam
1628 543 2029 610 excitarunt.
2073 539 2494 622 Parmenses,
2524 542 2657 632 qui
2684 539 2865 611 Gui-

654 657 896 726 donern
940 656 1337 723 Luvisinum
1365 652 1754 744 Regiensem
1796 675 1969 724 suae*
2001 655 2185 722 urbis
2227 652 2663 723 Praefectum
2710 669 2857 726 tote

653 796 734 840 eo
777 793 951 838 anuo
993 768 1404 849 habuerunt,
1447 769 1539 837 ob
1581 769 2111 859 componendam
2172 792 2403 859 pacem
2453 767 2715 839 frustra
2754 772 2855 850 la·

649 886 1009 966 borarunt3
1053 882 1281 951 exules
1322 906 1597 974 quoque
1639 886 1867 974 ingens
1910 881 2168 952 facinus
2212 887 2362 951 ausi
2407 888 2627 974 magis
2673 885 2853 954 solli·

651 1003 862 1068 citam
902 1000 1138 1070 urbem
1182 996 1506 1067 swerunt.
1550 997 1928 1069 Bonifatius
1957 1003 2138 1068 enim
2169 999 2494 1086 Bojardus
2537 1023 2724 1068 unus
2766 1025 2848 1067 ex

654 1116 1029 1207 proscriptis
1089 1117 1284 1183 tertio
1332 1135 1543 1183 nonas
1609 1114 1781 1202 junii
1799 1165 1820 1196 ,
1867 1116 1980 1182 die
2038 1138 2177 1205 quo
2220 1115 2638 1186 Pentecostes
2682 1113 2846 1183 festa

653 1231 1162 1299 celebrabantur
1179 1281 1199 1311 ,
1241 1231 1529 1312 coactis,
1595 1231 1680 1300 ob
1745 1254 1987 1322 graves
2052 1253 2222 1322 quas
2288 1253 2438 1299 cum
2502 1231 2849 1300 Luoisim's

652 1345 1008 1415 exercebat
1037 1348 1425 1413 inimicitius
1455 1343 1788 1413 Abbatem
1818 1367 2256 1436 oppressurus
2259 1395 2286 1430 ,
2328 1346 2433 1412 his
2474 1349 2598 1435 qui
2638 1346 2849 1435 Regio

650 1473 720 1529 et
762 1462 1030 1529 Mutina
1072 1460 1440 1528 exulabant
1461 1511 1483 1541 ,
1528 1473 1598 1528 et
1641 1461 2076 1532 Bismantuae
2129 1461 2470 1535 nobilibus
2525 1465 2594 1528 in
2650 1465 2851 1532 socie-

649 1587 861 1644 tatem
905 1576 1195 1655 adscitis,
1238 1577 1400 1644 Divi
1427 1576 1730 1666 Prosperi
1774 1589 1964 1645 extra
2008 1578 2310 1645 civitatis
2351 1580 2692 1666 pomaeria
2732 1602 2853 1667 po-

648 1694 856 1759 situm
897 1691 1297 1759 coenobium
1344 1690 1776 1777 prodentibus
1816 1690 2081 1758 duobus
2125 1689 2465 1786 monachis
2515 1691 2847 1760 hostiliter

650 1810 973 1895 ingressus
1023 1817 1144 1870 est.
1212 1803 1475 1871 Divinis
1532 1803 1842 1892 precibus
1913 1816 2076 1872 tunc
2137 1803 2419 1895 religiosi
2475 1807 2846 1888 vacabant,

652 1943 811 1986 cum
856 1929 1295 1999 armatorum,
1342 1919 1463 2007 qui
1508 1915 1877 1998 frumenta,
1921 1929 1992 1985 et
2039 1922 2412 1987 universam
2473 1921 2849 2011 supellecti-

650 2034 787 2100 lem
833 2034 1267 2121 diripiebant,
1331 2034 1643 2122 strepitus
1714 2033 2013 2101 auditur.
2060 2033 2346 2125 Trepida
2390 2039 2660 2106 servitia
2704 2036 2849 2103 Gu-

651 2147 880 2214 lielmo
924 2147 1248 2235 Lupicino
1278 2145 1567 2226 Abbati,
1612 2158 1892 2237 captum
1935 2149 2333 2218 coenobium
2382 2151 2734 2239 expoliati,
2772 2165 2847 2219 et

652 2262 852 2351 plena
893 2264 1096 2328 armis
1138 2285 1273 2328 esse
1317 2265 1545 2330 omnia
1590 2266 1945 2344 nunciant,
1973 2267 2092 2354 qui
2122 2267 2241 2333 vix
2279 2289 2442 2346 uno,
2470 2279 2593 2333 aut
2636 2266 2847 2335 altero

654 2380 1018 2443 comitante
1062 2399 1175 2465 per
1221 2378 1550 2464 posticum
1582 2374 1810 2468 fugere
1841 2382 2092 2467 potuit,
2123 2382 2431 2469 quamvis
2460 2404 2614 2447 eum
2646 2382 2847 2471 jugu-
2938 2373 2939 2440 ζ

649 2491 868 2557 latum
914 2489 1114 2557 fuisse
1180 2489 1348 2560 falso
1396 2490 1631 2559 Corius
1695 2493 1980 2560 scribat.
2034 2492 2302 2584 Reliqui
2356 2495 2637 2585 religiosi
2682 2521 2846 2586 quo-

650 2629 945 2696 cumque
988 2630 1124 2674 sors
1175 2604 1430 2673 ferebat
1472 2606 1875 2689 dilabentes,
1918 2607 2029 2674 vel
2088 2612 2162 2675 in
2224 2609 2501 2676 latebris
2562 2611 2849 2679 delitue-
2938 2645 2939 2648 ¹

651 2736 842 2802 runt,
888 2736 1006 2789 aut
1053 2720 1215 2812 fuga
1267 2723 1395 2789 sibi
1456 2723 1833 2791 consulere.
1889 2723 2256 2792 Proditores
2302 2748 2457 2793 vero
2502 2730 2702 2814 capti,
2752 2741 2845 2794 ut

650 2850 1063 2917 meruerant,
1116 2837 1428 2904 trucidati
1483 2835 1722 2918 fuere;
1783 2861 1990 2927 penus
2013 2890 2034 2918 ,
2081 2836 2454 2920 frumenta,
2501 2840 2841 2929 supellex,

647 2953 993 3037 jumenta,
1036 2965 1286 3034 vestes,
1340 2975 1631 3043 vasaque
1697 2976 1876 3021 sacra
1948 2958 2173 3022 omnia
2240 2966 2432 3045 rapta
2498 2956 2840 3024 Mutinam
2938 2959 2939 3022 3

647 3079 804 3134 sunt
847 3068 1158 3134 deducta.
1205 3069 1456 3135 Patrati
1504 3067 1813 3136 facinoris
1852 3087 2126 3137 'rumore
2172 3072 2241 3136 in
2289 3071 2521 3137 urbem
2583 3072 2837 3161 perlato

651 3182 1075 3249 tumultuans
1132 3183 1415 3270 populus
1460 3207 1645 3264 arma
1691 3173 2048 3274 corripuit3
2094 3208 2338 3274 paucos
2383 3187 2676 3266 nobiles,
2716 3191 2837 3276 qui

649 3296 1055 3362 Caesarianis
1101 3295 1501 3365 factionibus
1549 3298 1817 3386 plebem
1863 3301 2372 3387 opprimebant,
2421 3314 2522 3369 tot
2568 3302 2837 3369 calami-

650 3423 870 3476 tatum
915 3414 1230 3500 originem
1275 3436 1410 3481 esse
1454 3409 1858 3479 fremebant:
1907 3414 2045 3480 illis
2088 3415 2364 3483 sublatis
2393 3414 2597 3483 finem
2627 3421 2838 3485 omni-

647 3525 775 3593 bus
818 3526 1009 3594 malis
1050 3525 1383 3596 futurum.
1432 3529 1618 3594 Haec
1660 3526 2003 3596 vociferati
2046 3531 2134 3596 ad
2180 3528 2425 3611 forum,
2474 3534 2598 3598 ubi
2641 3534 2832 3606 Prae-

645 3640 859 3709 fectus
906 3644 1304 3735 Praetorque
1365 3643 1736 3711 residebant
1756 3695 1774 3726 ,
1821 3648 2167 3712 turmatim
2225 3648 2674 3717 contendunt.
2710 3650 2829 3716 -Ihi

642 3760 709 3824 in
760 3760 1077 3846 praesidio
1122 3760 1596 3850 quadraginta,
1638 3763 1758 3851 qui
1801 3761 2211 3851 reipublicae
2254 3764 2582 3851 stipendio
2627 3789 2831 3832 mere-

642 3874 839 3954 bant,
886 3877 1125 3942 milites
1171 3878 1800 3967 excubabant,‚qui
1847 3882 2090 3969 portis,
2134 3881 2382 3968 quibus
2435 3893 2603 3947 tunc
2664 3893 2831 3946 tem-

640 3992 815 4076 poris
859 3994 1071 4057 omnis
1116 3992 1332 4061 aditus
1366 3993 1679 4081 impediri
1731 4007 2027 4083 poterat,
2072 3995 2387 4077 occlusis,
2432 3996 2704 4065 nullum
2748 4020 2827 4064 eo

637 4102 933 4174 nobilem
1000 4108 1244 4199 ingredi
1314 4110 1781 4198 permiserunt.
1828 4110 2262 4182 Bononienses
2326 4111 2457 4181 hoc
2516 4110 2818 4180 tumultu
