2950 5017
865 400 1063 445 meaa
1107 401 1445 446 szcmmus
2164 385 2247 449 83

40 547 257 596 conus
307 536 378 591 et
423 521 869 591 Tarasconus:
929 521 1046 588 sed
1115 524 1367 611 primus
1429 533 1690 589 tantum
1735 521 2244 592 Cambiatorum

40 639 570 732 appellationem
617 641 946 717 retinuit3
993 649 1121 706 tres
1165 641 1482 727 postremi
1545 642 1833 727 equestri
1900 642 2103 705 etiam
2148 640 2248 705 di-

39 760 306 848 gnitate
350 756 690 824 honestati
733 758 803 822 in
848 754 1086 822 diversi
1135 757 1423 823 nominis
1467 758 1700 844 stirpes
1745 754 2050 822 abierunt
2068 805 2085 822 .
2134 755 2244 822 Ex

40 873 179 940 illis
223 876 410 939 enim
457 869 903 960 Auginulphi,
948 870 1325 949 Albriconi‚
1370 874 1491 960 qui
1550 870 1784 937 album
1835 884 2101 938 scutum
2168 875 2239 938 in

42 987 368 1076 glaucum
416 997 949 1066 commutarunt,
981 998 1050 1053 et
1079 987 1430 1055 Tarasconi
1460 1010 1639 1053 nune
1670 987 1941 1054 Parmae
1986 986 2244 1056 incolae

42 1104 489 1171 descendunt.
534 1103 740 1170 Primi
786 1105 990 1191 igitur
1033 1102 1525 1184 cambiatores,
1591 1115 1671 1170 ut
1739 1126 1983 1171 munus
2026 1105 2155 1172 sibi
2203 1129 2243 1169 a

48 1218 304 1310 populo
346 1218 735 1305 injunctum
780 1217 1149 1306 explerent,
1191 1245 1323 1287 non
1389 1219 1583 1308 longe
1651 1243 1692 1285 a
1759 1222 1897 1288 suis
1967 1220 2237 1288 aedibus

50 1334 213 1404 Divi
254 1333 578 1424 Stephani
623 1346 694 1401 et
734 1335 896 1402 Divi
927 1334 1252 1403 Gosmerii
1296 1335 1473 1425 apud
1519 1335 1845 1402 Sanctum
1877 1334 2238 1414 Thomam,

52 1450 173 1516 ubi
214 1452 534 1539 antiquus
578 1450 764 1516 urbis
810 1450 1101 1518 ambitus
1147 1449 1528 1531 finiebatur,
1555 1463 1624 1517 et
1652 1451 2016 1521 Brennonis
2046 1450 2241 1535 cujus

53 1586 249 1654 supra
318 1567 783 1644 meminimus,
849 1577 1074 1654 portas
1121 1568 1517 1655 reputavisse
1560 1564 1896 1636 feruntur.
1942 1565 2240 1633 Gentiles

55 1703 211 1750 vero
254 1705 295 1747 a
338 1681 660 1749 charitate
688 1683 848 1750 Divi
879 1682 1145 1749 Nazarii
1177 1682 1294 1748 ubi
1339 1706 1519 1750 nunc
1564 1707 1686 1751 arx
1728 1694 2064 1773 spectatur
2095 1707 2242 1772 por-

58 1808 203 1864 tam
244 1795 702 1867 condiderunt.
757 1799 982 1865 Aliam
1013 1799 1288 1867 Castelli
1331 1824 1372 1866 a
1418 1802 1724 1889 proximo
1757 1800 1939 1868 urbis
1968 1798 2239 1865 castello

58 1926 363 1982 vocatam
409 1915 585 2005 apud
628 1915 886 1984 Divum
929 1915 1290 2005 Georgium
1315 1966 1333 1996 ,
1375 1917 1497 1982 ubi
1545 1929 1692 1983 tum
1738 1919 1971 1984 civitas
2015 1919 2240 1990 termi-

60 2030 360 2112 nabatur,
388 2031 678 2121 Roglerii
706 2036 840 2099 suis
882 2032 1153 2110 aedibus
1199 2036 1573 2121 proximam
1618 2043 2003 2100 erexerunt.
2051 2030 2236 2099 Scla-

63 2149 196 2214 tarii
224 2171 389 2216 vero
415 2149 584 2217 Divi
614 2149 815 2226 Petri,
848 2160 919 2215 et
947 2149 1170 2215 Pontis
1200 2137 1463 2216 Livonii
1511 2172 1712 2238 prope
1751 2150 1909 2217 Divi
1940 2149 2235 2239 Prosperi

66 2263 375 2355 templum
449 2277 674 2355 portas
740 2277 1162 2355 aperuerunt,
1206 2288 1382 2354 quae
1427 2246 1705 2333 numero
1747 2278 1997 2355 septem
2043 2266 2234 2332 undi-

63 2403 173 2469 que
211 2384 540 2448 extructis
585 2381 930 2470 aggeribus
976 2381 1063 2446 ab
1109 2392 1537 2448 externorum
1569 2382 1812 2467 injuria
1843 2385 2022 2450 cives
2053 2395 2234 2451 tutos

66 2493 407 2565 faciebant.

172 2614 534 2683 Caeterum
577 2612 769 2683 Eruli
813 2637 970 2683 cum
1032 2616 1222 2684 sociis
1275 2627 1488 2693 totam
1535 2615 1801 2682 Italiam
1870 2640 2079 2707 usque
2147 2616 2231 2682 ad

67 2727 414 2801 Gothorum
463 2731 827 2801 adventum
871 2744 1251 2801 tenuerunt.
1285 2732 1528 2802 Leonis
1561 2758 1713 2803 vero
1742 2735 2031 2823 Augusti
2065 2745 2229 2799 tem-

66 2869 198 2935 pore
243 2872 400 2916 cum
440 2849 786 2940 Illyricum
830 2852 1301 2933 vastavissent,
1345 2852 1618 2918 demum
1664 2853 1830 2917 inita
1873 2874 2034 2940 pace
2062 2850 2230 2916 Cae·-

32 2966 175 3030 ·⁸ari
218 2964 706 3035 Theodericum
751 2965 1178 3036 Thiodemeri
1244 2966 1461 3034 filium
1530 2965 1825 3035 obsidem
1875 2966 2227 3046 dederunt,

67 3102 237 3168 quem
272 3081 367 3150 ob
394 3105 654 3152 morum
683 3082 1080 3184 elegantiam
1098 3135 1118 3166 ,
1148 3096 1218 3151 et
1246 3087 1498 3174 generis
1526 3084 1898 3151 claritatem
1932 3108 1971 3150 a
1999 3084 2224 3150 Leone

69 3194 126 3261 nd
148 3220 215 3263 se
242 3196 1011 3281 liberaliterremissum,
1034 3212 1260 3290 postea
1291 3224 1509 3291 regem
1539 3210 1956 3268 creaverunt.
1980 3196 2218 3264 Eidem

70 3307 302 3380 consuli
344 3313 681 3383 declarato
724 3315 810 3381 ad
851 3318 1209 3406 imperium
1252 3328 1526 3385 evectus
1561 3316 1767 3396 Zeno,
1799 3326 1880 3381 ut
1907 3313 2218 3381 barbaros

72 3424 153 3493 tihi
200 3428 601 3511 devinciret,
654 3433 859 3500 etiam
926 3455 1199 3499 aeneam
1266 3443 1634 3522 equestrem
1704 3442 1993 3497 statuam
2063 3443 2217 3496 ante

75 3541 349 3626 palatium
398 3544 781 3627 collocavit,
813 3569 893 3614 ac
925 3548 1202 3614 demum
1248 3548 1522 3615 Italiam
1572 3572 1611 3614 a
1658 3547 1951 3614 barbaris
1995 3545 2222 3613 deten-

78 3667 170 3726 tum
208 3664 559 3729 concessit.
606 3662 668 3730 Is
712 3665 920 3752 igitur
947 3689 1034 3731 ex
1063 3665 1348 3731 Thracia
1378 3687 1673 3754 egressus
1705 3667 1924 3753 primo
1967 3662 2216 3752 praelio

78 3776 203 3860 apud
229 3775 659 3867 Aquileiam,
701 3779 938 3847 deinde
983 3781 1191 3849 altero
1239 3781 1415 3871 apud
1462 3780 1796 3847 Veronam
1844 3779 2213 3847 Odoacrem

79 3906 200 3960 mo
223 3914 546 3959 ccccxciv
576 3916 813 3985 magna
844 3894 1164 3963 felicitate
1203 3910 1504 3986 superat3
1536 3910 1864 3985 postremo
1897 3896 2214 3962 Ravenna

80 4020 150 4086 1³⁸1
184 4009 541 4075 triennium
587 4010 843 4077 obsessa
873 4011 1165 4093 hostem,
1196 4011 1579 4103 quindecim
1627 4015 1811 4079 annis
1857 4027 2205 4102 postquam

82 4139 291 4211 regnare
334 4139 669 4217 coeperat,
713 4151 871 4196 cum
905 4142 1046 4199 tota
1082 4142 1276 4222 gente
1323 4128 1744 4221 profligatum
1793 4129 2063 4197 occidit.
2111 4127 2209 4195 Eo
