2950 5017
685 395 822 465 262
1428 410 1665 459 uuum
1707 406 2123 461 uerutum

678 535 910 616 rianio,
953 530 1226 624 plenam
1267 531 1340 601 in
1382 512 1551 601 urbe
1597 534 2063 602 auctoritatem·
2124 530 2365 599 habere
2409 550 2546 599 non
2600 541 2861 621 ‘posset
2874 583 2891 612 ‚

678 650 891 744 pridie
941 673 1148 720 nonae
1207 648 1601 739 septembris
1665 659 1764 716 eat
1830 657 2203 717 revocatus.
2248 644 2426 714 Sunt
2469 649 2598 737 qui
2647 647 2895 713 iisdem

681 766 919 835 diebus
949 767 1223 833 Actium
1264 776 1332 832 et
1360 762 1742 834 Rolandum
1785 764 2095 832 Roscium
2140 762 2267 831 sub
2308 762 2654 831 ineundae
2697 765 2891 850 pacis

674 886 892 976 specie
937 893 1206 953 vocatos
1223 932 1243 963 ,
1285 893 1357 949 et
1401 904 1443 948 a
1486 880 1706 973 legato
1750 881 2088 950 Bononiae
2149 891 2377 970 captos
2396 930 2419 961 ,
2465 903 2590 969 pro
2642 879 2892 947 obeidi-
2940 878 2946 937 Ι

677 1000 939 1092 busque
981 998 1283 1081 detentos
1330 994 1533 1066 fuine
1591 998 1869 1067 tradunt
1892 1047 1913 1079 ,
1978 1008 2061 1066 ut
2125 997 2216 1065 ab
2281 996 2491 1066 altero
2545 995 2845 1085 Regium
2862 1046 2884 1074 ,

677 1117 768 1189 ab
811 1115 1020 1186 altero
1062 1115 1372 1183 Parmam
1415 1127 1877 1206 extorqueret,
1904 1138 2194 1206 quorum
2239 1109 2472 1182 fraude
2516 1136 2639 1179 eas
2687 1112 2884 1179 urbes

672 1231 1007 1303 Ecclesiae
1050 1231 1393 1323 ademptae
1444 1255 1584 1298 ease
1626 1231 1949 1299 dictabat.
1998 1229 2102 1298 Eo
2147 1226 2326 1298 facto
2366 1228 2713 1318 indignati
2758 1228 2889 1293 Re-
2940 1244 2946 1327 ι

674 1351 924 1439 gienaee
968 1372 1128 1416 cum
1173 1348 1640 1416 Parmenaibus
1659 1399 1679 1428 ,
1722 1360 1794 1415 et
1835 1347 2324 1415 Mutinensibus
2368 1344 2573 1412 simul
2624 1367 2672 1411 a
2717 1343 2891 1412 Pon-

674 1463 854 1532 tifice
896 1461 1303 1531 defecerunt.
1352 1462 1466 1530 oh
1509 1463 1579 1530 id
1621 1462 1881 1552 legatur
1951 1466 2050 1530 ira
2119 1462 2356 1528 ardens
2398 1483 2558 1527 cum
2608 1460 2888 1527 duobus

670 1578 973 1647 millibus
1018 1580 1363 1669 equitum,
1429 1590 1500 1646 et
1567 1601 1808 1669 magna
1860 1578 2164 1668 peditum
2210 1599 2415 1645 manu
2458 1574 2715 1645 Castro
2757 1575 2890 1642 Re-

679 1707 861 1765 cetto
903 1707 1100 1786 capto
1117 1745 1138 1777 ,
1182 1695 1268 1763 ad
1311 1694 1665 1763 diruendas
1708 1695 2131 1785 Regieneium
2189 1693 2379 1762 villas
2430 1694 2884 1762 convertitur.

673 1813 1117 1902 Quocumque
1133 1861 1154 1894 ,
1198 1809 1442 1891 fertur,
1486 1816 1637 1901 igne
1690 1809 1998 1902 ferroque
2054 1815 2281 1880 omnia
2325 1821 2547 1879 vastat
2616 1809 2717 1876 ad
2762 1808 2889 1876 Ar-

671 1928 841 2017 ginia
883 1925 1144 2006 villam,
1195 1924 1570 1994 Castellum
1598 1920 1831 1992 Sancti
1860 1923 2222 2015 Stephani,
2264 1937 2337 1992 et
2379 1926 2628 1995 Portae
2678 1924 2889 1992 Bren-

669 2044 864 2109 nonia
908 2040 1232 2108 suburbia
1277 2039 1588 2108 incendio
1631 2039 2018 2121 demolitus,
2068 2040 2357 2131 plurima
2414 2044 2629 2108 etiam
2693 2040 2877 2108 aedi-

670 2153 849 2238 ficia,
895 2157 1064 2245 agria
1107 2155 1403 2244 undique
1448 2166 1518 2222 et
1561 2159 1746 2246 pagis
1790 2156 2065 2246 direptis
2110 2180 2152 2223 a
2194 2156 2505 2226 Bortiano
2532 2155 2885 2226 Saxolum

670 2295 885 2362 usque
925 2274 1077 2361 igne
1120 2274 1551 2361 consumpsit.
1596 2270 1777 2339 Cum
1821 2296 1935 2363 per
1963 2283 2120 2341 octo
2149 2272 2284 2340 diea
2331 2276 2404 2339 in
2435 2271 2886 2361 Regiensium

668 2386 936 2476 praedia
978 2388 1336 2469 saeviiaaet‚
1366 2386 1761 2477 inexplebili
1807 2387 2289 2478 perdendorum
2335 2387 2644 2456 hostium
2693 2389 2889 2456 rabie

583 2580 589 2585 ⁴
667 2503 954 2593 Regium
997 2510 1314 2584 reversus,
1383 2503 1520 2571 alia
1585 2503 1817 2572 Sancti
1863 2504 2085 2586 Petri,
2150 2517 2222 2571 et
2287 2503 2573 2572 Sanctae
2626 2505 2890 2591 ‘Crucis

668 2618 989 2686 suburbia
1033 2619 1350 2687 incendit.
1397 2619 1650 2686 Contra
1715 2620 2022 2689 vicarius
2088 2619 2384 2689 caesaris
2447 2620 2777 2690 Parmam
2849 2647 2889 2690 a

666 2730 865 2802 Petro
909 2734 1148 2804 Roscio
1191 2726 1469 2802 vocatus
1538 2757 1698 2801 cum
1753 2734 2243 2803 Germanorum
2308 2736 2567 2805 auxilio
2609 2737 2889 2806 Castel-

664 2848 812 2916 lum
856 2848 1166 2929 Novum,
1212 2847 1609 2929 Brixillum,
1653 2858 1722 2914 et
1765 2846 2087 2921 Castrum
2135 2849 2615 2919 Gualterinum
2666 2877 2709 2919 a
2754 2853 2888 2923 Gi·
2944 2846 2945 2855 ’

662 2966 840 3034 berti
869 2966 1152 3057 Corrigii
1195 2964 1449 3047 liberis,
1478 2967 1599 3055 qui
1628 2963 2054 3034 Pontificium
2098 2991 2341 3036 nomen
2385 2969 2883 3058 sequebantur,
2944 2960 2945 2969 ἵ

664 3080 933 3148 detenta
969 3074 1205 3149 diruit.
1261 3081 1439 3149 Cum
1510 3104 1590 3148 eo
1654 3081 1957 3150 Folleani
1980 3133 2003 3162 ,
2066 3086 2443 3174 caeterique
2494 3084 2880 3174 Regieneee
2944 3084 2945 3125 ³

663 3195 1042 3262 Caesariani
1103 3193 1417 3276 fuerunt,
1459 3198 1578 3284 qui
1623 3194 1933 3284 pluribus
1973 3197 2150 3267 villi·
2194 3199 2502 3289 direptis,
2548 3202 2882 3269 abactam

664 3310 980 3399 praedam
1026 3310 1334 3378 Parmam
1378 3309 1836 3400 deportarunt.
1883 3315 2003 3381 His
2045 3317 2142 3381 ita
2184 3319 2495 3406 patratis,
2535 3316 2879 3385 Gihellini

664 3426 1011 3517 Regienaee
1054 3450 1298 3516 magna
1341 3426 1636 3495 militurn
1677 3442 1910 3497 coacta
1941 3428 2146 3499 manu
2176 3432 2480 3522 Bagnum
2510 3434 2874 3502 Mutorum

661 3542 1008 3610 castellum
1029 3593 1049 3623 ,
1093 3542 1216 3611 ubi
1259 3542 1464 3634 legati
1490 3543 1824 3614 Pontificis
1868 3550 2095 3638 copiae
2137 3572 2207 3616 se
2249 3550 2718 3630 conti-nebant,
2759 3555 2872 3618 in·

661 3657 848 3727 festis
897 3661 1096 3727 armis
1137 3660 1586 3743 contendunt3
1630 3662 1746 3730 aed
1792 3663 2015 3733 valido
2066 3665 2394 3756 praesidio
2437 3665 2536 3732 ibi
2583 3668 2869 3736 invento

660 3799 808 3843 eam
884 3779 1292 3866 provinciam
1368 3775 1614 3846 frustra
1691 3791 2160 3862 attentarunt3
2227 3784 2635 3872 propinquo·
2707 3806 2871 3852 vero

659 3894 838 3959 vicos
907 3893 1201 3983 undique
1246 3894 1634 3986 depopulati
1653 3947 1672 3978 ,
1738 3921 1807 3964 re
1873 3895 2224 3965 infeliciter
2293 3910 2508 3988 gesta,
2578 3898 2870 3967 domum

658 4007 1017 4076 redierunt.
1062 4010 1377 4079 Postridie
1420 4022 1629 4103 quam
1673 4012 2027 4105 Regienses
2066 4018 2247 4084 aunt‘
2268 4012 2548 4106 profecti
2564 4066 2587 4097 ,
2630 4015 2865 4084 Ludo-

652 4127 844 4194 vium
889 4123 1129 4199 Caesar
1172 4125 1450 4197 Parmae
1495 4131 1771 4221 imperio
1814 4131 2070 4222 potitus
2114 4129 2489 4205 marsiliam
2533 4130 2862 4202 Roscium
