2950 5017
853 373 870 386 ‘
967 396 1170 446 uana
1212 397 1536 448 smnus
2086 447 2089 450 .
2200 386 2340 478 483

46 538 286 586 enm
342 513 635 586 millenis
694 513 1031 609 peditibus
1091 521 1435 612 regebant.
1487 521 1891 592 Laurentius
1936 521 2198 595 Gibous
2245 551 2337 597 ex

46 657 339 706 nonore
367 634 715 706 Pontificis
743 660 945 729 nepos
973 642 1463 736 quinquaginta
1509 638 1975 732 cataphractos
2001 642 2328 715 ducebat.

46 752 447 822 Amanius
495 751 869 837 Columna,
916 756 1153 826 Petrus
1194 756 1493 827 Aloisius
1540 756 1928 840 Farnesius,
1982 771 2054 827 et
2105 760 2334 838 Guido

46 866 344 957 Vajna
385 869 632 961 singuli
676 873 977 941 centenis
1033 872 1201 943 levis
1268 885 1646 944 armaturae
1698 875 2040 966 equitibus
2106 898 2334 966 praee-

46 983 299 1056 rant.'
339 986 508 1054 Dux
538 986 884 1060 Zucearus
921 987 1114 1056 mille
1156 988 1439 1081 pedites,
1482 1001 1554 1058 et
1595 1001 1876 1060 centum
1921 993 2208 1083 equites,
2248 1004 2326 1061 et

47 1101 412 1171 Aloisius
440 1102 758 1196 Gonzaga
786 1106 1278 1197 quinquaginta
1308 1108 1621 1197 equitum
1664 1119 1960 1184 turmam
2004 1106 2325 1177 habebat.

46 1215 262 1286 Sub
306 1219 717 1311 Hieronymo
761 1219 1233 1292 Guicciardino
1297 1221 1767 1313 quadringenti
1833 1225 2327 1315 quinquaginta

47 1319 404 1425 pedites,
447 1351 521 1405 et
559 1338 693 1406 sub
735 1337 1142 1408 Beruardino
1185 1337 1492 1408 Gar-tario
1557 1343 1846 1412 nocenti
1910 1339 2325 1412 militabant.

54 1452 226 1520 His
274 1453 492 1521 additi
536 1464 733 1523 erant
775 1455 882 1524 bis
927 1453 1117 1523 mille
1158 1457 1510 1547 quingenti
1556 1455 1853 1525 Helvetii
1884 1479 2067 1525 eum
2116 1457 2330 1549 pluri-

57 1570 234 1639 bus
278 1572 736 1663 Hispanorum
778 1574 1017 1663 copiis,
1045 1595 1222 1664 quae
1264 1596 1490 1664 nuper·⁴
1517 1595 1606 1641 ex
1634 1574 1955 1665 Hispania
2000 1574 2322 1645 tredecim

59 1686 362 1775 majora
402 1711 628 1756 aenea·
652 1699 1023 1770 tormenta,
1075 1700 1150 1756 et
1206 1712 1327 1756 sex
1385 1690 1648 1759 minora
1698 1689 2132 1759 advexerant.
2175 1691 2319 1762 Ho-

61 1805 333 1895 ingens
359 1827 683 1873 curruum
722 1827 1046 1874 numerus
1088 1827 1406 1896 maguam
1453 1808 1869 1880 tormentarii
1914 1806 2210 1897 pulveris
2252 1819 2326 1876 et

63 1919 465 1992 ferrearum
509 1922 800 2015 pilarum
846 1925 1111 2013 copiam
1155 1922 1551 1994 vehentium
1609 1947 1768 1992 cum
1830 1923 1979 1992 aliis
2037 1925 2322 2016 impedi-

71 2044 348 2111 mentis
389 2042 865 2133 sequebantur.
898 2040 1080 2110 Cum
1118 2040 1325 2109 semel
1361 2044 1431 2114 in
1464 2041 1900 2133 Regiensibus
1944 2056 2320 2134 pernoctas-

70 2173 275 2243 sent,
321 2183 528 2229 mene·
565 2159 888 2230 abeuntes
917 2159 1003 2228 ad
1034 2158 1319 2228 Niceam
1362 2157 1644 2242 flumen,
1684 2159 1894 2229 donec
1934 2183 2154 2229 novae
2197 2185 2313 2231 co-

75 2279 253 2368 piae
299 2276 590 2369 Neapoli
637 2276 1038 2358 adveniunt,
1082 2300 1202 2368 per
1249 2269 1572 2344 ‚tredecim
1593 2275 1756 2344 -dies
1797 2290 2017 2345 castra
2057 2277 2315 2346 babue-

75 2404 285 2463 runt.
329 2394 629 2461 Demum
672 2393 969 2461 collectis
1013 2394 1189 2462 vasis
1229 2396 1404 2461 inter
1441 2394 1623 2461 viam
1670 2395 1922 2483 regiam
1969 2407 2037 2459 et
2080 2411 2319 2464 coeno·-

79 2514 294 2580 bium
360 2513 612 2581 montis
670 2509 926 2579 Oliveti
992 2513 1448 2579 castrametati
1498 2500 1809 2578 Parmam
1873 2510 2314 2591 obsederunt,

77 2629 222 2697 uhi
273 2631 581 2699 contritis
640 2628 1017 2699 moletrinis
1076 2650 1286 2719 aquas
1338 2650 1427 2694 ex
1478 2627 1944 2694 Par-mensibus
1987 2625 2313 2694 divertere

77 2745 536 2815 conabantur.
582 2744 742 2814 Post
784 2744 1110 2814 octo-dies
1140 2742 1508 2829 Fridericus
1539 2741 1855 2833 Gonsaga
1898 2744 2313 2833 octingentos

81 2862 369 2954 pedites,
411 2863 786 2953 sagittarios
814 2861 1161 2943 ducentos,
1190 2870 1263 2927 et
1289 2861 1783 2951 quinquaginta
1813 2857 2308 2950 cataphractos,

81 2992 522 3071 quatuorque
568 2981 828 3048 minora
872 3001 1082 3046 aenea
1123 2988 1458 3046 tormenta
1496 2976 1804 3045 adduxit.
1840 2960 1971 3043 'His
2014 2974 2129 3042 alii
2176 2987 2309 3070 treg-

85 3099 275 3164 centi
318 3095 738 3187 cataphracti
803 3107 872 3163 et
939 3095 1049 3164 bis
1108 3092 1296 3162 mille
1339 3094 1621 3183 Hispani
1662 3091 1952 3183 Neapoli
1995 3111 2308 3183 superve-
2360 3085 2371 3096 ’

83 3237 274 3295 uere,
316 3213 532 3283 donec
581 3214 871 3281 universi
928 3234 1288 3279 numerum
1328 3209 1785 3300 duodeviginti
1836 3208 2130 3278 millium
2175 3210 2305 3276 im·

86 3329 381 3421 plevere.
425 3327 610 3397 Galli
676 3328 872 3398 velut
933 3351 1156 3396 rerum
1225 3327 1515 3409 domini,
1560 3328 1785 3396 omnia
1835 3295 2306 3394 Parmensium*

93 3447 280 3515 bona
309 3446 440 3513 sibi
471 3457 980 3537 usurpaverant,
1007 3443 1405 3536 civibusque
1437 3467 1775 3514 armorum
1806 3466 1933 3511 usu
1965 3442 2305 3533 adempto,

97 3588 186 3632 ac
230 3576 516 3653 quatuor
559 3565 768 3656 portis
810 3563 1165 3633 obstructis
1183 3614 1204 3646 ,
1248 3585 1498 3654 paucas
1540 3561 1710 3654 pilas
1754 3584 1991 3630 aeneas
2035 3584 2125 3627 ex
2170 3572 2305 3627 tor·-

98 3682 377 3764 mentis‚
419 3684 687 3750 nemine
740 3680 952 3763 laeso,
993 3684 1067 3748 iu
1111 3679 1331 3750 hostes
1372 3681 1763 3748 emiserunt.
1806 3677 2082 3746 Interim
2129 3697 2305 3742 nun-

96 3798 313 3865 ciatur
353 3796 580 3866 decem
625 3793 928 3867 millibus
958 3793 1451 3866 Germanorum
1495 3816 1675 3887 quae
1719 3816 1761 3858 a
1801 3791 2083 3860 Caesare
2126 3790 2303 3859 Pon·-

102 3911 317 3982 tifieiis
343 3917 415 3984 in
444 3914 816 3983 subsidium
860 3913 1306 3982 mittebantur
1334 3914 1531 3982 viam-
1548 3934 1590 3980 a
1619 3907 1890 3979 Venetis
1908 3906 2301 4000 praecludi.

99 4031 323 4111 Iussus
368 4034 576 4124 igitur
618 4031 845 4102 Guido
887 4030 1250 4123 Raugonus
1290 4052 1449 4097 cum
1495 4026 1823 4119 expeditis
1878 4023 2064 4094 mille
2100 4023 2302 4116 pedi-

104 4148 305 4232 tibus,
336 4151 779 4242 necatisque
824 4147 1289 4240 cataphractis,
1331 4159 1403 4215 et
1447 4144 1726 4216 totidem
1771 4142 2038 4214 levioris
2080 4143 2301 4210 arma-
