2950 5017
668 427 803 512 470
1419 439 1655 487 anaim
1701 439 2125 488 nncmnsmm

639 565 846 652 ‚libus
894 563 978 634 ad
1020 561 1413 629 cubiculum
1462 562 1703 642 tendit,
1750 564 1871 629 ubi
1918 562 2319 630 Vincentius
2356 587 2529 631 cum
2584 565 2883 636 Leandro

666 682 959 774 quodam
1008 683 1233 750 uxoris
1278 679 1629 770 parricidio
1674 678 1937 759 infami,
1983 694 2053 747 et
2098 681 2296 749 Petro
2325 681 2602 758 Jacoho
2638 682 2887 752 Melane

666 797 1135 878 familiaribus,
1181 819 1262 863 ac
1305 795 1784 886 Christophoro
1829 793 2093 866 famulo
2133 797 2459 865 cubabat.
2508 799 2885 868 Luminum

653 914 1009 1005 ‚splendore
1040 936 1119 980 ac
1153 909 1403 1003 pedum
1451 936 1926 1002 armorumque
1956 915 2242 1004 strepitu
2272 917 2599 1003 primum
2634 916 2886 1004 proditis

665 1032 996 1111 hostibus,
1026 1030 1583 1121 christophorus,
1612 1029 1979 1122 repagulis,
2021 1043 2093 1098 et
2132 1034 2320 1101 omni
2365 1032 2885 1122 impedimento-

661 1173 817 1218 rum
861 1172 1095 1239 genere
1151 1149 1498 1239 apposito,
1543 1153 1793 1217 ostium
1837 1146 2088 1230 firmat.
2130 1149 2438 1217 Leander
2478 1152 2772 1238 ‘interim
2810 1175 2880 1218 cx

662 1264 950 1333 fenestra
993 1287 1113 1355 per
1155 1266 1649 1355 qninquaginta
1690 1263 2080 1333 cubitorum
2123 1268 2425 1356 spatium
2454 1289 2459 1296 ·
2488 1267 2576 1334 in
2652 1278 2875 1334 terram

660 1407 734 1452 se
776 1383 1090 1470 dejiciens
1145 1405 1290 1451 ossa
1358 1384 1653 1474 graviter
1692 1385 2060 1474 quassavit.
2105 1382 2288 1449 Eum
2330 1382 2758 1453 Vincentius
2802 1409 2879 1452 se-

659 1513 863 1569 cutus
907 1499 1315 1590 apprehensa
1359 1499 1695 1589 crepidine
1740 1497 2072 1569 fenestrae
2124 1512 2317 1568 tanta
2371 1499 2708 1591 agilitate
2760 1525 2878 1570 cor·

660 1620 835 1708 poris
878 1639 947 1685 se
990 1616 1265 1697 dimisit,
1296 1627 1379 1682 ut
1403 1613 1621 1684 levius
1658 1615 1900 1684 cadens
1944 1617 2273 1685 modicam
2315 1614 2712 1686 laesionem
2752 1642 2881 1686 sen-

659 1736 850 1801 serit.
903 1732 1248 1801 Gocconus
1309 1729 1597 1799 effractis
1665 1731 1884 1801 valvis
1934 1735 2354 1823 irrumpens,
2430 1733 2573 1799 uhi
2644 1734 2878 1802 hostem

659 1848 907 1939 fugisse
978 1847 1155 1916 videt
1175 1899 1194 1928 ,
1248 1851 1318 1914 in
1385 1847 1677 1938 reliquos
1743 1850 2009 1916 saevit:
2067 1847 2342 1917 Petrum
2414 1850 2772 1927 Iacobum
2824 1861 2881 1917 et

657 1965 1215 2056 christophorum
1262 1966 1656 2046 obtruncat;
1701 1988 1955 2055 capsas,
1998 1989 2307 2048 scamna,
2351 1977 2428 2033 et
2475 1967 2768 2035 tabulas
2805 1968 2878 2033 sd

657 2083 1123 2174 opprimendos
1168 2083 1413 2164 hostes,
1446 2093 1617 2173 quos
1646 2082 1841 2150 humi
1872 2083 2090 2171 jacere
2120 2084 2440 2174 putabat,
2471 2108 2585 2151 ex.
2607 2084 2878 2153 fenestra

657 2202 910 2288 dejicit.
957 2199 1276 2267 Ceterum
1322 2199 1674 2288 Scajolus,
1733 2214 1814 2268 ut
1880 2212 2023 2268 erat
2090 2202 2335 2283 nudus,
2385 2214 2626 2271 tracto
2670 2228 2877 2271 secum

656 2317 986 2398 Leandro,
1016 2318 1145 2385 sub
1179 2319 1340 2384 arcis
1373 2329 1574 2408 ponte
1602 2316 1893 2386 delituit.
1928 2309 2230 2385 Leander
2262 2334 2501 2409 postea
2534 2321 2877 2410 diligenter
2928 2391 2929 2404 ¹

655 2445 929 2502 curatus
976 2436 1319 2523 pristinam
1367 2432 1826 2501 valetudinem
1873 2435 2156 2524 recepit,
2200 2432 2416 2502 donec
2461 2459 2682 2503 senex
2728 2441 2879 2528 prio-

655 2574 809 2617 rum
853 2546 1024 2617 fortc
1068 2550 1390 2617 scelerum
1447 2573 1695 2639 poenas
1742 2549 1936 2618 luens
1980 2553 2050 2617 in
2095 2548 2325 2618 furore
2366 2554 2598 2619 vitam
2644 2552 2877 2623 finivit.

653 2668 769 2735 Ob
812 2667 978 2735 haec
1022 2682 1289 2757 patrata
1318 2665 1613 2736 facinora
1654 2690 1883 2735 rumor
1912 2680 2079 2749 erat,
2109 2667 2290 2734 Guel
2299 2667 2470 2758 phos
2502 2671 2880 2756 conjunctis

651 2786 856 2875 copiis
899 2787 972 2852 in
1015 2784 1251 2852 urbem
1298 2786 1633 2874 impeturn
1679 2782 2023 2864 facturos3
2067 2786 2299 2874 itaque
2336 2808 2504 2852 cura
2532 2792 2876 2854 moenium

652 2901 924 2969 Zobolis
967 2900 1397 2982 demandata,
1439 2899 1782 2990 firmisque
1836 2902 2096 2991 ubique
2154 2902 2500 2991 praesidiis
2547 2904 2877 2994 dispositis

655 3018 744 3084 ab
789 3020 974 3085 omni
1019 3030 1446 3085 externorum
1493 3020 1562 3084 vi
1610 3030 1800 3083 tutus
1846 3017 2137 3107 populus
2162 3015 2338 3085 ¹fuit.

685 3121 692 3128 ’
785 3133 1103 3201 Ceterum
1163 3134 1276 3200 illi·
1324 3135 1690 3200 Ferrariam
1750 3136 2042 3202 conversi
2111 3148 2193 3200 ut
2257 3135 2492 3202 caedes
2555 3138 2869 3205 caedibus

651 3249 990 3331 adderent,
1021 3254 1089 3317 in
1123 3253 1361 3316 itinere
1392 3249 1577 3317 aliud
1621 3249 1834 3317 scelus
1882 3243 2378 3340 aggrediuntur.
2427 3252 2867 3321 Vincentium

650 3369 830 3432 enim
878 3368 1157 3433 Mariam
1191 3366 1550 3448 Gamlnm,
1594 3371 1874 3434 unicum
1913 3368 2176 3435 Alberti
2218 3368 2467 3450 filium,
2513 3369 2695 3437 dum
2741 3386 2870 3438 stu·

648 3482 911 3549 diorum
958 3505 1157 3548 causa
1201 3483 1571 3551 Bononiam
1640 3483 2119 3575 proficiscitur,
2187 3488 2258 3553 in
2331 3486 2476 3572 ejus
2551 3488 2746 3555 urbis
2806 3501 2872 3555 et

611 3601 986 3667 'Ferrariae
1031 3596 1279 3665 finibus
1315 3593 1660 3669 Cocconus
1706 3623 1821 3690 per
1864 3604 2131 3669 sicarios
2175 3602 2534 3669 crudeliter
2585 3604 2873 3682 trucida-

641 3719 796 3796 vit3
842 3719 965 3782 etsi
1013 3715 1127 3781 alii
1175 3739 1214 3782 a
1258 3714 1571 3797 (hurbis,
1616 3720 1740 3808 qui
1785 3717 2115 3786 Marinam
2170 3717 2316 3805 ejus
2359 3743 2663 3787 sororem
2711 3743 2873 3790 uxo-

645 3858 790 3900 rem
860 3834 1154 3900 habebat
1175 3887 1193 3915 ,
1263 3847 1345 3902 ut
1411 3838 1485 3901 in
1550 3833 1964 3905 haereditate
2035 3837 2446 3918 succederet,
2488 3839 2562 3904 id
2584 3836 2872 3906 -facinus

649 3952 1013 4017 admissum
1077 3975 1212 4018 esse
1257 3953 1519 4021 volunt.
1568 3954 1829 4021 Lucam
1883 3957 2103 4022 etiam
2134 3951 2661 4037 Fontanellum,
2705 3956 2867 4024 licet

646 4080 1039 4136 neutrarum
1086 4073 1379 4160 partium
1425 4070 1771 4138 hominem
1795 4123 1817 4153 ,η
1859 4071 2039 4139 idem
2085 4072 2383 4141 occidere
2428 4072 2862 4153 decreveram

629 4187 760 4255 sed
803 4212 876 4256 re
919 4209 1159 4280 parum
1206 4210 1511 4284 prospere
1556 4202 1811 4267 tentata
1831 4241 1852 4273 ,
1883 4192 2109 4306 irritus
2135 4203 2417 4264 conatus
2447 4190 2622 4263 fuit:
2659 4216 2858 4285 quare
