2950 5017
656 439 664 448 ·
739 427 867 510 164
1468 440 1715 488 annom*
1745 419 2179 489 azcmsrmu'

729 568 1023 635 maxime
1049 561 1347 645 dolebat,
1376 563 1634 631 conscia
1679 581 1815 630 esse
1857 562 2216 642 videretur,
2244 556 2638 650 impellente
2664 558 2844 629 Rober·

726 658 949 749 torum
994 677 1280 747 factione
1296 729 1315 758 ,
1360 674 1695 745 Bonifacio
1738 677 2004 766 dignam
2051 675 2369 743 scelerum
2446 698 2713 764 poenam
2758 678 2843 740 im·

726 819 962 887 ponere
1007 795 1384 864 constituit.
1432 793 1533 861 Ac
1579 795 1809 860 statim
1879 794 1957 859 iis
2025 793 2143 881 qui
2210 790 2542 879 stipendia
2600 802 2840 879 perpetua

726 910 1079 1001 capiebant
1124 908 1252 977 hoc
1299 891 1398 974 e⁸st
1449 906 1634 974 mille
1703 898 2066 996 peditibus,
2110 918 2179 972 et
2222 904 2529 972 ducentis
2580 902 2838 993 equitibus

723 1049 882 1094 cum
928 1026 1180 1114 ingenti
1226 1035 1691 1091 montanorum
1738 1021 2088 1090 hominum
2119 1023 2310 1111 copia
2339 1019 2598 1087 eductis
2629 1018 2704 1085 ad
2726 1018 2838 1085 obei-

707 1142 1013 1230 ,dendum
1042 1139 1442 1208 Ganussium
1472 1138 1802 1217 Iacobum
1840 1139 2240 1206 Pennatium
2284 1136 2657 1205 Praetorem
2696 1135 2833 1200 misit.

722 1260 803 1326 In
848 1279 1110 1326 summo
1152 1256 1327 1327 colle
1370 1256 1441 1328 id
1487 1256 1811 1346 oppidum
1852 1255 2059 1341 jacet,
2085 1257 2157 1321 in
2183 1277 2323 1344 quo
2365 1252 2505 1322 loci
2547 1254 2674 1319 situ
2712 1260 2837 1316 tutus

723 1370 1104 1441 Bonifacius
1148 1383 1403 1442 nostros
1446 1373 1805 1461 irrumpere
1846 1381 2156 1438 conantes
2197 1369 2465 1458 saepius
2493 1364 2737 1456 repulit,
2764 1362 2833 1429 do·

720 1514 848 1557 nec
892 1492 1077 1559 omni
1104 1491 1294 1556 exitu
1322 1487 1614 1570 occluso,
1644 1487 1914 1555 tandem
1943 1485 2120 1556 fame
2153 1508 2509 1575 oppressus
2538 1507 2604 1550 se
2633 1479 2831 1547 dedidit.

720 1604 829 1671 Ita
871 1602 1216 1671 Mathildis
1261 1602 1677 1672 habitatione
1713 1601 1972 1669 celebre
2016 1600 2360 1667 castellum
2392 1602 2465 1666 in
2495 1596 2834 1687 Regiensium

722 1733 1119 1811 potestatem
1152 1725 1362 1800 venit,
1392 1732 1460 1785 et
1491 1719 1632 1787 solo
1663 1731 2022 1808 aequatum
2054 1715 2208 1784 fuit.
2250 1715 2633 1785 ‘Bonifacius
2671 1717 2832 1802 postea

725 1858 767 1900 a
807 1834 1159 1902 Clemente
1188 1831 1287 1901 lv
1331 1831 1651 1901 Pontifice
1697 1832 1891 1899 rebus
1934 1830 2251 1899 ecclesiae
2294 1828 2668 1898 Praefectus
2705 1824 2836 1912 (Ma-

723 1949 1132 2017 reschalcum
1176 1948 1606 2036 vocabant),
1651 1947 1886 2015 deinde
1932 1947 2021 2014 ab
2065 1947 2340 2016 Urbano
2396 1950 2712 2038 copiarum
2750 1944 2831 2006 im-

724 2078 986 2157 perator
1014 2064 1411 2145 declaratae,
1441 2065 1920 2133 Princivallum
1952 2064 2405 2147 Genuensem,
2436 2068 2554 2155 qui
2580 2057 2830 2131 manfredi

725 2187 895 2273 regis
969 2185 1234 2251 nomine
1307 2182 1624 2250 adversus
1689 2180 2079 2250 Pontificem
2154 2186 2522 2250 exercitum
2584 2177 2830 2252 ducebat,

723 2299 974 2390 praelio
1019 2302 1233 2367 victor
1276 2298 1565 2378 occidit;
1625 2297 1741 2365 sed
1803 2298 1873 2365 id
1939 2309 2092 2387 post
2122 2291 2127 2297 ’
2157 2301 2566 2367 novennium
2604 2292 2827 2379 contigit.

726 2416 806 2482 In
854 2415 1021 2481 urbe
1067 2438 1221 2482 vero
1262 2426 1482 2482 nostra
1528 2413 1829 2482 Caesaris
1895 2414 2086 2481 aedes
2149 2414 2469 2505 religiosis
2532 2406 2830 2484 hominihus

725 2553 1068 2598 concessae
1113 2526 1408 2595 fuerunt.
1452 2527 1914 2619 Superioribus
1958 2532 2137 2596 enim
2183 2533 2404 2611 annis,
2472 2532 2631 2596 sicut
2683 2533 2737 2588 et
2781 2521 2830 2582 in

729 2644 873 2714 aliis
917 2668 1089 2734 quae
1132 2667 1359 2712 secum
1404 2642 1668 2712 foedere
1713 2644 1984 2730 junctae
2029 2655 2215 2712 erant
2258 2644 2652 2721 civitatibus,
2691 2632 2831 2720 Regii

603 2813 608 2818 .
727 2761 1057 2851 palatium
1088 2761 1458 2851 Imperator
1490 2760 1840 2840 habuerat,
1870 2760 2050 2851 quod
2080 2784 2235 2830 cum
2263 2764 2338 2829 in
2372 2761 2639 2828 diversas
2666 2758 2829 2841 partes

731 2873 1006 2947 vocatus
1034 2901 1218 2968 pene
1259 2877 1503 2945 ‘inutile
1545 2876 1845 2958 haberet,
1888 2879 2192 2967 Regiens‘i
2234 2879 2546 2956 antistiti,
2586 2870 2687 2939 sibi
2721 2864 2827 2951 iure

731 3017 890 3060 cum
956 3018 1122 3082 opus
1190 3006 1355 3061 esset
1407 2996 1474 3060 in
1521 3017 1600 3062 eo
1641 2992 1992 3060 habitandi
2046 2989 2304 3061 'retento
2323 3044 2343 3074 ,
2391 2992 2738 3075 donaverat.
2776 2972 2829 3040 Id

734 3120 884 3176 tum
940 3107 1319 3175 Gulielmus
1390 3111 1663 3176 antistes
1707 3108 2213 3198 amplificandae
2258 3109 2581 3199 religionis
2620 3091 2826 3185 cupidus

733 3225 1317 3291 Franciscanorum
1363 3222 1681 3304 familiae,
1710 3248 1882 3312 quae
1913 3226 2089 3316 apud
2119 3252 2235 3295 nos
2255 3223 2645 3313 ‚jamdudum
2669 3210 2826 3281 sedem.

733 3350 1068 3428 posuerat,
1123 3340 1209 3405 ad
1255 3340 1663 3407 coenobium
1715 3339 2193 3410 aedificandum
2238 3367 2315 3410 ea
2359 3344 2506 3431 lege
2544 3325 2826 3404 ‘concessit‚

735 3467 815 3521 ut
859 3455 1235 3522 venientem
1278 3453 1627 3523 Caesarem
1672 3454 1960 3546 hospitio
2029 3462 2316 3550 recipere
2382 3462 2714 3526 teneretur,
2753 3432 2827 3504 “d

735 3593 815 3638 ea
839 3552 1123 3661 ‘quoque
1167 3570 1457 3640 conditio
1502 3582 1730 3660 postea
1775 3575 2041 3641 remissa
2086 3572 2237 3643 fuit.

868 3689 1158 3771 Quintus
1200 3688 1341 3774 jam
1378 3701 1755 3756 excesserat
1797 3713 2035 3773 annus,
2078 3714 2235 3757 cum
2277 3690 2578 3758 Castrum
2620 3674 2826 3745 Atiam·

733 3826 884 3869 rum
929 3803 1022 3869 ab
1062 3803 1372 3870 exulibus
1416 3818 1818 3895 occupatum
1864 3785 2112 3886 fuerat,
2146 3805 2328 3896 quod
2359 3827 2509 3872 cum
2538 3814 2680 3888 pace
2711 3783 2828 3850 inita

733 3942 868 3986 non
938 3922 1427 4002 restitueretur,
1493 3934 1910 3992 contumaces
1980 3924 2066 3990 ad
2136 3923 2526 3990 deditionem
2588 3890 2827 4018 compen}

734 4032 1007 4124 placuit.
1056 4036 1252 4103 Cives
1293 4039 1530 4127 itaque
1572 4050 1641 4104 et
1682 4041 1801 4130 qui
1845 4038 2168 4129 stipendia
2221 4036 2554 4106 merebant
2595 4047 2660 4090 eo
2696 4012 2825 4079 missi

609 4176 614 4182 ’
733 4149 1053 4221 machinis
1098 4175 1317 4224 muros
1360 4165 1636 4245 quatere
1680 4166 2074 4246 coeperunt,
2121 4178 2240 4224 nec
2283 4152 2591 4244 segniores
2630 4122 2821 4204 in0⁰l⁸⁶
