2950 5017
617 404 756 489 4¹²
1361 421 1602 469 annun
1660 422 2082 470 assumtum

618 546 745 612 tini
791 542 1050 634 templo
1108 542 1452 611 humiliter
1503 543 1832 612 tumulari
1884 546 2175 614 curavit.
2227 543 2493 613 Interea
2544 545 2850 637 Regium

617 662 759 730 sine
800 661 1277 727 intermissione
1316 660 1771 742 muniebatur,
1800 660 1996 748 cujus
2026 657 2426 751 praefectus,
2457 685 2555 728 ne
2589 666 2847 731 otiosus

616 777 902 858 sederet,
944 800 1103 845 cum
1147 776 1503 846 Gallorum
1550 780 1853 846 exercitu
1897 778 2236 848 Mutinam
2283 802 2510 848 versus
2564 779 2841 848 obviam

616 891 922 962 hostibus
975 916 1296 983 egressus,
1343 917 1552 985 usque
1596 894 1682 966 ad
1728 907 1989 984 portam
2045 906 2315 962 sanctae
2362 879 2615 963 Crucis
2663 917 2842 985 agros

616 1008 918 1100 undique
962 1023 1065 1077 est
1107 1009 1601 1101 depopulatus3
1637 1010 1908 1079 tandem
1940 1009 2269 1097 Matzaja,
2288 1034 2497 1102 parvo
2530 1012 2837 1093 castello,

616 1139 975 1216 occupata,
1019 1126 1203 1194 Galli
1252 1150 1369 1217 per
1411 1127 1839 1217 Regiensium
1910 1128 2177 1216 praedia
2239 1127 2436 1197 divisi
2496 1141 2833 1210 armenta,

617 1258 690 1310 et
754 1266 1127 1334 pauperum
1193 1243 1684 1335 supellectilem
1739 1243 2065 1313 hostiliter
2107 1244 2389 1335 diripere
2440 1262 2834 1336 coeperunt.

615 1359 868 1429 Verum
915 1364 1176 1442 rustici,
1225 1361 1495 1451 pulsata
1539 1384 1899 1451 campana,
1945 1364 2281 1452 armisque
2327 1365 2697 1452 correptis,
2739 1363 2839 1430 de-

614 1476 1092 1545 bacchantium
1136 1477 1491 1545 libidinem
1538 1478 1871 1568 paulisper
1916 1500 2310 1568 repressere,
2353 1502 2444 1545 ex
2489 1479 2838 1569 praedoni-

614 1594 748 1663 bus
799 1618 971 1686 quos
1033 1608 1355 1685 ceperunt
1408 1598 1645 1687 viginti
1699 1598 2005 1687 quinque
2056 1596 2346 1686 Regium
2403 1597 2729 1687 perducti
2775 1600 2837 1664 in

615 1711 892 1781 vincula
934 1711 1222 1799 conjecti
1268 1710 1476 1779 fuere.
1531 1711 1612 1779 In
1668 1712 2008 1780 suburbiis
2049 1735 2208 1781 vero
2252 1712 2661 1802 Alphonsus
2712 1728 2838 1781 tnr-

615 1829 744 1896 rim
788 1831 998 1895 sancti
1041 1827 1339 1918 Prosperi
1361 1879 1382 1910 ,
1433 1851 1611 1919 quae
1658 1830 1970 1895 restituta
2015 1825 2266 1910 fuerat,
2312 1829 2631 1921 undique
2677 1833 2839 1896 exci-

614 1965 787 2026 sam,
833 1944 1137 2012 trabibus
1183 1967 1352 2035 quos
1397 1957 1800 2033 apposuerat
1842 1946 2207 2026 succensis,
2250 1944 2532 2032 dejecit,
2582 1945 2835 2014 Gallos-

616 2081 754 2150 que
813 2059 897 2126 ad
950 2060 1134 2131 urbis
1197 2061 1600 2149 praesidium
1654 2060 2030 2129 introduxit
2057 2062 2159 2129 (ι).
2204 2061 2454 2130 Contra
2501 2061 2836 2131 Pontificis

616 2178 879 2266 copiae,
933 2177 1346 2267 Formigino,
1402 2177 1683 2268 aliisque
1749 2178 2157 2269 ignobilibus
2225 2181 2458 2245 castris
2517 2178 2829 2248 'I'oanum

617 2316 835 2383 usque
877 2292 1177 2384 direptis,
1208 2293 1537 2363 Saxolnm
1585 2318 1843 2385 cepere.
1876 2293 2013 2361 Sed
2043 2295 2209 2361 dum
2238 2297 2304 2362 in
2338 2294 2827 2367 Mutinensinm

617 2409 905 2478 castellis
971 2413 1431 2502 expugnandis
1502 2413 1922 2493 detinentur,
1967 2412 2308 2503 Carpum,
2364 2415 2575 2506 quod·
2638 2414 2828 2504 paulo

617 2541 775 2596 ante
818 2542 1343 2644 occupaverant,
1388 2529 1745 2598 Gallorum
1795 2532 1993 2597 armis
2036 2530 2393 2597 subactum
2439 2534 2825 2599 amiserunt.

754 2646 835 2713 In
879 2644 982 2714 bis
1027 2650 1357 2714 aerumnis
1402 2652 1582 2715 cives
1627 2651 1751 2715 etsi
1799 2651 2089 2715 externis
2134 2646 2331 2716 bellis
2362 2645 2643 2754 afflicti,
2676 2673 2827 2717 non·

617 2760 783 2828 dum
813 2766 1092 2853 antiquo
1121 2763 1271 2831 odio
1300 2762 1598 2853 deposito
1644 2766 1825 2831 intus
1869 2766 1939 2831 in
1986 2788 2058 2831 se
2103 2765 2226 2855 ipsi
2260 2788 2443 2831 arma
2476 2765 2824 2832 crudeliter
2924 2815 2925 2834 2

616 2891 1106 2948 converterunt.
1152 2880 1348 2947 Bebii
1396 2884 1580 2948 enim
1626 2878 1862 2948 fratres
1905 2879 2116 2949 effuso
2160 2873 2482 2972 sanguine
2526 2881 2821 2951 nondum

615 2998 840 3062 satiati
872 2997 1213 3087 Aguigna,
1261 2998 1377 3064 ubi
1419 2996 1816 3088 exulabant,
1859 2997 2226 3079 discessere,
2258 3020 2336 3065 ac
2364 2998 2646 3068 Petrino
2679 2997 2822 3065 Pra-

618 3115 872 3180 tonerio
916 3117 1318 3195 comitante,
1360 3126 1573 3183 noctu
1618 3113 1796 3180 clam
1842 3116 2108 3187 moenia
2164 3114 2560 3183 scandentes
2605 3119 2677 3184 in
2721 3138 2822 3205 pa-
2872 3193 2881 3202 ,

613 3232 820 3296 rentis
886 3230 1161 3297 aedibus
1227 3253 1295 3296 se
1361 3231 1823 3313 occultarunt,
1875 3236 1996 3321 qui
2067 3230 2242 3300 filios
2309 3232 2492 3322 apud
2558 3256 2633 3300 se
2698 3255 2822 3300 esse

615 3346 947 3434 ignorans,
975 3370 1130 3413 cum
1166 3359 1390 3413 tamen
1437 3351 1509 3415 in
1556 3351 1723 3416 urbe
1771 3352 2011 3416 versari
2058 3353 2504 3438 persensisset,
2548 3348 2819 3436 Scajolis

619 3474 699 3528 ut
741 3462 869 3528 sibi
913 3475 1194 3530 caveant
1240 3487 1354 3552 per
1400 3470 1722 3534 nuncium
1763 3466 2147 3534 humaniter
2174 3465 2654 3555 significan-Hi
2684 3479 2816 3536 toto

617 3580 760 3661 die,
800 3583 920 3671 qui
960 3580 1209 3648 Christi
1256 3586 1678 3651 nativitatem
1727 3587 2099 3674 praecessit,
2143 3584 2327 3654 domi
2371 3608 2443 3653 se
2486 3587 2816 3653 continue·

616 3711 791 3766 rant.
836 3697 1137 3766 Demum
1182 3700 1631 3789 Hieronymus
1675 3702 1981 3783 Fossius,
2025 3704 2145 3794 qui
2191 3713 2261 3769 et
2303 3706 2446 3792 ipse
2491 3704 2671 3770 intra
2711 3702 2817 3770 do·

618 3817 925 3884 mesticos
971 3818 1248 3904 parietes
1293 3840 1506 3907 usque
1554 3818 1640 3885 ad
1688 3819 2005 3886 ultimam
2065 3842 2407 3909 vesperam
2461 3829 2812 3900 manserat,

617 3927 761 3998 fato
805 3931 1135 4022 impulsus
1176 3956 1249 4001 se
1296 3937 1639 4002 exiturum
1702 3948 1773 4003 et
1833 3934 2006 4005 forte
2065 3960 2186 4027 pro
2229 3936 2547 4006 omnibus
2587 3956 2810 4027 poenas

694 4166 782 4236 (ι)
815 4165 916 4222 Die
947 4186 1082 4223 xxxx
1115 4169 1418 4240 septembris
1451 4188 1591 4223 unx.
