2950 5017
938 427 1138 473 Lissa
1182 428 1427 473 ramus
2185 410 2268 475 33

44 547 403 640 supplices
450 551 720 639 petiere.
767 548 1118 617 Caeterum
1164 550 1260 616 Μ.
1307 548 1626 617 Claudius
1655 547 2002 616 Marcellus
2032 560 2100 616 et
2121 548 2259 618 Cn.

45 664 425 734 Cornelius
447 662 670 754 Scipio
682 663 932 731 Calvus
954 667 1021 731 in
1045 677 1432 753 sequentem
1459 687 1711 730 annum
1732 686 1892 731 coss.
1916 664 2264 754 designati,

44 801 207 846 cum
258 778 464 846 haud
510 778 908 846 mediocrem
951 778 1228 867 gloriam
1270 801 1357 845 ex
1399 763 1629 846 futuro
1670 777 1848 846 bello
1893 793 2250 868 sperarent,
2351 844 2356 848 .

44 918 201 961 eam
232 898 313 962 in
348 893 611 962 Senatu
644 894 1003 961 dissuasere
1021 893 1137 980 β).
1171 894 1412 977 Quare,
1443 892 1799 983 desperatis
1828 894 2048 974 rebus,
2076 894 2263 961 Galli

44 1023 451 1077 extremam
497 1008 713 1076 aleam
777 1009 1090 1090 subituri,
1161 1013 1430 1099 triginta
1485 1008 1788 1077 millibus
1832 1010 2264 1078 Gessatarum

46 1126 450 1205 conductis,
492 1128 715 1192 statim
748 1127 987 1191 Aeetas
1023 1124 1260 1191 urbem
1288 1109 1486 1214 supra
1515 1125 1774 1212 Padum
1804 1129 2084 1214 positam
2117 1151 2266 1194 mu-

50 1245 302 1324 niunt,
344 1265 556 1332 quam
602 1239 926 1309 Consules
969 1244 1241 1308 ineunte
1284 1264 1460 1322 vere,
1504 1244 1708 1330 copiis
1755 1241 2037 1321 eductis,
2081 1257 2263 1330 arcta

53 1358 429 1426 obsidione
472 1360 848 1424 cinxerunt.
898 1356 1353 1425 Viridomarus
1395 1381 1514 1424 rex
1557 1357 1786 1423 decem
1816 1357 2114 1424 millibus
2142 1361 2259 1423 de-

54 1472 408 1542 lectorum
453 1472 881 1539 Gessatarum
925 1474 1304 1560 assumptis,
1347 1475 1528 1561 prius
1568 1483 1865 1540 nostram
1909 1474 2273 1560 circumpa-

56 1589 321 1656 danam
370 1590 701 1678 regionem
747 1610 957 1677 nuper
1002 1588 1457 1656 Romanorum
1483 1589 1759 1676 imperio
1792 1586 2123 1673 adjectam
2154 1587 2267 1653 de-

62 1705 474 1796 populatus,
538 1717 610 1769 et
677 1707 816 1793 ipse
859 1704 1259 1772 Clastidium
1303 1704 1624 1793 oppidum
1673 1706 1741 1780 in
1789 1703 2016 1770 Gallia
2058 1702 2269 1771 Cisal-

66 1825 247 1910 pina
287 1820 740 1888 Romanorum
786 1819 1066 1887 obsedit.
1111 1820 1262 1903 Qua
1293 1843 1364 1886 re
1394 1823 1686 1909 cognita,
1728 1818 2271 1898 Marcellus,·col-

65 1937 231 2027 lega
278 1936 365 2003 ad
410 1939 649 2003 Aeetas
679 1935 937 2017 relicto,
967 1959 1123 2003 cum
1155 1936 1468 2026 expedita
1501 1959 1705 2003 manu
1735 1934 2062 2026 praelium
2089 1960 2296 2016 ¹cotn-⁴

74 2056 425 2134 missurus,
472 2053 772 2122 hostibus
819 2056 1122 2121 occurrit.
1175 2054 1394 2121 Primo
1463 2075 1810 2142 congressu
1855 2050 2267 2122 Viridomaro

66 2169 264 2236 hasta
310 2164 655 2247 transfixo,
699 2167 1101 2258 reliquisque
1158 2167 1371 2235 Gallis
1426 2167 1807 2257 profligatis,
1854 2170 2076 2257 opima
2119 2169 2271 2244 Jovi

66 2284 366 2352 Feretrio
406 2283 619 2374 spolia
662 2296 886 2372 postea
938 2283 1289 2350 dedicavit.
1346 2284 1675 2350 Advorsae
1727 2286 1819 2350 rei
1871 2282 2052 2350 fama
2109 2283 2269 2351 socii

70 2403 425 2490 perterriti,
471 2399 720 2468 relictis
762 2402 1016 2480 Aceris,
1046 2400 1287 2489 trepidi
1316 2398 1769 2474 Mediolanum
1802 2397 2265 2489 confugerunt,

74 2541 250 2607 quos
290 2517 538 2609 oppido
582 2518 725 2604 jam
768 2516 1112 2586 Cornelius
1155 2520 1407 2606 potitus
1450 2520 1844 2607 insequitur.
1890 2517 2057 2586 Mox
2094 2520 2270 2586 intra

76 2656 327 2724 paucos
371 2633 511 2699 dies
556 2632 907 2699 Marcellus
952 2631 1354 2714 Mediolano,
1400 2632 1741 2699 Insubriae
1772 2632 2147 2721 metropoli,
2191 2654 2269 2697 ac

81 2750 349 2815 caeteris
401 2747 661 2837 oppidis
714 2750 948 2837 captis,
1000 2746 1324 2836 reliquam
1381 2746 1676 2815 Galliam
1729 2746 2135 2836 Cisalpinam
2193 2770 2272 2813 eo

88 2884 261 2929 anno
305 2862 692 2928 victricibus
736 2865 933 2929 armis
983 2862 1328 2930 subactam
1375 2863 1831 2930 Romanorum
1876 2860 2111 2927 ditioni
2158 2859 2271 2924 ad-

88 2975 287 3043 didit.
334 2974 580 3045 Eorum
626 3000 770 3046 mos
814 2989 954 3044 erat
997 2981 1063 3044 in
1114 2990 1314 3043 terras
1360 2976 1539 3043 bello
1583 2988 1828 3065 partas,
1860 2974 2018 3040 inde
2047 2974 2275 3059 ejectis

94 3093 393 3182 regibus,
420 3094 751 3163 Praetores
795 3117 950 3161 cum
996 3095 1270 3183 imperio
1298 3093 1406 3179 jus
1436 3094 1750 3173 dicturos,
1779 3103 1850 3157 et
1879 3092 2274 3175 Quaestores

96 3209 350 3277 tributa
392 3222 741 3279 exacturos
786 3214 1082 3292 mittere,
1129 3210 1323 3298 cujus
1391 3211 1649 3299 imperii
1716 3189 1940 3298 specie·
1983 3210 2274 3296 regiones

96 3327 156 3396 in
198 3327 578 3415 provinciae·
625 3323 907 3396 formam
952 3327 1234 3414 redigere
1279 3326 1693 3398 dicebantur.
1737 3324 1914 3392 Cum
1947 3324 2016 3388 id
2060 3326 2274 3412 primo

98 3443 157 3507 in
200 3439 458 3522 Sicilia,
501 3465 667 3510 mox
709 3446 779 3510 in
825 3442 1151 3524 Sardinia,
1197 3454 1266 3508 et
1307 3444 1584 3508 caeteris
1638 3440 1871 3508 deinde
1918 3441 2129 3528 captis
2174 3463 2277 3505 re·
2319 3429 2324 3434 ¹

100 3557 391 3642 gionibus
439 3558 861 3626 observatum
906 3555 992 3628 (²)
1037 3553 1304 3638 fuisset,
1338 3555 1583 3636 evenit,
1630 3567 1706 3621 ut
1752 3566 1922 3643 quot
1966 3556 2035 3621 in
2082 3553 2280 3621 ditio-

106 3694 244 3740 nem
292 3674 652 3742 veniebant
693 3675 1102 3765 provinciae,
1149 3673 1427 3743 totidem
1470 3676 1544 3739 in
1586 3694 1695 3737 eas
1739 3668 2043 3737 mittendi
2087 3669 2281 3736 Prae·

112 3797 266 3856 tores
306 3801 701 3860 crearentur.
746 3791 826 3859 In
870 3790 1215 3858 subactam
1259 3793 1492 3879 itaque
1537 3786 1830 3854 Galliam
1869 3783 2276 3876 Cisalpinam

186 4047 263 4111 (ι)
290 4046 509 4101 Plutus-c.
546 4049 631 4101 nbi
668 4003 778 4118 supi

119 4128 129 4139 ⁶
186 4137 258 4208 (¹)
288 4139 347 4193 C.
380 4141 623 4212 Pomponi.
658 4143 747 4194 lib.
780 4160 811 4194 a
846 4143 909 4196 de
943 4142 1070 4214 orig.
1104 4141 1287 4194 dumis.
