2950 5017
904 409 1104 456 mn
1147 402 1423 456 mnus
2116 394 2247 460 223

51 545 212 601 tum
250 531 574 599 invasisse
617 524 787 596 falso
829 527 1059 595 scribit
1085 524 1189 597 (¹).
1235 527 1503 595 Nuncio
1546 529 1659 597 rei-
1682 549 1984 618 prospere
2027 541 2249 619 gestae

55 648 138 715 ad
213 648 612 737 proscriptos
678 643 1101 712 Caesarianos
1168 642 1378 712 allato
1444 653 1597 734 post
1657 643 1992 712 meridiem
2060 656 2248 714 sexto

53 761 373 830 calendas
417 758 769 840 februarii,
828 782 965 848 quo
1025 759 1131 825 die
1192 758 1645 847 Chrysostomi
1707 761 2023 828 memoria
2080 759 2250 826 cele-

56 880 329 958 bratur,
374 874 605 957 Sessii,
647 890 715 942 et
760 875 1123 964 Ugolinus,
1167 875 1582 955 Matthaeus,
1625 874 2006 944 Bartolinus
2046 876 2250 945 Nico-

57 995 351 1085 lausque
394 991 689 1061 Folleani
733 989 967 1058 fratres
1012 1014 1169 1058 cum
1216 991 1548 1072 Robertis,
1590 1004 1659 1058 et
1703 989 2087 1073 Manfredis,
2129 992 2250 1059 Gi-

56 1112 392 1201 bertoque
451 1108 745 1198 corrigio
805 1130 965 1174 cum
1011 1108 1467 1175 Parmensium
1535 1110 1740 1196 copiis
1809 1105 2252 1198 subsequente

61 1227 354 1316 Regium
398 1248 664 1292 venere.
710 1223 964 1289 Deinde
1007 1222 1315 1290 calendas
1376 1219 1689 1290 februarii
1752 1246 2004 1303 arcem,
2046 1247 2250 1314 quam

62 1343 318 1407 civium
363 1338 711 1428 compedes
755 1359 893 1404 esse
937 1338 1320 1419 cernebant,
1361 1335 1664 1405 funditus
1704 1351 2112 1406 everterunt.
2158 1339 2254 1430 At

64 1457 400 1547 Corrigius
471 1479 628 1523 cum
701 1454 954 1522 diutius
1022 1458 1089 1522 in
1160 1454 1329 1521 urbe
1391 1444 1765 1524 moraretur
1837 1455 2257 1545 occupandae

65 1571 392 1640 libertatis
431 1571 692 1639 civibus
734 1572 1180 1661 suspicionem
1225 1570 1476 1656 injecit.
1538 1572 1835 1639 Demum
1879 1571 2000 1638 ubi
2047 1595 2256 1661 popu-

69 1687 213 1755 lum
257 1700 490 1755 contra
533 1710 603 1754 se
647 1708 831 1753 arma
877 1690 1233 1776 sumpsisse
1273 1689 1498 1762 sensit,
1543 1684 1686 1755 foro
1731 1710 1808 1752 ac
1849 1685 2256 1778 reipublicae

73 1804 350 1871 aedibus
390 1805 457 1871 in
504 1805 736 1893 primis
780 1806 1121 1893 occupatis
1152 1828 1285 1872 non
1317 1827 1563 1893 paucos
1592 1802 1974 1870 trucidavit.
2013 1802 2258 1871 Sedato

75 1919 339 1987 tandem
383 1919 688 1987 tumultu
732 1919 1067 1988 discedens
1130 1920 1363 1987 urbem
1441 1919 1530 1986 ab
1589 1922 1772 1988 omni
1834 1930 2026 1986 metu
2091 1919 2258 1986 libe-

75 2059 212 2103 ram
256 2036 530 2104 dimisit.
563 2036 868 2106 Canussii
900 2037 1359 2106 Atestinornm
1411 2034 1704 2104 fautores
1745 2039 1815 2102 in
1861 2039 2077 2124 patria
2117 2058 2258 2102 ma·

76 2176 219 2220 nere
264 2176 402 2221 non
447 2154 588 2219 ausi
633 2155 703 2220 in
749 2176 872 2221 sna
918 2176 986 2221 se
1030 2153 1308 2221 castella
1370 2164 1792 2243 receperunt.
1838 2152 2062 2219 Turris
2104 2174 2258 2221 vero

79 2291 245 2358 quae
286 2267 597 2358 Episcopi
633 2268 935 2351 dicitur,
1001 2292 1158 2336 cum
1232 2268 1396 2337 villa
1439 2268 1702 2349 Budrii,
1765 2267 2028 2358 aliaque
2084 2291 2259 2357 quae

83 2383 500 2475 Regiensibus
561 2385 881 2476 adempta
940 2383 1214 2457 fuerunt
1281 2387 1453 2468 loca,
1514 2386 1892 2453 humaniter
1949 2387 2260 2452 restituta

84 2498 276 2569 fuere.
322 2500 681 2570 Caeterum
714 2502 1145 2571 Bon'acossius
1177 2502 1488 2593 Scaligeri
1519 2502 1769 2570 auxilio
1797 2501 2148 2591 Regiolum
2186 2504 2258 2568 vi

86 2620 272 2706 cepit,
311 2640 389 2685 ac
434 2618 754 2709 praesidio
806 2620 1114 2710 imposito
1168 2643 1413 2710 magno
1462 2643 1619 2686 cnm
1666 2618 2085 2708 Regiensium
2143 2615 2261 2684 do·

89 2730 246 2814 lore,
271 2737 386 2824 qui
413 2757 486 2802 se
524 2733 840 2804 dextrum
886 2735 1168 2807 oculum
1217 2738 1502 2804 amisisse
1542 2734 2013 2826 querebantur,
2036 2734 2260 2800 -muni-

91 2859 231 2915 tum
268 2850 565 2918 retinuit.

165 4154 242 4227 (¹)
267 4154 447 4214 thud.
482 4158 576 4213 lib.
606 4178 677 4228 x,
709 4160 815 4216 dec.
847 4178 899 4214 s.
