2950 5017
618 393 748 463 388
1370 391 1615 466 hanun
1655 414 2079 463 ateramum

608 531 933 632 Pluribus
986 533 1492 602 comitantibus·
1515 533 1791 625 Regalis
1813 585 1833 616 ,
1891 546 2044 627 post
2098 547 2204 602 tre
2264 532 2404 603 dies
2448 534 2835 605 discessere.

613 648 942 720 Eleonora
974 671 1244 748 quoque
1274 650 1576 719 Herculis
1624 676 1797 744 uxor
1840 665 1909 719 et
1953 655 2098 743 ipsa
2140 653 2329 742 Regii
2377 675 2623 743 magno
2673 676 2831 721 cum

614 766 866 836 honore
926 767 1235 858 suscepta
1296 765 1452 835 fuit.
1504 767 1593 835 Ei
1641 769 1935 836 Andreas
1983 768 2312 851 Zobolus,
2365 772 2532 836 civis
2586 770 2832 860 opibus

616 881 929 966 affluens,
972 888 1267 976 primum
1311 884 1757 954 ducentorum
1815 909 2168 954 aureorum
2204 913 2219 926 -·
2238 886 2510 984 publice
2580 911 2831 954 munus

615 987 893 1083 obtulit,
937 1013 1146 1091 atque
1191 1000 1327 1068 alia
1372 1002 1680 1091 quotidie
1724 1001 1933 1070 donec
1977 1002 2171 1083 abiit,
2220 1005 2342 1091 qui
2392 1000 2529 1069 fnit
2570 1026 2682 1069 vn
2714 1026 2830 1070 oc-

616 1118 855 1199 tobris,
919 1118 1094 1187 dona
1158 1117 1526 1186 liberaliter
1592 1118 1995 1187 cumulavit.
2064 1118 2247 1187 Cum
2283 1142 2462 1188 ‘vero
2509 1120 2827 1187 Hercules

613 1236 970 1304 Isabellam
1013 1234 1224 1304 filiam
1267 1236 1619 1304 Francisco
1665 1234 1982 1326 Gonzago
2030 1239 2096 1303 in
2146 1238 2571 1305 matrimonio
2632 1236 2829 1305 ‘collo-

613 1367 864 1435 casset,
889 1375 1029 1421 nec
1094 1356 1376 1444 pecunia
1438 1352 1810 1422 exhaustus
1850 1352 2053 1422 facile
2097 1353 2323 1422 dotem
2391 1353 2475 1420 ad
2546 1377 2831 1420 manum

617 1472 919 1553 haberet,
948 1471 1033 1538 ad
1064 1471 1347 1563 populos
1400 1471 1765 1551 onerandos
1812 1474 2222 1552 convertitur
2264 1473 2581 1546 severiore
2635 1475 2834 1538 misso

615 1569 991 1681 quaestore,
1022 1593 1141 1681 qui
1181 1589 1513 1656 indictum
1545 1588 1982 1677 Regiensibus
2027 1588 2362 1655 tributum
2406 1588 2645 1654 durius
2693 1592 2835 1654 exi-

617 1720 845 1798 geret:
894 1709 1102 1778 trium
1169 1708 1385 1796 primo
1452 1704 1749 1774 millium
1794 1704 2197 1774 ducatorum
2248 1728 2583 1772 summam
2634 1704 2834 1773 colle-

618 1797 756 1914 git3
801 1837 1028 1913 postea
1072 1845 1234 1889 cum
1278 1823 1484 1890 etiam
1516 1844 1634 1911 pro
1665 1822 2002 1902 Beatrice,
2034 1844 2241 1911 quam
2271 1821 2618 1892 Ludovico
2653 1818 2837 1890 Sfor·

614 1942 751 2007 tiae
796 1952 997 2006 antea
1041 1937 1520 2028 desponderat,
1564 1937 1699 2004 alia
1743 1937 1904 2027 dote
1963 1938 2092 2006 sibi
2157 1962 2322 2028 opus
2365 1962 2501 2005 esse
2544 1937 2832 2018 diceret,

619 2059 833 2125 auctis
878 2056 1336 2145 vectigalibus,
1363 2078 1541 2145 quae
1585 2079 1703 2145 pro
1746 2056 2241 2126 introducendis
2283 2060 2354 2123 in
2399 2055 2644 2123 urbem
2690 2053 2834 2122 fru-

616 2174 811 2265 gibus
854 2171 1240 2253 solvuntur,
1290 2170 1486 2260 longe
1541 2172 1862 2258 majorem
1917 2175 2242 2263 pecuniae
2293 2195 2639 2256 summam
2670 2195 2833 2238 con-

616 2293 849 2358 traxit.
896 2291 1015 2356 His
1074 2286 1236 2355 alias
1297 2288 1570 2376 nuptias
1630 2289 1911 2372 addidit.
1956 2290 2226 2378 Annam
2281 2292 2458 2356 enim
2498 2286 2832 2357 Sfortiam

616 2408 891 2485 Joannis
920 2404 1248 2473 Galleacii
1278 2403 2224 2487 Mediolani'Ducissororem,
2255 2430 2463 2496 quam
2486 2405 2833 2496 Alphonso

616 2522 760 2592 filio
808 2546 1088 2590 uxorem
1134 2520 1431 2601 dederat,
1461 2521 1741 2589 domum
1789 2522 2126 2591 traduxit:
2159 2524 2252 2592 ob
2280 2546 2487 2613 quam
2520 2523 2830 2613 pluribus

614 2641 794 2709 ludis
837 2640 1174 2708 Ferrariae
1225 2640 1456 2721 editis,
1500 2643 1707 2708 etiam
1749 2640 2191 2732 Regiensibus
2260 2641 2647 2731 ademptam
2722 2665 2834 2709 cu-

614 2757 869 2825 dendae
899 2770 1206 2827 monetae
1244 2754 1644 2825 facultatem
1690 2760 2006 2827 restituit.
2050 2757 2203 2825 Sub
2248 2759 2316 2825 id
2365 2771 2636 2849 tempus
2683 2757 2835 2825 reli·-

616 2876 814 2964 giosis
855 2875 996 2942 <nvi
1038 2874 1434 2963 Augustini,
1490 2875 1612 2965 qui
1671 2873 1872 2964 vulgo
1917 2872 2447 2976 conventuale&
2469 2886 2832 2956 vocantur,

614 2989 943 3080 expulsis,
988 2989 1139 3070 alii,
1181 2993 1302 3082 qui
1348 2989 1799 3057 Observantes
1845 3002 2353 3080 nuncupantur,
2397 3013 2631 3058 eorum
2680 2990 2826 3060 loco

611 3121 777 3175 sunt
818 3106 1192 3176 substituti.
1248 3105 1406 3176 Non
1459 3106 1681 3175 multo
1747 3118 1898 3197 post
1964 3106 2472 3191 Bonfranciscns
2514 3106 2825 3176 Arlottus

616 3222 805 3311 Regii
851 3222 1178 3303 Antiates,
1221 3226 1342 3312 qui
1386 3222 1660 3290 celebris
1703 3221 2241 3310 jurisconsultus,
2309 3236 2381 3289 et
2449 3222 2823 3312 theologiae
2904 3229 2919 3234 ”

617 3338 850 3407 doctor
894 3339 1150 3407 Romae
1218 3362 1337 3428 pro
1380 3338 1573 3405 Duce
1619 3327 1923 3407 Hercule*
1974 3352 2195 3409 orator
2261 3337 2527 3420 fuerat,
2572 3340 2820 3407 decimo

615 3453 924 3523 secundo
951 3452 1259 3521 calendas
1300 3456 1692 3544 septembris
1736 3457 2025 3547 Regium
2070 3459 2299 3526 venit:
2348 3460 2409 3524 ei
2457 3459 2639 3525 cives
2698 3480 2821 3522 ma-

539 3551 546 3574 *
616 3594 748 3662 gno
790 3571 1015 3639 studio
1059 3572 1366 3638 certatim
1411 3572 1890 3655 obviaverunt,
1934 3575 2182 3664 quibus
2233 3573 2350 3639 ille
2404 3572 2680 3664 plenam
2730 3593 2818 3639 er-

613 3712 841 3759 rorum
886 3688 1375 3778 indulgentiam
1422 3712 1462 3756 a
1508 3688 1831 3760 Pontifice
1875 3691 2110 3758 attulit
2140 3692 2238 3759 (¹).
2293 3689 2503 3760 Pleno
2561 3688 2708 3760 foro
2754 3701 2819 3755 et

611 3804 894 3895 templo,
940 3805 1472 3875 ministrantibus
1520 3810 1890 3889 canonicis,
1938 3832 2179 3902 magna
2231 3830 2480 3898 pompa
2522 3829 2819 3897 -vesperas

485 3977 488 3986 .
609 3922 1023 3991 decantavit.
1071 3923 1396 3993 Postridie
1436 3949 1661 3994 coram
1708 3929 2196 4017 quinquaginta
2248 3925 2560 3996 millibus
2611 3924 2815 3995 homi-

689 4155 775 4228 (ι)
809 4155 909 4209 Die
944 4156 1126 4213 ultima
1157 4157 1385 4214 octobris
1417 4176 1677 4216 umcoxo.
