2950 5017
909 394 1108 441 mm
1149 396 1425 444 manus
2120 398 2201 446 21
2218 399 2248 446 1

27 514 245 583 ribus
314 525 554 582 autam
619 515 678 581 is
734 511 1013 584 Obieins
1054 528 1330 586 vocatus
1385 517 1709 599 creditur,
1742 519 1868 609 qui
1912 538 1954 585 a
1998 518 2257 589 Latinis

25 631 306 723 Opiter
346 631 573 700 dictus
618 634 887 700 vivente
932 632 1150 701 adhuc
1193 658 1320 704 avo
1363 648 1619 726 patrem
1667 637 1915 704 amisit.
1959 633 2257 705 Gerar-do

25 750 270 838 igitur
298 747 655 818 Guaciono
683 747 1138 831 Cremonensi,
1173 754 1295 842 qui
1335 754 1412 819 in
1452 754 1701 842 primos
1746 775 1866 819 sex
1907 751 2052 839 ejus
2095 753 2257 822 anni

25 886 326 932 menaea
398 875 662 954 praetor
727 863 979 934 electus
1043 862 1300 948 fixerat,
1367 868 1760 957 magistratu
1824 879 2260 937 exauctorato

27 983 304 1049 civitas
351 981 671 1049 ducentas
713 980 1059 1072 Regienses
1104 982 1304 1063 libras
1354 984 1474 1070 (id
1517 997 1824 1053 semestre
1867 985 2262 1055 Praeturam

31 1095 502 1165 honorarium
547 1098 737 1185 erat)
782 1119 901 1186 pro
946 1108 1028 1165 ut
1066 1097 1214 1185 jure
1274 1099 1629 1167 tenebatur
1693 1101 2060 1169 liberaliter
2116 1124 2264 1191 per·

25 1211 266 1282 solvit
309 1214 414 1279 (¹).
474 1212 753 1282 Obicius
803 1237 958 1283 vero
1025 1238 1180 1282 cum
1227 1217 1425 1285 Actio
1490 1215 1629 1284 filio
1692 1218 1950 1287 decimo
2019 1229 2263 1286 octavo

35 1327 386 1397 calendas
429 1326 744 1396 februarii
788 1332 1084 1397 maximo
1129 1331 1467 1420 peditum,
1499 1334 1939 1423 equitumque
1983 1353 2261 1401 numero

35 1447 306 1513 urbem
354 1448 675 1535 ingressus
704 1444 987 1513 Rullum
1016 1446 1162 1529 vel,
1195 1460 1275 1515 ut
1304 1448 1421 1515 alii
1451 1449 1750 1530 malunt,
1779 1448 2261 1517 Bernardinum

43 1562 393 1632 Roscium
435 1561 896 1630 Florentinum
943 1561 1241 1651 legatum
1285 1585 1438 1644 seu,
1483 1578 1563 1630 ut
1607 1588 1790 1632 nunc
1834 1577 2116 1648 vocant,
2160 1567 2262 1635 vi·-

43 1681 329 1746 carium
395 1679 674 1745 creavit.
720 1677 977 1745 Deinde
1021 1679 1377 1760 Robertos,
1422 1679 1942 1770 Folleanosque,
1986 1692 2057 1748 et
2101 1679 2263 1750 alios

51 1793 454 1884 Superiores
482 1790 911 1861 Inferioribus
955 1793 1343 1862 conciliatos
1371 1795 1648 1862 domum
1693 1798 2070 1876 revocavit3
2101 1796 2265 1863 Her-

49 1910 483 1999 beriamque,
514 1909 895 2000 Regiolum,
926 1909 1321 1991 Albineam,
1366 1910 1632 2000 aliaque
1674 1913 2037 1980 munitiora
2079 1912 2264 1979 urbis

53 2026 313 2116 oppida
357 2030 425 2093 in
471 2049 660 2093 suam
708 2038 1105 2115 potestatem
1147 2026 1430 2116 redegit.
1480 2027 1602 2094 His
1672 2038 1862 2094 tutus
1926 2027 2261 2116 praesidiis

53 2154 310 2208 cuncta
369 2153 546 2207 nutu
597 2163 718 2209 suo
781 2141 1241 2208 administrans
1305 2141 1741 2211 saluberrimo
1809 2139 2262 2210 tollendarnm

55 2256 472 2325 seditionum
502 2257 791 2325 remedio
835 2257 973 2344 jam
1014 2280 1085 2325 se
1126 2282 1260 2326 non
1304 2271 1386 2325 ut
1430 2262 1922 2348 magistratum,
1951 2258 2068 2326 sed
2098 2260 2260 2328 civi-

57 2377 217 2441 tatis
261 2377 630 2464 principem
674 2397 890 2464 gerere
920 2377 1253 2464 cogitavit.
1288 2378 1649 2443 Ferrariam
1683 2378 1859 2443 enim
1899 2373 2263 2466 profectus,

58 2489 468 2557 Bernardino
529 2489 746 2579 legato
813 2491 883 2558 in
952 2490 1115 2557 urbe
1180 2491 1436 2573 relicto,
1509 2491 1859 2558 inhibendi
1927 2489 2261 2557 tumultus

65 2618 463 2696 praetextu,
507 2609 857 2697 utriusque
902 2604 1209 2677 factionis
1267 2611 1598 2699 principes
1657 2631 1883 2676 secum
1929 2608 2254 2673 abduxit:

66 2722 229 2790 alios
294 2745 464 2811 quos
533 2746 705 2791 nova
774 2723 1119 2792 molituros
1189 2724 1501 2803 videbat,
1544 2737 1667 2789 aut
1726 2721 2096 2819 interfecit,
2139 2732 2259 2789 aut

63 2838 260 2905 bouis
301 2840 670 2907 denudatos
712 2841 1111 2929 proscripsit.
1144 2839 1521 2908 Guidonem
1555 2863 1707 2907 vero
1737 2837 2257 2928 Tripolitanum,

67 2954 523 3035 Matthaeum,
566 2956 1023 3037 Bartolinum‚
1068 2968 1136 3021 et
1180 2955 1540 3024 Nicolaum
1597 2954 1833 3022 fratres
1876 2954 2257 3036 Folleanos‚

69 3095 242 3161 quos
301 3074 370 3138 in
435 3070 652 3140 officio
702 3072 896 3139 aliter
940 3073 1274 3140 continere
1324 3095 1459 3141 non
1516 3083 1802 3163 poterat,
1867 3083 1938 3139 et
2004 3071 2257 3162 alioqui
2356 3146 2361 3159 ι

71 3200 405 3278 suspectos
470 3189 805 3267 habebat,
873 3189 1176 3256 Mutinae
1242 3190 1613 3256 carceribus
1678 3187 1968 3255 inclusit.
2012 3188 2256 3277 Itaque

75 3318 431 3395 antequam
463 3328 580 3371 sex
611 3308 935 3385 mensium
964 3309 1251 3395 spatium
1282 3309 1703 3396 praeteriret,
1722 3304 1948 3395 palam
1978 3326 2045 3372 se
2076 3305 2257 3372 urbis

73 3421 416 3489 dominum
449 3421 811 3491 declaravit
838 3426 941 3503 (θὶς
973 3435 1330 3514 nostraque
1360 3422 1730 3514 respublica
1759 3446 1931 3513 quae
1963 3425 2256 3489 centenis
2375 3519 2381 3525 .

77 3540 313 3607 vicenis
356 3543 660 3629 quinque
704 3541 894 3607 annis
954 3550 1262 3621 steterat,
1305 3563 1466 3607 cum
1513 3551 1784 3607 centum
1851 3550 1919 3605 et
1986 3540 2254 3627 triginta

71 3654 344 3723 castellis
367 3705 389 3737 ,
432 3654 738 3759 Robertis
791 3666 863 3722 et
908 3654 1240 3725 Folleanis
1307 3654 1774 3747 Guelphorum
1843 3654 2255 3745 principibus

73 3772 140 3838 in
182 3771 463 3839 exilium
510 3775 712 3855 actis,
739 3775 811 3840 in
842 3772 1297 3844 Atestinorum
1340 3786 1737 3865 potestatem
1781 3771 2050 3840 redacta
2092 3767 2253 3837 fuit.

153 4048 231 4117 (ι)
256 4049 396 4104 nm.
427 4048 489 4102 in
522 4049 558 4101 1.
592 4049 783 4102 abant.
818 4050 859 4116 ς.
891 4049 954 4102 «ι.
986 4049 1103 4102 «ιω.

154 4142 231 4215 (.)
257 4144 444 4200 anona.
477 4145 514 4197 1.
551 4162 639 4211 ιι,
667 4146 777 4200 doc.
808 4161 858 4195 2.
