2950 5017
642 406 774 475 256
1107 394 1112 401 ⁸
1377 424 1614 469 usuum
1670 426 2088 471 stornatum

640 560 906 639 gustare
944 545 1160 633 jussus
1189 546 1416 612 statim
1446 536 2065 629 decesserit.‘Quare
2097 542 2395 615 veneficii
2424 571 2573 616 reus
2612 548 2875 618 factus

639 662 1058 743 munacius,
1120 661 1160 738 J
1162 684 1539 750 oannesque
1584 675 1654 729 et
1697 662 2043 730 Luchinus
2105 659 2343 731 fratres
2406 683 2567 732 cum
2646 667 2876 735 Actio

636 779 777 848 filio
819 783 891 847 in
935 801 1256 847 carcerem
1299 777 1586 865 conjecti
1630 790 1701 846 et
1742 778 2148 848 Modoetiam
2188 782 2259 847 (¹)
2305 782 2869 853 munitissimum

637 895 962 984 oppidum
1002 892 1244 962 Caesar
1287 896 1584 962 extorsit.
1652 894 1841 984 Regii
1904 918 2060 964 vero
2103 894 2401 984 Angelus
2467 919 2512 964 a
2580 895 2865 966 Sancto

638 1010 927 1101 Lupidio
995 1031 1112 1098 pro
1176 1006 1494 1077 Pontifice
1570 1009 1754 1078 urbis
1822 1009 2065 1078 Rector
2129 1010 2494 1078 Blasellum
2563 1012 2858 1081 Pictum

637 1123 1263 1194 facinorosissimum
1327 1124 1668 1194 homiuem
1736 1138 1808 1192 et
1875 1127 2218 1194 nocturnis
2264 1124 2461 1194 furtis
2504 1125 2854 1193 infamem
2946 1196 2948 1225 =

635 1242 881 1332 laqueo
931 1244 1152 1309 necari
1208 1242 1512 1327 jusserat.
1557 1241 1876 1309 Gibertus
1920 1241 2313 1323 Folleauus,
2358 1254 2449 1311 vet
2512 1243 2856 1312 Nicolaus

637 1356 1058 1438 Manfredus,
1124 1359 1244 1447 qui
1310 1380 1468 1424 eum
1542 1357 1863 1425 asseclam
1928 1357 2305 1426 habuerant
2331 1409 2350 1438 ,
2418 1360 2490 1425 id
2570 1359 2853 1428 factum
2946 1374 2948 1417 i

638 1478 993 1565 aegerrime
1026 1473 1364 1555 tuleruut3
1407 1474 1521 1541 sed
1565 1487 1646 1541 ut
1687 1474 2206 1564 indignationem
2237 1475 2617 1546 honestiore
2653 1502 2852 1568 prae-
2946 1456 2948 1531 Ᾰ

644 1603 839 1657 textu
891 1603 1205 1679 tegerent,
1252 1589 1487 1656 urbem
1541 1590 1855 1679 gravibus
1898 1592 2170 1658 tributis
2215 1615 2256 1658 a
2299 1592 2642 1660 Pontificis
2690 1617 2852 1661 oue·

635 1708 765 1773 rari
807 1703 1035 1794 palam
1080 1707 1462 1794 conquesti,
1507 1728 1656 1773 eam
1700 1708 1771 1772 in
1816 1707 2163 1795 pristinam
2206 1705 2593 1774 libertatem
2645 1731 2847 1777 revo-
2946 1738 2948 1753 =

634 1821 916 1887 caudam
986 1845 1122 1888 esse
1174 1821 1600 1888 dictitabant.
1645 1821 2167 1890 communicato
2231 1823 2459 1913 itaque
2525 1825 2705 1891 i'nter
2769 1847 2846 1891 se

634 1937 912 2006 consilio
981 1936 1151 2005 alter
1191 1937 1516 2014 Joannem
1583 1935 1840 2018 filium,
1899 1936 2066 2006 alter
2124 1939 2451 2016 Joannem
2518 1939 2839 2006 Riccium

555 2068 566 2077 ·
635 2050 905 2118 fratrem
950 2052 1036 2119 ad
1082 2053 1483 2143 patrandum
1527 2051 1782 2121 facinus
1825 2055 2261 2144 impulerunt.
2305 2055 2450 2122 Nec
2493 2057 2668 2125 votis
2719 2056 2839 2122 de-

635 2167 771 2236 fuit
837 2173 1126 2237 occasio.
1193 2168 1530 2238 Pontificis
1597 2174 1779 2237 enim
1855 2171 2178 2260 praesidio
2244 2195 2286 2238 a
2351 2171 2644 2251 Rosciis,
2712 2173 2837 2260 qui

638 2287 915 2354 Parmae
960 2286 1379 2356 dominatum
1449 2284 1891 2370 affectabant,
1935 2288 2175 2355 Parma
2224 2287 2469 2375 ejecto,
2515 2288 2837 2379 postridie
2946 2280 2948 2289 ’

641 2416 712 2470 et
755 2407 879 2494 ipsi
923 2403 1468 2472 caesarianorum
1515 2404 1771 2474 auxilio
1821 2418 2140 2476 rectorem
2201 2404 2526 2473 trucidare
2545 2455 2565 2486 ,
2607 2417 2680 2472 et
2723 2429 2839 2472 ur-

644 2519 803 2586 bem
850 2519 935 2587 ad
981 2519 1353 2588 Gibellinos
1398 2518 1748 2590 transferre
1793 2521 2236 2589 decreverunt.
2283 2520 2480 2589 Nouo
2517 2519 2645 2587 cal.
2676 2521 2835 2606 julii

635 2634 772 2702 dies
815 2636 1053 2713 Joanni
1098 2636 1434 2726 Baptistae
1478 2636 1736 2703 dicatus
1803 2636 1888 2703 ad
1954 2635 2437 2704 conficiendum
2481 2635 2831 2704 hominem

635 2751 1001 2820 destinatus
1044 2750 1216 2834 fuit3
1261 2777 1398 2843 quo
1445 2766 1526 2820 ut
1573 2766 1920 2822 aestuante
1950 2754 2132 2822 coelo
2163 2752 2301 2820 fieri
2331 2753 2527 2834 solet,
2554 2776 2830 2822 summo

642 2891 838 2936 mane
883 2870 1166 2967 simplici
1212 2870 1592 2937 bombicina
1640 2883 1821 2938 veste
1864 2892 2061 2959 supra
2117 2868 2476 2936 interulam
2532 2867 2831 2936 humeris
2946 2908 2948 2961 ἑ

633 2982 881 3053 Rector
946 2986 1295 3072 injecerat,
1365 3009 1444 3052 ac
1513 2997 1771 3053 caetera
1838 2986 2059 3053 nudus
2128 2983 2530 3075 frigidiorem
2597 3006 2828 3051 auram

634 3116 945 3192 captans,
1010 3103 1202 3172 horas
1269 3102 1472 3192 vulgo
1543 3106 1890 3172 canonicas
1957 3104 2171 3170 dictas
2237 3103 2596 3170 recitabat.
2646 3101 2816 3169 Eam

634 3216 1022 3285 Manfredus
1068 3231 1139 3285 et
1181 3200 1538 3286 Folleanus
1605 3217 1996 3287 conficiendi
2062 3220 2351 3288 hominis
2421 3221 2823 3287 occasionem

636 3338 842 3413 nacti,
873 3358 942 3400 se
972 3334 1055 3399 de
1099 3333 1292 3400 rebus
1336 3334 1556 3400 arduis
1599 3357 1757 3400 cum
1806 3359 1884 3405 eo
1932 3334 2224 3427 colloqui
2268 3334 2440 3403 velle
2485 3334 2817 3402 simulant.

634 3449 714 3516 In
760 3448 1149 3519 cubiculum
1209 3450 1473 3516 admissi
1526 3472 1683 3517 cum
1727 3449 1897 3518 nihil
1943 3452 2108 3519 mali
2153 3454 2601 3542 suspicantem
2642 3474 2822 3520 sevo-

636 3581 928 3648 cassent,
975 3566 1315 3634 homiuem
1373 3564 1788 3637 confodiunt.
1837 3568 2174 3650 Cadaver,
2218 3570 2487 3636 nemine
2550 3591 2621 3637 se
2682 3591 2820 3638 mo-

635 3696 868 3765 vente,
900 3695 1042 3754 toto
1084 3683 1189 3751 die
1232 3684 1474 3771 jacuit,
1506 3709 1584 3753 ac
1618 3686 1887 3754 tandem
1921 3690 1992 3754 in
2021 3687 2183 3754 Divi
2215 3686 2557 3754 Dominici
2597 3685 2817 3753 aedem

635 3798 864 3868 illatus
909 3803 978 3868 iu
1025 3825 1173 3868 arca
1219 3802 1302 3868 ad
1345 3804 1678 3870 sinistram
1722 3802 2244 3892 ingredientibus
2310 3801 2611 3892 sepultus
2661 3799 2813 3869 fuit.

634 3916 1050 3999 Homicidae‚
1080 3917 1313 4008 populi
1360 3921 1521 3986 iram
1573 3921 1798 4001 veriti,
1843 3931 2217 4010 perpetrato
2261 3916 2557 3990 facinore
2598 3921 2814 3987 statim

712 4167 787 4237 (ι)
824 4165 992 4238 vargo
1011 4156 1237 4221 Mouza.
