2950 5017
963 420 1165 508 nsua
1211 395 1502 478 Quum-us
2201 396 2332 498 389

77 543 469 635 num,·qui
500 564 589 610 ex
618 541 852 611 vicinis
896 541 1182 610 urbibus
1222 540 1687 611 confluxerant
1729 566 1917 612 sacra
1959 525 2334 616 celebranti

77 662 512 732 Matthaeus
554 660 768 728 Maria
811 660 1134 746 Bojardus
1177 660 1614 751 gubernator,
1658 674 1730 729 et
1774 674 2037 753 praetor
2085 687 2334 755 aquam

77 781 193 849 ad
247 803 492 848 manus
536 778 783 846 dedisse
827 775 1180 860 feruntur;
1227 779 1474 868 quibus
1522 781 1844 870 peractis,
1889 804 2073 847 aram
2121 782 2336 869 majo-

80 921 261 966 rem
320 898 617 988 primarii
679 893 914 985 templi
974 898 1143 964 miro
1200 897 1382 963 intus
1443 893 1727 964 artificio
1775 895 2157 965 extructam
2205 898 2337 967 dis-

79 1015 354 1096 solvit,
385 1016 552 1081 etin
585 1012 786 1080 aliam
832 1010 1118 1080 formam
1164 1015 1481 1081 restituit.
1527 1012 1810 1101 Dejecto
1854 1018 2103 1104 pariete
2147 1018 2337 1086 intus

83 1136 430 1224 quinque
497 1153 905 1200 marmoreae
966 1129 1320 1198 columnae
1355 1121 1735 1227 ,substratis
1788 1130 2013 1201 solidis
2064 1133 2338 1203 basibus
2462 1177 2467 1182 -

80 1253 178 1316 in
238 1251 684 1339 quincuncem
728 1247 1080 1336 dispositae
1121 1245 1453 1336 lapideam
1503 1246 1807 1315 tabulam
1854 1248 1943 1315 ad
1988 1247 2332 1317 celebran-

89 1365 293 1432 dum
340 1363 775 1430 sustinebant.
831 1363 977 1429 Hae
1030 1363 1100 1430 in
1155 1383 1420 1430 summo
1487 1362 1833 1452 quadratis
1898 1360 2347 1448 foraminibus.

96 1496 474 1574 pertusae,
518 1480 856 1570 lapidibus
921 1502 1123 1570 supra
1193 1479 1532 1546 bitumine
1603 1479 2112 1569 conglutinatis,
2165 1492 2343 1572 tege-

91 1601 413 1678 bantur,
464 1609 535 1666 et
587 1601 769 1665 intus
821 1610 1203 1665 sanctorum
1251 1596 1566 1690 reliquias
1610 1580 2068 1668 continebant.
2115 1597 2341 1666 Media

99 1717 366 1785 ceteris
417 1718 687 1782 crassior
756 1712 1130 1803 ampullam
1200 1712 1659 1804 crystallinam
1726 1713 2055 1806 plumbea·
2114 1716 2342 1806 pixide

99 1833 457 1902 inclusam
504 1831 823 1912 habebat,
867 1835 937 1899 in
983 1855 1119 1922 qua
1164 1830 1517 1921 particulas
1547 1831 1978 1908 albaevestis
2002 1831 2341 1922 ¹Deiparae

100 1949 423 2040 Virginis
468 1971 604 2016 esse
648 1949 1021 2016 dicebatur.
1067 1947 1245 2016 Cum
1293 1973 1425 2016 non
1483 1947 1708 2016 multo
1774 1960 1929 2039 post
1993 1952 2342 2041 episcopus

102 2067 424 2159 podagra
468 2067 697 2133 vexari
742 2068 1092 2155 coepisset,
1121 2078 1192 2131 et
1224 2065 1759 2156 archipresbiter,
1791 2065 2160 2134 movendae
2186 2090 2343 2143 arae

107 2198 402 2261 auctor,
449 2186 633 2273 gravi
690 2182 1072 2252 valetudine
1134 2182 1528 2265 laborasset,
1585 2183 1768 2274 quod
1837 2193 2025 2251 s'acra
2091 2195 2345 2251 temere

107 2300 596 2369 tractavissent
662 2298 735 2367 id
790 2298 1030 2370 divino·
1084 2297 1336 2388 judicio
1401 2301 1698 2400 evenisse
1766 2297 2070 2392 plerique
2136 2299 2345 2366 credi-

107 2416 396 2486 derunt.
