2950 5017
639 417 780 504 472
1389 428 1630 476 annun
1671 426 2091 475 normarum

642 550 882 623 zabdi
933 539 1373 620 facultatibus
1436 561 1872 629 successerat,
1913 571 2073 615 cum
2125 546 2587 637 ditissimoque
2650 551 2845 637 patri-

639 671 869 738 monio
908 666 1145 748 simul,
1188 678 1259 733 et
1283 667 1509 755 ,opimi
1552 664 1927 745 sacerdotii,
1953 663 2136 755 quod
2166 663 2299 731 sub
2326 662 2536 734 titulo
2565 663 2665 730 D„
2695 665 2845 730 Hie-

637 786 905 875 ronymi
947 786 1021 852 in
1063 781 1138 850 S.
1179 782 1451 859 Ioannis
1494 780 1962 871 Evangelistae
2006 779 2262 870 templo
2326 792 2511 861 erat,
2571 790 2653 846 et
2700 791 2842 846 tum

638 901 1016 993 quingentis
1081 902 1295 966 aureis
1363 895 1713 967 iocabatur
1742 947 1765 979 ,
1828 897 1982 985 jura
2046 896 2430 966 obtinuerat
2455 920 2478 962 ε
2551 894 2631 961 id
2694 894 2837 963 olim

634 1018 876 1096 Ioanni
905 1014 1205 1100 Andreae
1241 1013 1551 1084 Boclacio
1591 1014 1869 1096 datum,
1910 1036 2070 1094 cum
2111 1014 2169 1081 is
2212 1013 2523 1082 Mutinae
2555 1011 2836 1082 Antiates

636 1132 858 1203 faetus
898 1143 1092 1214 esset,
1133 1134 1400 1202 vacavit
1425 1131 1522 1199 (¹).
1554 1129 1725 1200 Mox
1746 1129 2264 1200 Bartholomaeo
2293 1127 2474 1196 sixti
2508 1126 2834 1197 Pontificis

634 1251 863 1340 nepoti
914 1248 1275 1329 traditum,
1319 1260 1471 1315 tum
1517 1265 1672 1317 vero
1715 1260 2146 1337 patronorum
2191 1243 2532 1335 suffragiis
2576 1247 2653 1311 in
2700 1244 2839 1312 Co·-

634 1388 829 1433 mum
870 1364 1150 1431 Panium
1193 1363 1492 1433 devenit.
1544 1362 1727 1432 Cum
1782 1385 1941 1433 vero
1982 1360 2362 1430 Alexander
2406 1359 2716 1431 zabolus
2765 1358 2838 1428 ad

633 1507 707 1551 se
748 1480 1033 1572 eligendi
1074 1479 1428 1564 sacerdotis
1487 1480 1598 1566 jus
1657 1482 1988 1570 pertinere
2045 1477 2518 1559 contenderet,
2563 1489 2638 1544 et
2682 1476 2837 1544 illud

634 1597 938 1669 Gnidoni
987 1596 1306 1687 Deliphei
1358 1595 1550 1665 fratri
1603 1595 1954 1665 delaturus
2018 1606 2221 1677 esset,
2286 1607 2433 1664 orta
2504 1597 2840 1664 contentio

630 1717 1135 1784 inimicitiarum
1176 1716 1657 1805 suspicionem,
1701 1737 1878 1804 quae
1923 1724 2125 1784 antea
2167 1724 2501 1802 concepta
2548 1722 2735 1791 erat,
2773 1712 2834 1778 in

629 1830 1062 1923 implacabile
1103 1830 1339 1899 odium
1367 1832 1720 1899 convertit.
1752 1829 2167 1899 Auctoribus
2195 1832 2425 1918 itaque
2457 1826 2838 1896 Alexandro

628 1947 871 2028 &nim
913 1960 983 2015 et
1026 1947 1349 2038 Pompejo
1393 1948 1710 2016 Messorio
1781 1946 2061 2016 tollendi
2126 1945 2239 2013 de-
2276 1944 2502 2018 medio
2556 1945 2837 2031 hominis

629 2063 984 2132 consilium
1026 2065 1260 2131 initur.
1306 2062 1386 2130 Id
1429 2076 1911 2153 opportunum.
1954 2062 2039 2129 ad
2104 2062 2511 2152 patrandum
2578 2059 2835 2128 facinus

634 2191 904 2269 tempus
946 2182 1165 2248 visum
1212 2191 1351 2261 est,
1376 2203 1518 2269 quo
1548 2179 2059 2248 Guicciardinus
2103 2179 2386 2246 abesset,
2427 2178 2579 2244 Nec
2630 2176 2837 2244 multo

628 2309 784 2386 post
823 2320 905 2365 eo
951 2293 1121 2363 forte
1163 2294 1499 2364 Mutinam
1546 2295 1872 2386 profecto,
1918 2296 2054 2377 die,
2098 2319 2235 2387 quo
2280 2296 2371 2363 D.
2418 2294 2632 2361 Blasii
2682 2307 2839 2362 tem-

581 2435 590 2442 ’
629 2411 851 2504 plum,
894 2411 1078 2503 quod
1125 2425 1286 2479 tunc
1331 2424 1523 2480 extra
1565 2413 1837 2482 Portam
1872 2411 1948 2482 S.
1984 2412 2219 2480 Crucis
2259 2411 2615 2482 conditum
2666 2425 2834 2490 erat,

627 2529 713 2596 de
759 2551 946 2597 more
986 2527 1222 2619 populi
1265 2528 1352 2599 ad
1397 2529 1750 2598 colendam
1792 2532 2006 2604 sancti
2052 2531 2175 2598 viri
2198 2530 2614 2616 ·memoriam
2677 2530 2835 2596 invi·

627 2670 821 2716 surus
865 2646 1285 2730 credebatur,
1327 2647 1670 2718 hominem
1737 2647 2054 2718 conficere
2116 2660 2452 2716 statuunt.
2500 2645 2642 2713 Sed
2690 2665 2839 2713 eum

625 2763 744 2832 ille
788 2764 958 2832 urbe
996 2789 1131 2834 non
1176 2766 1481 2847 exiisset,
1523 2789 1627 2834 res
1670 2768 1741 2832 in
1772 2768 2153 2855 proximum
2200 2762 2615 2834 dominicum
2657 2763 2840 2829 diem

625 2893 778 2971 post
821 2880 1122 2950 triduum
1167 2894 1268 2948 est
1309 2881 1544 2949 dilata.
1589 2882 1812 2968 Hujus
1854 2883 2348 2974 conspirationis
2384 2883 2691 2948 incertus
2736 2902 2839 2946 ru-

625 3021 772 3067 mor
815 2996 902 3064 ad
944 2998 1371 3066 Franciscum
1416 3013 1852 3088 pervenerat3
1887 2999 2009 3092 (sed
2057 3001 2225 3089 ipse,
2263 2997 2391 3064 fide
2432 2996 2662 3066 verbis
2708 3020 2837 3065 uon

624 3113 888 3194 habita,
930 3117 1199 3182 inermis
1245 3127 1317 3183 et
1360 3119 1594 3205 paucis
1637 3116 2144 3198 comitantibus,
2175 3115 2364 3183 velut
2406 3116 2592 3183 omni
2644 3116 2836 3181 timo-

628 3233 718 3298 ris
759 3234 1132 3322 suspicione
1182 3232 1368 3300 liber-
1409 3231 1979 3322 proficiscebatur,
2024 3256 2235 3323 usque
2288 3231 2459 3308 adeo·
2493 3243 2605 3305 ut,
2633 3234 2834 3298 etiam

625 3347 722 3414 ab
750 3348 1037 3418 Hercule
1067 3349 1374 3418 Atestino
1420 3350 1683 3419 oblatos
1716 3353 2064 3440 stipatores
2101 3351 2520 3424 recusaverit.
2551 3348 2661 3415 Ut
2692 3372 2835 3416 vero

626 3463 770 3532 dies
809 3463 914 3530 illi
958 3463 1185 3534 fatalis
1229 3469 1451 3549 venit,
1473 3535 1476 3540 ⁴
1499 3467 1757 3536 Simoni
1803 3466 2177 3558 Miughello.
2240 3468 2547 3536 omniurn
2618 3468 2836 3533 crimi-

623 3602 793 3652 num
839 3583 1099 3650 conscio
1166 3594 1239 3652 et
1302 3583 1707 3653 Ber-nardino
1766 3585 1985 3675 Lippo
2051 3565 2370 3652 sacerdoti
2438 3581 2835 3673 explorandi

627 3696 786 3780 loci,
820 3701 891 3766 in
923 3721 1060 3790 quo
1089 3700 1289 3768 rebus
1319 3699 1562 3771 divinis
1594 3704 1692 3774 ,sit
1737 3699 2205 3781 interfuturus,
2233 3702 2583 3790 negotium
2617 3700 2833 3767 datur.

621 3811 880 3882 Sessius
925 3815 1302 3913 abducendi
1330 3816 1694 3888 Alexandri
1724 3816 1999 3898 Zoboli,
2028 3842 2113 3886 ne
2151 3815 2273 3883 filii
2305 3815 2649 3885 Ludovici
2686 3839 2839 3883 con-

627 3928 795 4000 silia·
848 3931 1205 4022 intelligat,
1258 3937 1669 4024 provinciam
1730 3937 2029 4025 suscipit.
2074 3933 2157 4001 Id
2205 3933 2325 4002 ubi
2370 3957 2463 4002 ex
2510 3934 2834 4005 sententia

692 4177 781 4250 (ι)
814 4180 876 4235 G.
908 4198 1026 4236 cum
1059 4180 1116 4235 in
1151 4169 1447 4238 cunctis'dc
1478 4181 1599 4239 elec·
1741 4251 1745 4256 ἱ
