2950 5017
857 409 1082 453 ‚mmm
1123 409 1462 455 sucum
1484 445 1491 452 .
2127 393 2246 481 137

73 531 308 599 duetus
364 530 711 596 exercitus
726 579 745 609 ,
788 541 1196 596 excrescente
1244 527 1385 598 Nili
1440 549 1646 618 aqua,
1693 505 2248 620 corrumperetur,

65 646 380 715 Damiata
413 644 602 713 hosti
644 655 743 711 est
781 647 1111 711 restituta.
1155 642 1258 710 Ea
1301 644 1713 732 expeditione
1740 657 1966 735 postea
1991 645 2249 735 Tripoli

63 777 287 853 capta,
304 785 506 829 unus
535 786 623 828 ex
647 760 954 829 Robertis
979 760 1122 846 ejus
1149 762 1433 827 civitatis
1464 762 1730 827 antistes
1757 774 2041 843 creatus,
2059 760 2250 827 fami*

61 877 187 946 liae
230 876 814 968 Tripolitanorum
858 899 1102 944 nomen
1131 875 1345 955 dedit3
1373 877 1495 965 qui
1537 878 1712 943 enim
1744 899 1830 942 ex
1856 877 2002 963 ejus
2044 880 2247 968 stirps

59 994 551 1061 descenderunt
593 992 898 1072 Robetti,
942 1013 1167 1060 omnes
1210 989 1603 1081 Tripolitani
1646 1003 1802 1058 sunt
1847 996 2061 1074 vocati
2090 996 2194 1060 (¹).

201 1105 552 1199 Sequente
596 1129 768 1173 anno
797 1108 864 1171 (⁸)
911 1127 1188 1194 magnus
1230 1102 1400 1173 latro
1425 1104 1666 1171 Barata
1704 1128 1748 1171 a
1793 1105 2029 1172 Porata
2057 1107 2247 1195 Regii

76 1235 457 1312 praeturam
525 1224 697 1311 egit,
763 1224 876 1287 cui
943 1220 1337 1289 Gotosaldus
1401 1220 1824 1289 Bononiensis
1866 1220 1934 1287 (3)
1959 1271 1981 1301 ,
2022 1220 2257 1290 deinde

73 1341 300 1407 Bertus
358 1337 454 1405 ab
504 1336 775 1406 Entiola
811 1334 881 1403 ‹4›
935 1334 1249 1403 suffectus
1312 1338 1383 1404 iu
1448 1336 1662 1402 alium
1730 1338 1937 1406 etiam
1996 1357 2252 1422 aunum

72 1455 503 1524 confirmatus
542 1452 698 1521 fuit.
741 1453 821 1519 In
864 1464 1161 1521 extremo
1208 1452 1352 1539 ejus
1394 1455 1785 1542 magistratu
1827 1452 1991 1521 dum
2035 1453 2247 1523 Nico-

73 1571 214 1639 laus
253 1574 539 1639 antistes
563 1568 841 1639 solemni
872 1568 1134 1636 Natalis
1161 1569 1428 1637 Domini
1460 1570 1566 1635 die
1609 1571 1681 1636 in
1724 1568 1970 1655 majore
2000 1568 2254 1661 templo

81 1690 551 1768 concionatur,
592 1685 933 1754 inauditus
978 1697 1401 1766 terremotus,
1432 1685 1699 1772 dejectis
1731 1685 2076 1768 aedificiis,
2118 1710 2252 1755 nou

80 1802 366 1893 Beffium
409 1815 714 1884 tantum,
755 1801 868 1870 sed
913 1804 1289 1870 universam
1344 1799 1477 1869 fere
1523 1801 1789 1869 Italiam
1831 1800 2248 1871 deformavit.

84 1919 432 1987 Mantuani
508 1941 775 2010 quoque
849 1917 1196 2007 Regiolum
1265 1917 1726 2000 devastarunt,
1790 1918 1903 1985 sed
1968 1919 2042 1984 hi
2108 1929 2257 2008 post

84 2034 424 2102 biennium
470 2035 750 2102 Fabiani
791 2032 1039 2102 Belotti
1098 2033 1417 2102 Praetoris
1476 2057 1679 2122 opera
1733 2037 1852 2123 qui
1894 2032 2165 2102 Gifredo
2208 2057 2250 2102 a

87 2149 296 2219 Pir-olo
365 2160 800 2232 successerat,
849 2172 1011 2217 cum
1073 2149 1498 2239 Regiensibus
1563 2148 1859 2217 inducias
1922 2148 2250 2219 fecerunt.

87 2264 407 2334 'Veniente
462 2290 619 2335 vero
668 2289 842 2334 anno
907 2285 1208 2333 mccxxvr
1273 2265 1557 2354 Regium
1622 2287 1928 2355 magnam
1994 2268 2245 2335 civium

89 2380 477 2451 factionibus
539 2381 793 2450 cladem
860 2384 1143 2471 accepit.
1196 2380 1493 2449 Gerardo
1557 2384 1734 2449 enim
1788 2381 2110 2450 Ardizono
2181 2394 2256 2449 et

94 2495 394 2568 Gnidone
439 2498 733 2569 Roberto
798 2520 963 2566 coss.
1030 2496 1437 2565 tabularium
1503 2497 1849 2589 publicum
1915 2497 2247 2588 flagravit:

96 2610 282 2682 sesni
323 2619 447 2707 qui
490 2627 646 2684 ante
688 2638 755 2683 se
796 2612 1195 2703 reipublicae
1236 2612 1581 2683 fidissimos
1624 2616 2114 2704 praestiterant,
2157 2617 2254 2683 vi-

98 2741 359 2820 tamque
433 2755 554 2821 pro
615 2729 886 2822 publica
943 2728 1159 2797 salute
1223 2733 1483 2819 saepius
1546 2743 1983 2820 exposuerant
2007 2780 2029 2810 ,
2093 2751 2251 2797 cum

101 2840 509 2913 Caesarianas
535 2858 750 2936 partes
777 2855 1238 2935 sequerentur,
1267 2848 1334 2912 in
1365 2844 1764 2934 reipublicae
1795 2843 2048 2925 odium,
2076 2867 2253 2933 quae

97 2978 219 3044 pro
287 2956 597 3028 Pontifice
671 2961 894 3028 stabat
909 3010 934 3042 ,
995 2960 1386 3048 intempesta
1451 2971 1643 3026 nocte
1717 2957 2250 3047 chartophylatio

99 3072 311 3160 ignem
351 3076 570 3142 crediti
611 3087 768 3143 sunt
808 3075 1193 3161 subjecisse.
1238 3075 1532 3144 Accensa
1586 3073 1891 3155 flamma,
1933 3077 2253 3164 correptis

105 3188 392 3259 trabibus
433 3193 681 3283 quibus
745 3193 959 3282 prima
1002 3190 1331 3260 tabulatio
1376 3190 1759 3272 constabat,
1806 3192 1876 3257 in
1919 3192 2253 3280 superiora

102 3309 399 3389 armaria,
441 3308 566 3374 ubi
617 3319 1048 3376 monumenta
1111 3305 1380 3396 publica
1429 3307 1895 3387 servabantur,
1937 3306 2253 3396 prosiliit3

102 3421 691 3515 instrumentaque,
740 3424 1037 3505 annales,
1105 3423 1444 3513 privilegia
1462 3474 1482 3504 ,
1546 3437 1616 3490 et
1680 3425 1904 3492 omnia
1967 3426 2263 3492 civitatis

99 3533 236 3619 jura
270 3564 434 3608 cum
477 3542 727 3608 scriniis
768 3542 1198 3630 consumpsit,
1223 3537 1435 3608 donec
1473 3541 1547 3606 in
1592 3543 1893 3630 proxima
1932 3542 2252 3607 transiens

161 3857 233 3928 (ι)
261 3858 405 3912 Paul.
437 3859 620 3912 AEmil.
651 3859 743 3914 lih.
771 3861 807 3913 6
837 3860 900 3914 de
931 3860 1040 3914 reb.
1070 3865 1192 3930 gest.
1222 3857 1465 3912 Francor-

160 3949 232 4018 (s)
261 3970 455 4006 »cccxx-

161 4039 238 4112 (3)
269 4064 486 4098 uocxxr.

161 4134 240 4204 (4)
269 4155 508 4193 amn.
