<?xml version="1.0" encoding="UTF-8"?>
<!DOCTYPE html PUBLIC "-//W3C//DTD XHTML 1.0 Transitional//EN"
    "http://www.w3.org/TR/xhtml1/DTD/xhtml1-transitional.dtd">
<html xmlns="http://www.w3.org/1999/xhtml" xml:lang="en" lang="en">
 <head>
  <title>
</title>
<meta http-equiv="Content-Type" content="text/html;charset=utf-8" />
  <meta name='ocr-system' content='tesseract 3.04.00' />
  <meta name='ocr-capabilities' content='ocr_page ocr_carea ocr_par ocr_line ocrx_word'/>
</head>
<body>
  <div class='ocr_page' id='page_1' title='image "./rerumhistoricar00unkngoog_0340.png"; bbox 0 0 2950 5017; ppageno 0'>
   <div class='ocr_carea' id='block_1_1' title="bbox 654 430 2113 501">
    <p class='ocr_par' dir='ltr' id='par_1_1' title="bbox 654 430 2113 501">
     <span class='ocr_line' id='line_1_1' title="bbox 654 430 2113 501; baseline -0.001 0"><span class='ocrx_word' id='word_1_1' title='bbox 654 430 787 501; x_wconf 75' lang='lat'>326</span> <span class='ocrx_word' id='word_1_2' title='bbox 1406 453 1646 498; x_wconf 64' lang='lat' dir='ltr'>annun</span> <span class='ocrx_word' id='word_1_3' title='bbox 1692 450 2113 499; x_wconf 65' lang='lat' dir='ltr'>ateramum</span> 
     </span>
    </p>
   </div>
   <div class='ocr_carea' id='block_1_2' title="bbox 439 563 2882 4298">
    <p class='ocr_par' dir='ltr' id='par_1_2' title="bbox 439 563 2882 4298">
     <span class='ocr_line' id='line_1_2' title="bbox 647 563 2865 665; baseline 0.001 -23"><span class='ocrx_word' id='word_1_4' title='bbox 647 573 1019 654; x_wconf 78' lang='lat' dir='ltr'>detinebat,</span> <span class='ocrx_word' id='word_1_5' title='bbox 1063 576 1134 641; x_wconf 79' lang='lat' dir='ltr'>vi</span> <span class='ocrx_word' id='word_1_6' title='bbox 1178 576 1448 665; x_wconf 83' lang='lat' dir='ltr'>recepit.</span> <span class='ocrx_word' id='word_1_7' title='bbox 1496 573 1607 641; x_wconf 87' lang='lat' dir='ltr'>Ibi</span> <span class='ocrx_word' id='word_1_8' title='bbox 1653 589 1893 665; x_wconf 86' lang='lat' dir='ltr'>captus</span> <span class='ocrx_word' id='word_1_9' title='bbox 1938 572 2260 643; x_wconf 83' lang='lat' dir='ltr'>Nicolaus</span> <span class='ocrx_word' id='word_1_10' title='bbox 2308 585 2379 641; x_wconf 88' lang='lat' dir='ltr'>et</span> <span class='ocrx_word' id='word_1_11' title='bbox 2424 563 2723 665; x_wconf 84' lang='lat' dir='ltr'>Regium</span> <span class='ocrx_word' id='word_1_12' title='bbox 2768 577 2865 644; x_wconf 82' lang='lat' dir='ltr'>de-</span> 
     </span>
     <span class='ocr_line' id='line_1_3' title="bbox 651 687 2877 773; baseline 0 -14"><span class='ocrx_word' id='word_1_13' title='bbox 651 691 897 759; x_wconf 81' lang='lat' dir='ltr'>ductus</span> <span class='ocrx_word' id='word_1_14' title='bbox 937 713 1095 758; x_wconf 86' lang='lat' dir='ltr'>cum</span> <span class='ocrx_word' id='word_1_15' title='bbox 1128 687 1268 760; x_wconf 86' lang='lat' dir='ltr'>filio</span> <span class='ocrx_word' id='word_1_16' title='bbox 1297 691 1598 760; x_wconf 84' lang='lat' dir='ltr'>nondum</span> <span class='ocrx_word' id='word_1_17' title='bbox 1629 691 1862 759; x_wconf 86' lang='lat' dir='ltr'>decem</span> <span class='ocrx_word' id='word_1_18' title='bbox 1908 703 1979 758; x_wconf 85' lang='lat' dir='ltr'>et</span> <span class='ocrx_word' id='word_1_19' title='bbox 2004 697 2173 760; x_wconf 75' lang='lat' dir='ltr'>‚octo</span> <span class='ocrx_word' id='word_1_20' title='bbox 2218 714 2430 760; x_wconf 90' lang='lat' dir='ltr'>annos</span> <span class='ocrx_word' id='word_1_21' title='bbox 2463 706 2664 773; x_wconf 85' lang='lat' dir='ltr'>nato,</span> <span class='ocrx_word' id='word_1_22' title='bbox 2696 697 2877 760; x_wconf 83' lang='lat' dir='ltr'>mise-</span> 
     </span>
     <span class='ocr_line' id='line_1_4' title="bbox 652 807 2874 900; baseline 0.001 -23"><span class='ocrx_word' id='word_1_23' title='bbox 652 809 861 878; x_wconf 82' lang='lat' dir='ltr'>rando</span> <span class='ocrx_word' id='word_1_24' title='bbox 912 807 1335 900; x_wconf 87' lang='lat' dir='ltr'>spectaculo,</span> <span class='ocrx_word' id='word_1_25' title='bbox 1387 811 1606 877; x_wconf 87' lang='lat' dir='ltr'>securi</span> <span class='ocrx_word' id='word_1_26' title='bbox 1671 822 1773 878; x_wconf 84' lang='lat' dir='ltr'>est</span> <span class='ocrx_word' id='word_1_27' title='bbox 1837 830 2204 900; x_wconf 84' lang='lat' dir='ltr'>percussus.</span> <span class='ocrx_word' id='word_1_28' title='bbox 2250 808 2548 877; x_wconf 82' lang='lat' dir='ltr'>Castella</span> <span class='ocrx_word' id='word_1_29' title='bbox 2590 812 2634 888; x_wconf 86' lang='lat' dir='ltr'>J</span> <span class='ocrx_word' id='word_1_30' title='bbox 2639 835 2874 880; x_wconf 81' lang='lat' dir='ltr'>oannes</span> 
     </span>
     <span class='ocr_line' id='line_1_5' title="bbox 650 923 2875 1014; baseline 0 -19"><span class='ocrx_word' id='word_1_31' title='bbox 650 923 1040 995; x_wconf 86' lang='lat' dir='ltr'>Galleacius</span> <span class='ocrx_word' id='word_1_32' title='bbox 1107 928 1426 1014; x_wconf 87' lang='lat' dir='ltr'>rescripto</span> <span class='ocrx_word' id='word_1_33' title='bbox 1496 928 1759 992; x_wconf 83' lang='lat' dir='ltr'>civitati</span> <span class='ocrx_word' id='word_1_34' title='bbox 1826 925 2145 1011; x_wconf 86' lang='lat' dir='ltr'>subjecit.</span> <span class='ocrx_word' id='word_1_35' title='bbox 2213 924 2393 993; x_wconf 87' lang='lat' dir='ltr'>Inter</span> <span class='ocrx_word' id='word_1_36' title='bbox 2454 925 2579 995; x_wconf 88' lang='lat' dir='ltr'>hos</span> <span class='ocrx_word' id='word_1_37' title='bbox 2657 941 2875 996; x_wconf 83' lang='lat' dir='ltr'>motus</span> 
     </span>
     <span class='ocr_line' id='line_1_6' title="bbox 647 1041 2873 1134; baseline 0 -23"><span class='ocrx_word' id='word_1_38' title='bbox 647 1041 1059 1134; x_wconf 82' lang='lat' dir='ltr'>Seraphinus</span> <span class='ocrx_word' id='word_1_39' title='bbox 1104 1042 1423 1111; x_wconf 80' lang='lat' dir='ltr'>Tavanus</span> <span class='ocrx_word' id='word_1_40' title='bbox 1468 1042 1878 1110; x_wconf 85' lang='lat' dir='ltr'>Tridinensis</span> <span class='ocrx_word' id='word_1_41' title='bbox 1922 1043 2110 1132; x_wconf 83' lang='lat' dir='ltr'>Regii</span> <span class='ocrx_word' id='word_1_42' title='bbox 2161 1044 2436 1110; x_wconf 88' lang='lat' dir='ltr'>antistes</span> <span class='ocrx_word' id='word_1_43' title='bbox 2505 1044 2600 1110; x_wconf 90' lang='lat' dir='ltr'>oh</span> <span class='ocrx_word' id='word_1_44' title='bbox 2674 1045 2873 1113; x_wconf 83' lang='lat' dir='ltr'>malos</span> 
     </span>
     <span class='ocr_line' id='line_1_7' title="bbox 648 1159 2872 1251; baseline 0 -22"><span class='ocrx_word' id='word_1_45' title='bbox 648 1184 900 1241; x_wconf 82' lang='lat' dir='ltr'>mores,</span> <span class='ocrx_word' id='word_1_46' title='bbox 955 1173 1026 1227; x_wconf 87' lang='lat' dir='ltr'>et</span> <span class='ocrx_word' id='word_1_47' title='bbox 1079 1159 1382 1251; x_wconf 77' lang='lat' dir='ltr'>praesule</span> <span class='ocrx_word' id='word_1_48' title='bbox 1442 1161 1788 1250; x_wconf 83' lang='lat' dir='ltr'>indignos,</span> <span class='ocrx_word' id='word_1_49' title='bbox 1833 1161 2206 1251; x_wconf 85' lang='lat' dir='ltr'>depositus,</span> <span class='ocrx_word' id='word_1_50' title='bbox 2253 1173 2326 1227; x_wconf 87' lang='lat' dir='ltr'>et</span> <span class='ocrx_word' id='word_1_51' title='bbox 2374 1164 2445 1227; x_wconf 90' lang='lat' dir='ltr'>in</span> <span class='ocrx_word' id='word_1_52' title='bbox 2492 1160 2872 1229; x_wconf 78' lang='lat' dir='ltr'>Sardiniam</span> 
     </span>
     <span class='ocr_line' id='line_1_8' title="bbox 652 1274 2877 1367; baseline 0.001 -23"><span class='ocrx_word' id='word_1_53' title='bbox 652 1276 982 1367; x_wconf 84' lang='lat' dir='ltr'>relegatus</span> <span class='ocrx_word' id='word_1_54' title='bbox 1026 1274 1201 1357; x_wconf 81' lang='lat' dir='ltr'>fuit3</span> <span class='ocrx_word' id='word_1_55' title='bbox 1249 1279 1363 1344; x_wconf 91' lang='lat' dir='ltr'>cui</span> <span class='ocrx_word' id='word_1_56' title='bbox 1410 1276 1740 1365; x_wconf 85' lang='lat' dir='ltr'>Ugolinus</span> <span class='ocrx_word' id='word_1_57' title='bbox 1786 1274 2044 1344; x_wconf 75' lang='lat' dir='ltr'>Sessias</span> <span class='ocrx_word' id='word_1_58' title='bbox 2098 1278 2335 1366; x_wconf 80' lang='lat' dir='ltr'>viginti</span> <span class='ocrx_word' id='word_1_59' title='bbox 2398 1279 2606 1343; x_wconf 87' lang='lat' dir='ltr'>trium</span> <span class='ocrx_word' id='word_1_60' title='bbox 2681 1303 2877 1347; x_wconf 85' lang='lat' dir='ltr'>anno-</span> 
     </span>
     <span class='ocr_line' id='line_1_9' title="bbox 648 1393 2876 1484; baseline 0 -23"><span class='ocrx_word' id='word_1_61' title='bbox 648 1419 799 1461; x_wconf 88' lang='lat' dir='ltr'>rum</span> <span class='ocrx_word' id='word_1_62' title='bbox 844 1394 1135 1480; x_wconf 83' lang='lat' dir='ltr'>juvenis,</span> <span class='ocrx_word' id='word_1_63' title='bbox 1165 1393 1432 1484; x_wconf 86' lang='lat' dir='ltr'>sed.qui</span> <span class='ocrx_word' id='word_1_64' title='bbox 1468 1396 1813 1484; x_wconf 84' lang='lat' dir='ltr'>septennio</span> <span class='ocrx_word' id='word_1_65' title='bbox 1857 1394 1996 1481; x_wconf 85' lang='lat' dir='ltr'>juri</span> <span class='ocrx_word' id='word_1_66' title='bbox 2039 1395 2219 1461; x_wconf 87' lang='lat' dir='ltr'>civili</span> <span class='ocrx_word' id='word_1_67' title='bbox 2265 1417 2537 1484; x_wconf 79' lang='lat' dir='ltr'>operam</span> <span class='ocrx_word' id='word_1_68' title='bbox 2571 1394 2876 1478; x_wconf 79' lang='lat' dir='ltr'>dederat3</span> 
     </span>
     <span class='ocr_line' id='line_1_10' title="bbox 652 1509 2879 1602; baseline 0.001 -23"><span class='ocrx_word' id='word_1_69' title='bbox 652 1511 743 1579; x_wconf 80' lang='lat' dir='ltr'>ab</span> <span class='ocrx_word' id='word_1_70' title='bbox 785 1509 1063 1580; x_wconf 85' lang='lat' dir='ltr'>Urbano</span> <span class='ocrx_word' id='word_1_71' title='bbox 1100 1510 1200 1578; x_wconf 88' lang='lat' dir='ltr'>VI</span> <span class='ocrx_word' id='word_1_72' title='bbox 1245 1531 1583 1578; x_wconf 71' lang='lat' dir='ltr'>successor</span> <span class='ocrx_word' id='word_1_73' title='bbox 1626 1528 1722 1577; x_wconf 87' lang='lat' dir='ltr'>est</span> <span class='ocrx_word' id='word_1_74' title='bbox 1765 1509 2160 1577; x_wconf 87' lang='lat' dir='ltr'>declaratus.</span> <span class='ocrx_word' id='word_1_75' title='bbox 2208 1510 2469 1577; x_wconf 85' lang='lat' dir='ltr'>Patavii</span> <span class='ocrx_word' id='word_1_76' title='bbox 2521 1534 2685 1579; x_wconf 85' lang='lat' dir='ltr'>vero</span> <span class='ocrx_word' id='word_1_77' title='bbox 2736 1512 2879 1602; x_wconf 82' lang='lat' dir='ltr'>Ugo</span> 
     </span>
     <span class='ocr_line' id='line_1_11' title="bbox 648 1601 2881 1717; baseline 0 -24"><span class='ocrx_word' id='word_1_78' title='bbox 648 1625 984 1695; x_wconf 82' lang='lat' dir='ltr'>Ro‘bertus</span> <span class='ocrx_word' id='word_1_79' title='bbox 1032 1638 1474 1717; x_wconf 85' lang='lat' dir='ltr'>cognomento</span> <span class='ocrx_word' id='word_1_80' title='bbox 1521 1625 1980 1716; x_wconf 68' lang='lat' dir='ltr'>Tripolitanae</span> <span class='ocrx_word' id='word_1_81' title='bbox 2043 1601 2320 1692; x_wconf 82' lang='lat' dir='ltr'>antistes</span> <span class='ocrx_word' id='word_1_82' title='bbox 2365 1622 2536 1705; x_wconf 83' lang='lat' dir='ltr'>fuit,</span> <span class='ocrx_word' id='word_1_83' title='bbox 2584 1627 2715 1693; x_wconf 87' lang='lat' dir='ltr'>ubi</span> <span class='ocrx_word' id='word_1_84' title='bbox 2763 1628 2881 1694; x_wconf 87' lang='lat' dir='ltr'>Ni-</span> 
     </span>
     <span class='ocr_line' id='line_1_12' title="bbox 645 1742 2879 1813; baseline 0 0"><span class='ocrx_word' id='word_1_85' title='bbox 645 1742 912 1813; x_wconf 83' lang='lat' dir='ltr'>colaum</span> <span class='ocrx_word' id='word_1_86' title='bbox 946 1744 1356 1812; x_wconf 87' lang='lat' dir='ltr'>Zanaccium</span> <span class='ocrx_word' id='word_1_87' title='bbox 1403 1769 1443 1812; x_wconf 86' lang='lat' dir='ltr'>a</span> <span class='ocrx_word' id='word_1_88' title='bbox 1489 1743 1739 1812; x_wconf 87' lang='lat' dir='ltr'>Sancto</span> <span class='ocrx_word' id='word_1_89' title='bbox 1770 1742 2062 1813; x_wconf 75' lang='lat' dir='ltr'>Max-tino</span> <span class='ocrx_word' id='word_1_90' title='bbox 2108 1743 2398 1810; x_wconf 86' lang='lat' dir='ltr'>scribam</span> <span class='ocrx_word' id='word_1_91' title='bbox 2447 1742 2728 1811; x_wconf 85' lang='lat' dir='ltr'>hahuit.</span> <span class='ocrx_word' id='word_1_92' title='bbox 2774 1744 2879 1813; x_wconf 86' lang='lat' dir='ltr'>Eo</span> 
     </span>
     <span class='ocr_line' id='line_1_13' title="bbox 649 1858 2881 1950; baseline 0.001 -23"><span class='ocrx_word' id='word_1_93' title='bbox 649 1882 824 1932; x_wconf 81' lang='lat' dir='ltr'>anno</span> <span class='ocrx_word' id='word_1_94' title='bbox 872 1863 1187 1929; x_wconf 86' lang='lat' dir='ltr'>armentis</span> <span class='ocrx_word' id='word_1_95' title='bbox 1230 1860 1376 1928; x_wconf 84' lang='lat' dir='ltr'>dira</span> <span class='ocrx_word' id='word_1_96' title='bbox 1444 1859 1560 1927; x_wconf 90' lang='lat' dir='ltr'>lue</span> <span class='ocrx_word' id='word_1_97' title='bbox 1628 1862 2048 1949; x_wconf 75' lang='lat' dir='ltr'>consumptis</span> <span class='ocrx_word' id='word_1_98' title='bbox 2107 1870 2376 1950; x_wconf 85' lang='lat' dir='ltr'>propter</span> <span class='ocrx_word' id='word_1_99' title='bbox 2420 1858 2690 1928; x_wconf 85' lang='lat' dir='ltr'>bovum</span> <span class='ocrx_word' id='word_1_100' title='bbox 2739 1864 2881 1930; x_wconf 88' lang='lat' dir='ltr'>ino-</span> 
     </span>
     <span class='ocr_line' id='line_1_14' title="bbox 645 1955 2880 2068; baseline 0.001 -25"><span class='ocrx_word' id='word_1_101' title='bbox 645 1980 828 2067; x_wconf 85' lang='lat' dir='ltr'>piam</span> <span class='ocrx_word' id='word_1_102' title='bbox 876 1982 1065 2068; x_wconf 83' lang='lat' dir='ltr'>equis</span> <span class='ocrx_word' id='word_1_103' title='bbox 1110 1990 1179 2045; x_wconf 85' lang='lat' dir='ltr'>et</span> <span class='ocrx_word' id='word_1_104' title='bbox 1225 1981 1422 2045; x_wconf 86' lang='lat' dir='ltr'>asinis</span> <span class='ocrx_word' id='word_1_105' title='bbox 1468 1990 1717 2045; x_wconf 81' lang='lat' dir='ltr'>terram</span> <span class='ocrx_word' id='word_1_106' title='bbox 1765 1977 1984 2046; x_wconf 85' lang='lat' dir='ltr'>colere</span> <span class='ocrx_word' id='word_1_107' title='bbox 2029 1955 2290 2045; x_wconf 78' lang='lat' dir='ltr'>necesse</span> <span class='ocrx_word' id='word_1_108' title='bbox 2337 1974 2492 2044; x_wconf 87' lang='lat' dir='ltr'>fuit.</span> <span class='ocrx_word' id='word_1_109' title='bbox 2542 1978 2605 2044; x_wconf 88' lang='lat' dir='ltr'><strong>A</strong></span> <span class='ocrx_word' id='word_1_110' title='bbox 2657 1978 2880 2046; x_wconf 87' lang='lat' dir='ltr'>brutis</span> 
     </span>
     <span class='ocr_line' id='line_1_15' title="bbox 647 2091 2878 2163; baseline 0.001 -4"><span class='ocrx_word' id='word_1_111' title='bbox 647 2092 733 2159; x_wconf 83' lang='lat' dir='ltr'>ad</span> <span class='ocrx_word' id='word_1_112' title='bbox 779 2092 1080 2161; x_wconf 86' lang='lat' dir='ltr'>homines</span> <span class='ocrx_word' id='word_1_113' title='bbox 1112 2094 1180 2160; x_wconf 84' lang='lat' dir='ltr'>id</span> <span class='ocrx_word' id='word_1_114' title='bbox 1215 2094 1473 2162; x_wconf 85' lang='lat' dir='ltr'>malum</span> <span class='ocrx_word' id='word_1_115' title='bbox 1525 2098 1846 2162; x_wconf 86' lang='lat' dir='ltr'>transiens</span> <span class='ocrx_word' id='word_1_116' title='bbox 1890 2097 2271 2163; x_wconf 83' lang='lat' dir='ltr'>universam</span> <span class='ocrx_word' id='word_1_117' title='bbox 2301 2091 2570 2160; x_wconf 85' lang='lat' dir='ltr'>Italiam</span> <span class='ocrx_word' id='word_1_118' title='bbox 2600 2091 2878 2162; x_wconf 82' lang='lat' dir='ltr'>afflixit.</span> 
     </span>
     <span class='ocr_line' id='line_1_16' title="bbox 643 2208 2880 2302; baseline 0 -25"><span class='ocrx_word' id='word_1_119' title='bbox 643 2208 1022 2300; x_wconf 74' lang='lat' dir='ltr'>corrigium</span> <span class='ocrx_word' id='word_1_120' title='bbox 1070 2224 1235 2277; x_wconf 85' lang='lat' dir='ltr'>tunc</span> <span class='ocrx_word' id='word_1_121' title='bbox 1281 2210 1726 2302; x_wconf 83' lang='lat' dir='ltr'>Regiensihus</span> <span class='ocrx_word' id='word_1_122' title='bbox 1772 2211 2168 2297; x_wconf 87' lang='lat' dir='ltr'>subjectum</span> <span class='ocrx_word' id='word_1_123' title='bbox 2228 2214 2299 2277; x_wconf 94' lang='lat' dir='ltr'>in</span> <span class='ocrx_word' id='word_1_124' title='bbox 2371 2210 2556 2277; x_wconf 85' lang='lat' dir='ltr'>urbis</span> <span class='ocrx_word' id='word_1_125' title='bbox 2601 2224 2880 2279; x_wconf 84' lang='lat' dir='ltr'>nostrae</span> 
     </span>
     <span class='ocr_line' id='line_1_17' title="bbox 516 2322 2882 2417; baseline 0.001 -22"><span class='ocrx_word' id='word_1_126' title='bbox 516 2363 521 2368; x_wconf 90' lang='lat'><strong>·</strong></span> <span class='ocrx_word' id='word_1_127' title='bbox 643 2328 848 2395; x_wconf 80' lang='lat' dir='ltr'>verba</span> <span class='ocrx_word' id='word_1_128' title='bbox 900 2322 1198 2413; x_wconf 57' lang='lat' dir='ltr'>juravit.</span> <span class='ocrx_word' id='word_1_129' title='bbox 1269 2327 1590 2395; x_wconf 84' lang='lat' dir='ltr'>Ceterum</span> <span class='ocrx_word' id='word_1_130' title='bbox 1656 2330 1694 2406; x_wconf 90' lang='lat' dir='ltr'>J</span> <span class='ocrx_word' id='word_1_131' title='bbox 1699 2349 1947 2398; x_wconf 82' lang='lat' dir='ltr'>oannes</span> <span class='ocrx_word' id='word_1_132' title='bbox 2016 2327 2409 2396; x_wconf 85' lang='lat' dir='ltr'>Galleacius</span> <span class='ocrx_word' id='word_1_133' title='bbox 2479 2325 2882 2417; x_wconf 84' lang='lat' dir='ltr'>proferendo</span> 
     </span>
     <span class='ocr_line' id='line_1_18' title="bbox 638 2443 2880 2536; baseline 0 -22"><span class='ocrx_word' id='word_1_134' title='bbox 638 2443 783 2514; x_wconf 79' lang='lat' dir='ltr'>late</span> <span class='ocrx_word' id='word_1_135' title='bbox 850 2447 1129 2534; x_wconf 84' lang='lat' dir='ltr'>imperio</span> <span class='ocrx_word' id='word_1_136' title='bbox 1198 2448 1497 2512; x_wconf 87' lang='lat' dir='ltr'>intentus</span> <span class='ocrx_word' id='word_1_137' title='bbox 1550 2446 1932 2515; x_wconf 88' lang='lat' dir='ltr'>Antonium</span> <span class='ocrx_word' id='word_1_138' title='bbox 1993 2445 2411 2536; x_wconf 82' lang='lat' dir='ltr'>Scaligerum</span> <span class='ocrx_word' id='word_1_139' title='bbox 2481 2448 2880 2534; x_wconf 86' lang='lat' dir='ltr'>gravissimo</span> 
     </span>
     <span class='ocr_line' id='line_1_19' title="bbox 439 2557 2880 2672; baseline 0 -42"><span class='ocrx_word' id='word_1_140' title='bbox 439 2605 472 2672; x_wconf 58' lang='lat' dir='ltr'><em>s</em></span> <span class='ocrx_word' id='word_1_141' title='bbox 640 2560 825 2630; x_wconf 81' lang='lat' dir='ltr'>bello</span> <span class='ocrx_word' id='word_1_142' title='bbox 868 2587 1027 2631; x_wconf 89' lang='lat' dir='ltr'>cum</span> <span class='ocrx_word' id='word_1_143' title='bbox 1073 2564 1423 2657; x_wconf 75' lang='lat' dir='ltr'>Francisco</span> <span class='ocrx_word' id='word_1_144' title='bbox 1467 2557 1776 2634; x_wconf 73' lang='lat' dir='ltr'>Cari-ario</span> <span class='ocrx_word' id='word_1_145' title='bbox 1830 2564 2244 2655; x_wconf 87' lang='lat' dir='ltr'>implicitum</span> <span class='ocrx_word' id='word_1_146' title='bbox 2292 2575 2393 2630; x_wconf 87' lang='lat' dir='ltr'>est</span> <span class='ocrx_word' id='word_1_147' title='bbox 2438 2563 2760 2644; x_wconf 82' lang='lat' dir='ltr'>adortus,</span> <span class='ocrx_word' id='word_1_148' title='bbox 2808 2578 2880 2631; x_wconf 87' lang='lat' dir='ltr'>et</span> 
     </span>
     <span class='ocr_line' id='line_1_20' title="bbox 640 2679 2881 2772; baseline 0.001 -25"><span class='ocrx_word' id='word_1_149' title='bbox 640 2679 890 2770; x_wconf 86' lang='lat' dir='ltr'>praelio</span> <span class='ocrx_word' id='word_1_150' title='bbox 956 2692 1348 2771; x_wconf 83' lang='lat' dir='ltr'>superatum</span> <span class='ocrx_word' id='word_1_151' title='bbox 1409 2680 1711 2761; x_wconf 84' lang='lat' dir='ltr'>Verona,</span> <span class='ocrx_word' id='word_1_152' title='bbox 1772 2680 2229 2772; x_wconf 86' lang='lat' dir='ltr'>Vicentiaque</span> <span class='ocrx_word' id='word_1_153' title='bbox 2294 2679 2635 2770; x_wconf 85' lang='lat' dir='ltr'>spoliavit.</span> <span class='ocrx_word' id='word_1_154' title='bbox 2709 2681 2881 2749; x_wconf 85' lang='lat' dir='ltr'>Inde</span> 
     </span>
     <span class='ocr_line' id='line_1_21' title="bbox 638 2796 2881 2888; baseline 0.002 -26"><span class='ocrx_word' id='word_1_155' title='bbox 638 2799 813 2864; x_wconf 87' lang='lat' dir='ltr'>intra</span> <span class='ocrx_word' id='word_1_156' title='bbox 883 2820 1133 2886; x_wconf 88' lang='lat' dir='ltr'>paucos</span> <span class='ocrx_word' id='word_1_157' title='bbox 1179 2796 1317 2866; x_wconf 85' lang='lat' dir='ltr'>dies</span> <span class='ocrx_word' id='word_1_158' title='bbox 1388 2822 1501 2888; x_wconf 88' lang='lat' dir='ltr'>per</span> <span class='ocrx_word' id='word_1_159' title='bbox 1559 2812 1817 2866; x_wconf 82' lang='lat' dir='ltr'>arctam</span> <span class='ocrx_word' id='word_1_160' title='bbox 1864 2797 2290 2867; x_wconf 88' lang='lat' dir='ltr'>ohsidionem</span> <span class='ocrx_word' id='word_1_161' title='bbox 2339 2809 2537 2886; x_wconf 88' lang='lat' dir='ltr'>capto</span> <span class='ocrx_word' id='word_1_162' title='bbox 2583 2796 2881 2867; x_wconf 85' lang='lat' dir='ltr'>Patavio</span> 
     </span>
     <span class='ocr_line' id='line_1_22' title="bbox 633 2911 2879 3000; baseline 0 -19"><span class='ocrx_word' id='word_1_163' title='bbox 633 2912 1020 2982; x_wconf 71' lang='lat' dir='ltr'>Gari-arium</span> <span class='ocrx_word' id='word_1_164' title='bbox 1069 2914 1579 2984; x_wconf 83' lang='lat' dir='ltr'>Modoetianum</span> <span class='ocrx_word' id='word_1_165' title='bbox 1629 2918 1698 2982; x_wconf 88' lang='lat' dir='ltr'>in</span> <span class='ocrx_word' id='word_1_166' title='bbox 1747 2939 2081 2982; x_wconf 85' lang='lat' dir='ltr'>carcerem</span> <span class='ocrx_word' id='word_1_167' title='bbox 2127 2915 2444 3000; x_wconf 87' lang='lat' dir='ltr'>conjecit.</span> <span class='ocrx_word' id='word_1_168' title='bbox 2486 2911 2657 2998; x_wconf 87' lang='lat' dir='ltr'>Ejus</span> <span class='ocrx_word' id='word_1_169' title='bbox 2688 2912 2879 2982; x_wconf 87' lang='lat' dir='ltr'>filius</span> 
     </span>
     <span class='ocr_line' id='line_1_23' title="bbox 636 3029 2880 3123; baseline 0.001 -26"><span class='ocrx_word' id='word_1_170' title='bbox 636 3029 1027 3100; x_wconf 79' lang='lat' dir='ltr'>Franciscus</span> <span class='ocrx_word' id='word_1_171' title='bbox 1059 3031 1141 3100; x_wconf 85' lang='lat' dir='ltr'>de</span> <span class='ocrx_word' id='word_1_172' title='bbox 1171 3056 1293 3100; x_wconf 83' lang='lat' dir='ltr'>sua</span> <span class='ocrx_word' id='word_1_173' title='bbox 1340 3046 1411 3101; x_wconf 90' lang='lat' dir='ltr'>et</span> <span class='ocrx_word' id='word_1_174' title='bbox 1460 3036 1663 3123; x_wconf 83' lang='lat' dir='ltr'>patris</span> <span class='ocrx_word' id='word_1_175' title='bbox 1709 3035 1851 3101; x_wconf 84' lang='lat' dir='ltr'>vita</span> <span class='ocrx_word' id='word_1_176' title='bbox 1895 3032 2222 3100; x_wconf 87' lang='lat' dir='ltr'>sollicitus</span> <span class='ocrx_word' id='word_1_177' title='bbox 2260 3035 2560 3120; x_wconf 84' lang='lat' dir='ltr'>primum</span> <span class='ocrx_word' id='word_1_178' title='bbox 2595 3030 2682 3096; x_wconf 83' lang='lat' dir='ltr'>ad</span> <span class='ocrx_word' id='word_1_179' title='bbox 2712 3030 2880 3100; x_wconf 85' lang='lat' dir='ltr'>Flo-</span> 
     </span>
     <span class='ocr_line' id='line_1_24' title="bbox 637 3140 2879 3240; baseline 0 -26"><span class='ocrx_word' id='word_1_180' title='bbox 637 3150 934 3218; x_wconf 81' lang='lat' dir='ltr'>rentinos</span> <span class='ocrx_word' id='word_1_181' title='bbox 976 3152 1277 3229; x_wconf 83' lang='lat' dir='ltr'>transiit,</span> <span class='ocrx_word' id='word_1_182' title='bbox 1308 3140 1422 3218; x_wconf 73' lang='lat' dir='ltr'>sed</span> <span class='ocrx_word' id='word_1_183' title='bbox 1454 3151 1637 3240; x_wconf 90' lang='lat' dir='ltr'>quod</span> <span class='ocrx_word' id='word_1_184' title='bbox 1686 3173 1753 3217; x_wconf 87' lang='lat' dir='ltr'>se</span> <span class='ocrx_word' id='word_1_185' title='bbox 1799 3150 1981 3240; x_wconf 82' lang='lat' dir='ltr'>apud</span> <span class='ocrx_word' id='word_1_186' title='bbox 2026 3173 2136 3218; x_wconf 88' lang='lat' dir='ltr'>eos</span> <span class='ocrx_word' id='word_1_187' title='bbox 2183 3152 2405 3216; x_wconf 85' lang='lat' dir='ltr'>minus</span> <span class='ocrx_word' id='word_1_188' title='bbox 2454 3160 2686 3213; x_wconf 87' lang='lat' dir='ltr'>tutum</span> <span class='ocrx_word' id='word_1_189' title='bbox 2733 3172 2879 3215; x_wconf 85' lang='lat' dir='ltr'>cre-</span> 
     </span>
     <span class='ocr_line' id='line_1_25' title="bbox 635 3264 2869 3356; baseline 0 -25"><span class='ocrx_word' id='word_1_190' title='bbox 635 3264 820 3332; x_wconf 81' lang='lat' dir='ltr'>deret</span> <span class='ocrx_word' id='word_1_191' title='bbox 888 3267 974 3332; x_wconf 82' lang='lat' dir='ltr'>ad</span> <span class='ocrx_word' id='word_1_192' title='bbox 1041 3265 1476 3356; x_wconf 78' lang='lat' dir='ltr'>Stephanum</span> <span class='ocrx_word' id='word_1_193' title='bbox 1516 3268 1748 3336; x_wconf 85' lang='lat' dir='ltr'>Norici</span> <span class='ocrx_word' id='word_1_194' title='bbox 1793 3269 2056 3336; x_wconf 82' lang='lat' dir='ltr'>Ducem</span> <span class='ocrx_word' id='word_1_195' title='bbox 2113 3265 2494 3356; x_wconf 82' lang='lat' dir='ltr'>transfugit.</span> <span class='ocrx_word' id='word_1_196' title='bbox 2555 3266 2869 3333; x_wconf 88' lang='lat' dir='ltr'>Demum</span> 
     </span>
     <span class='ocr_line' id='line_1_26' title="bbox 639 3377 2875 3490; baseline 0.001 -44"><span class='ocrx_word' id='word_1_197' title='bbox 639 3377 1024 3452; x_wconf 81' lang='lat' dir='ltr'>faventibus</span> <span class='ocrx_word' id='word_1_198' title='bbox 1056 3382 1335 3450; x_wconf 84' lang='lat' dir='ltr'>Venetis</span> <span class='ocrx_word' id='word_1_199' title='bbox 1385 3397 1650 3452; x_wconf 84' lang='lat' dir='ltr'>mutata</span> <span class='ocrx_word' id='word_1_200' title='bbox 1686 3397 1866 3453; x_wconf 82' lang='lat' dir='ltr'>veste</span> <span class='ocrx_word' id='word_1_201' title='bbox 1897 3385 2256 3453; x_wconf 86' lang='lat' dir='ltr'>Patavium</span> <span class='ocrx_word' id='word_1_202' title='bbox 2304 3386 2629 3473; x_wconf 85' lang='lat' dir='ltr'>ingressus</span> <span class='ocrx_word' id='word_1_203' title='bbox 2682 3405 2875 3490; x_wconf 89' lang='lat' dir='ltr'>prae-</span> 
     </span>
     <span class='ocr_line' id='line_1_27' title="bbox 545 3498 2872 3592; baseline 0.001 -30"><span class='ocrx_word' id='word_1_204' title='bbox 545 3531 550 3535; x_wconf 95' lang='lat'>·</span> <span class='ocrx_word' id='word_1_205' title='bbox 637 3507 737 3562; x_wconf 80' lang='lat' dir='ltr'>ter</span> <span class='ocrx_word' id='word_1_206' title='bbox 805 3521 1024 3564; x_wconf 86' lang='lat' dir='ltr'>arcem</span> <span class='ocrx_word' id='word_1_207' title='bbox 1094 3508 1456 3589; x_wconf 81' lang='lat' dir='ltr'>paternum</span> <span class='ocrx_word' id='word_1_208' title='bbox 1510 3503 1870 3590; x_wconf 84' lang='lat' dir='ltr'>imperium</span> <span class='ocrx_word' id='word_1_209' title='bbox 1927 3504 2196 3592; x_wconf 87' lang='lat' dir='ltr'>recepit.</span> <span class='ocrx_word' id='word_1_210' title='bbox 2243 3499 2550 3566; x_wconf 80' lang='lat' dir='ltr'>Tandem</span> <span class='ocrx_word' id='word_1_211' title='bbox 2597 3498 2872 3587; x_wconf 65' lang='lat' dir='ltr'>Alhprti</span> 
     </span>
     <span class='ocr_line' id='line_1_28' title="bbox 633 3609 2869 3712; baseline 0.001 -32"><span class='ocrx_word' id='word_1_212' title='bbox 633 3615 960 3697; x_wconf 71' lang='lat' dir='ltr'>Atestini,</span> <span class='ocrx_word' id='word_1_213' title='bbox 1006 3619 1126 3707; x_wconf 91' lang='lat' dir='ltr'>qui</span> <span class='ocrx_word' id='word_1_214' title='bbox 1171 3609 1769 3688; x_wconf 66' lang='lat' dir='ltr'>Nicolao&#39;Claudo</span> <span class='ocrx_word' id='word_1_215' title='bbox 1826 3615 2018 3687; x_wconf 84' lang='lat' dir='ltr'>fratri</span> <span class='ocrx_word' id='word_1_216' title='bbox 2059 3644 2138 3689; x_wconf 86' lang='lat' dir='ltr'>eo</span> <span class='ocrx_word' id='word_1_217' title='bbox 2187 3643 2365 3686; x_wconf 87' lang='lat' dir='ltr'>anno</span> <span class='ocrx_word' id='word_1_218' title='bbox 2411 3627 2869 3712; x_wconf 77' lang='lat' dir='ltr'>successerat,</span> 
     </span>
     <span class='ocr_line' id='line_1_29' title="bbox 636 3713 2870 3827; baseline 0 -29"><span class='ocrx_word' id='word_1_219' title='bbox 636 3745 706 3798; x_wconf 84' lang='lat' dir='ltr'>et</span> <span class='ocrx_word' id='word_1_220' title='bbox 749 3730 1288 3802; x_wconf 86' lang='lat' dir='ltr'>Florentinorum</span> <span class='ocrx_word' id='word_1_221' title='bbox 1338 3736 1624 3817; x_wconf 86' lang='lat' dir='ltr'>auxilio,</span> <span class='ocrx_word' id='word_1_222' title='bbox 1646 3735 1861 3827; x_wconf 61' lang='lat' dir='ltr'>‘pulsis</span> <span class='ocrx_word' id='word_1_223' title='bbox 1891 3736 2390 3806; x_wconf 77' lang='lat' dir='ltr'>vicecomitum</span> <span class='ocrx_word' id='word_1_224' title='bbox 2421 3713 2660 3823; x_wconf 80' lang='lat' dir='ltr'>copiis,</span> <span class='ocrx_word' id='word_1_225' title='bbox 2695 3732 2870 3799; x_wconf 86' lang='lat' dir='ltr'>libe-</span> 
     </span>
     <span class='ocr_line' id='line_1_30' title="bbox 634 3849 2868 3940; baseline 0.001 -26"><span class='ocrx_word' id='word_1_226' title='bbox 634 3872 779 3915; x_wconf 86' lang='lat' dir='ltr'>ram</span> <span class='ocrx_word' id='word_1_227' title='bbox 828 3851 1065 3916; x_wconf 87' lang='lat' dir='ltr'>urbem</span> <span class='ocrx_word' id='word_1_228' title='bbox 1113 3850 1384 3919; x_wconf 80' lang='lat' dir='ltr'>habuit.</span> <span class='ocrx_word' id='word_1_229' title='bbox 1424 3853 1710 3930; x_wconf 82' lang='lat' dir='ltr'>Joannes</span> <span class='ocrx_word' id='word_1_230' title='bbox 1745 3869 1898 3922; x_wconf 80' lang='lat' dir='ltr'>ve&#39;ro</span> <span class='ocrx_word' id='word_1_231' title='bbox 1929 3852 2314 3921; x_wconf 85' lang='lat' dir='ltr'>Galleacius</span> <span class='ocrx_word' id='word_1_232' title='bbox 2360 3855 2428 3918; x_wconf 90' lang='lat' dir='ltr'>in</span> <span class='ocrx_word' id='word_1_233' title='bbox 2479 3853 2714 3940; x_wconf 84' lang='lat' dir='ltr'>primis</span> <span class='ocrx_word' id='word_1_234' title='bbox 2746 3849 2868 3917; x_wconf 86' lang='lat' dir='ltr'>Al-</span> 
     </span>
     <span class='ocr_line' id='line_1_31' title="bbox 634 3957 2869 4060; baseline 0 -27"><span class='ocrx_word' id='word_1_235' title='bbox 634 3957 921 4033; x_wconf 79' lang='lat' dir='ltr'>hertum‘</span> <span class='ocrx_word' id='word_1_236' title='bbox 957 3968 1387 4050; x_wconf 81' lang='lat' dir='ltr'>Atestinum‚</span> <span class='ocrx_word' id='word_1_237' title='bbox 1440 3971 1686 4060; x_wconf 78' lang='lat' dir='ltr'>oppido</span> <span class='ocrx_word' id='word_1_238' title='bbox 1741 3972 1972 4039; x_wconf 88' lang='lat' dir='ltr'>Ateste</span> <span class='ocrx_word' id='word_1_239' title='bbox 2046 3970 2329 4049; x_wconf 87' lang='lat' dir='ltr'>tradito,</span> <span class='ocrx_word' id='word_1_240' title='bbox 2395 3970 2869 4035; x_wconf 82' lang='lat' dir='ltr'>saevissimum</span> 
     </span>
     <span class='ocr_line' id='line_1_32' title="bbox 632 4083 2866 4176; baseline 0 -24"><span class='ocrx_word' id='word_1_241' title='bbox 632 4083 893 4152; x_wconf 85' lang='lat' dir='ltr'>hostem</span> <span class='ocrx_word' id='word_1_242' title='bbox 941 4086 1263 4176; x_wconf 74' lang='lat' dir='ltr'>placavit,</span> <span class='ocrx_word' id='word_1_243' title='bbox 1308 4088 1551 4156; x_wconf 86' lang='lat' dir='ltr'>deinde</span> <span class='ocrx_word' id='word_1_244' title='bbox 1595 4091 1927 4166; x_wconf 89' lang='lat' dir='ltr'>Jacobnm</span> <span class='ocrx_word' id='word_1_245' title='bbox 1960 4089 2313 4157; x_wconf 87' lang='lat' dir='ltr'>Vermium</span> <span class='ocrx_word' id='word_1_246' title='bbox 2359 4098 2596 4154; x_wconf 82' lang='lat' dir='ltr'>contra</span> <span class='ocrx_word' id='word_1_247' title='bbox 2643 4085 2866 4154; x_wconf 86' lang='lat' dir='ltr'>Bono-</span> 
     </span>
     <span class='ocr_line' id='line_1_33' title="bbox 633 4206 2860 4298; baseline -0.001 -28"><span class='ocrx_word' id='word_1_248' title='bbox 633 4206 888 4272; x_wconf 87' lang='lat' dir='ltr'>nienses</span> <span class='ocrx_word' id='word_1_249' title='bbox 963 4217 1417 4298; x_wconf 84' lang='lat' dir='ltr'>pugnaturum</span> <span class='ocrx_word' id='word_1_250' title='bbox 1493 4210 1709 4290; x_wconf 83' lang='lat' dir='ltr'>misit,</span> <span class='ocrx_word' id='word_1_251' title='bbox 1766 4211 1886 4298; x_wconf 83' lang='lat' dir='ltr'>qui</span> <span class='ocrx_word' id='word_1_252' title='bbox 1945 4233 1984 4275; x_wconf 87' lang='lat' dir='ltr'>a</span> <span class='ocrx_word' id='word_1_253' title='bbox 2032 4209 2295 4286; x_wconf 82' lang='lat' dir='ltr'>-Joanne</span> <span class='ocrx_word' id='word_1_254' title='bbox 2343 4207 2626 4273; x_wconf 88' lang='lat' dir='ltr'>Aucuto</span> <span class='ocrx_word' id='word_1_255' title='bbox 2693 4216 2860 4269; x_wconf 87' lang='lat' dir='ltr'>tunc</span> 
     </span>
    </p>
   </div>
  </div>
 </body>
</html>
