2950 5017
908 416 1108 462 msn
1152 415 1452 472 Qusams
1578 406 1583 409 '
2149 402 2279 492 239

61 540 269 635 fratre
317 538 591 609 alterius
634 536 965 607 Gnidonis
1011 535 1144 605 fuit
1177 540 1279 618 (¹),
1323 541 1442 629 qui
1489 537 2278 610 ArchidiaconusBono-

57 659 316 727 niensis
377 679 501 748 per
560 678 673 725 eos
718 654 856 722 dies
903 678 1145 745 magna
1208 676 1367 722 cum
1432 653 1633 723 leude
1689 656 1809 732 Jus
1851 654 2283 726 Pontificium

55 750 414 844 Bononiae
481 771 1074 862 interpretabatur,
1119 771 1316 865 cujus
1377 769 1628 859 glossae
1697 784 1927 840 tantae
1995 777 2284 844 auctori-

58 894 225 961 tatis
273 889 595 970 fuerunt,
638 900 720 956 ut
782 911 905 979 pro
972 887 1115 978 lege
1181 887 1590 956 haberentur
1627 891 1726 957 (⁸).
1773 888 1906 956 Sed
1960 890 2075 959 ille
2128 904 2281 982 post

54 1009 332 1090 deceni,
373 1004 456 1074 et'
485 1017 642 1075 octo
685 1028 892 1074 annos
937 1003 1305 1073 sirmiensis
1349 1002 1730 1096 Episcopus
1772 1003 1994 1075 factus
2027 1007 2283 1078 Gnido-

59 1148 234 1193 ηοω
281 1122 660 1192 Robertum
703 1143 1145 1190 successorem
1190 1120 1454 1188 habuit.

211 1239 472 1307 Interea
502 1236 826 1305 Henricus
872 1240 1157 1329 septimo
1201 1237 1353 1304 idus
1395 1239 1668 1327 augusti
1705 1236 1994 1305 Romam
2045 1238 2129 1325 ad
2174 1261 2288 1308 co-

65 1379 313 1426 ronam
367 1377 641 1423 auream
700 1354 1088 1446 capiendam
1141 1354 1359 1422 iturus
1403 1354 1689 1444 Regium
1731 1356 1967 1434 ,venit3
2015 1355 2171 1423 inde
2214 1358 2287 1424 in

67 1473 461 1541 Retruriam
531 1467 901 1560 profectus,
945 1452 1451 1552 Perusinorum,
1494 1473 1614 1561 qui
1660 1493 1711 1535 a·
1744 1493 1815 1537 se
1867 1466 2287 1565 defecerant,

75 1611 317 1681 agrum
375 1586 729 1667 crudeliter
771 1566 1170 1668 devastavit,
1240 1588 1405 1655 Mox
1471 1612 1629 1654 cnm
1677 1588 2149 1655 Genuensibus
2217 1599 2291 1655 et

75 1705 411 1774 Friderico
456 1703 732 1772 Siciliae
791 1728 949 1795 rege
1016 1716 1246 1772 contra
1293 1705 1661 1773 Robertum
1713 1705 2005 1794 Apuliae
2051 1707 2292 1795 princi·-

79 1844 246 1911 pem
287 1819 542 1890 foedere
588 1843 895 1913 percusso
945 1821 1360 1890 Florentinos
1404 1820 1584 1889 bello
1630 1845 1883 1888 vexare
1927 1824 2176 1912 coepit,
2218 1833 2290 1888 et

85 1939 156 2005 in
196 1935 536 2019 senenses,
582 1961 752 2028 quos
801 1961 999 2005 avare
1042 1940 1329 2005 nimium
1399 1950 1471 2003 et
1541 1936 1836 2028 maligne
1903 1951 2289 2006 comeatum

86 2052 586 2122 subministrare
618 2052 918 2133 dicebat,
949 2058 1303 2121 conversus
1350 2065 1564 2121 totam
1605 2055 1985 2121 Hetruriam
2034 2036 2292 2120 tuinul-

89 2169 261 2237 tibus
302 2169 638 2261 implevit.
687 2169 984 2237 Demum
1036 2169 1443 2259 aegritudine
1487 2181 1822 2260 correptus
1867 2182 1938 2237 et
1984 2169 2073 2237 ad
2118 2162 2314 2238 Bon-⁴

87 2300 484 2355 conventum
553 2285 816 2356 delatus
896 2274 1072 2355 intra
1137 2310 1389 2378 ¹paucos
1454 2287 1596 2355 dies
1662 2287 1921 2356 decimo
1987 2287 2292 2355 calendas

87 2403 465 2494 septembris
509 2402 815 2471 decessit.
867 2404 1080 2470 Fama
1137 2415 1236 2470 est
1292 2427 1331 2469 a
1385 2404 1688 2492 religioso
1743 2428 1832 2492 ex
1877 2404 2294 2492 Praedicato-

90 2540 230 2585 rnm
271 2519 531 2599 ordine,
574 2521 695 2608 qui
749 2518 1161 2587 Florentinis
1211 2521 1596 2587 auctoribus
1641 2519 2138 2586 Eucharistiam
2185 2540 2295 2587 ve·

93 2659 254 2705 neno
306 2634 595 2706 oblitam
665 2639 1110 2717 ministravit,
1155 2639 1533 2704 extinctum
1588 2633 1791 2703 fuisse
1834 2636 1935 2702 (3).
1989 2635 2295 2703 Cadaver

93 2752 435 2843 magnifica
487 2776 736 2844 pompa
783 2753 1076 2835 elatum,
1124 2755 1289 2821 Pisis
1354 2777 1506 2821 caro
1576 2776 1736 2819 cum
1803 2757 2137 2834 intestinis
2180 2753 2296 2818 de-

91 2873 331 2958 posita,
370 2895 518 2939 ossa
581 2874 651 2939 in
724 2869 1159 2940 Germaniam
1221 2869 1578 2950 translata,
1619 2892 1729 2938 cor
1774 2882 2156 2938 extractum
2223 2882 2295 2936 et

96 2984 388 3055 Genuam
454 2992 737 3056 missum
806 2991 987 3081 apud
1056 3012 1335 3057 uxorem
1403 2987 1748 3057 conditum
1819 3003 1954 3054 esse
2021 2987 2289 3055 dicitur.

95 3100 396 3174 Senensoe
440 3107 531 3174 de
576 3106 884 3175 Caesaris
941 3120 1158 3176 morte
1187 3106 1442 3186 ,literis,
1485 3128 1659 3195 quae
1728 3104 1950 3173 adhuc
2018 3118 2291 3187 extant,

96 3218 519 3293 Bononienses
564 3228 871 3293 certiores
928 3224 1274 3304 fecerunt,
1318 3247 1488 3315 quas
1554 3222 1655 3289 illi
1725 3226 1958 3290 statim
2007 3222 2292 3313 Regium

95 3338 426 3407 miserunt.
473 3338 619 3430 Ego
664 3364 772 3409 eas
819 3364 1233 3431 quamquam
1292 3341 1525 3407 rudius
1553 3352 1893 3419 exaratas,
1925 3362 2061 3407 uno
2090 3351 2298 3430 atque
2383 3313 2424 3367 .-

97 3451 534 3527 altero-verbo
580 3457 667 3524 ad
697 3461 989 3526 nimiam
1021 3457 1396 3525 barbariem
1428 3457 1819 3526 evitandam
1842 3438 2294 3539 commutato,

96 3567 193 3640 hic
229 3576 517 3645 inserere
559 3575 773 3648 volui.
1981 3544 1985 3549 ι

167 3891 246 3959 (ι)
274 3891 364 3945 Jo.
385 3893 561 3946 Andr.
594 3893 651 3945 in
685 3894 847 3947 addit.
879 3895 944 3947 sd
975 3912 1108 3965 spec.
1141 3896 1199 3947 in
1235 3913 1430 3966 proem.
1462 3913 1535 3948 ec.
1569 3903 1621 3947 et
1655 3894 1712 3947 in
1747 3893 1988 3964 pluribus
2021 3892 2294 3963 scripturis

102 3980 321 4037 Ambivii
355 3970 570 4057 misci,
603 3987 799 4057 templi.

169 4077 244 4149 (s)
274 4079 361 4134 Jo.
393 4081 570 4135 Andr.
602 4081 659 4133 in
697 4083 864 4151 princ.
897 4090 1021 4135 sext.

173 4170 250 4243 (3)
279 4173 416 4229 Phr.
447 4173 509 4229 in
543 4173 799 4230 Clement-
838 4176 906 4230 V.
946 4176 1187 4230 Penduif.
1221 4176 1335 4233 Col.
1368 4176 1458 4232 lib.
1494 4179 1542 4231 5.
1575 4177 1694 4231 hist.
1725 4175 1884 4247 Neap-
