2950 5017
911 395 1127 455 mann.
1160 395 1452 457 oum-rus
2155 349 2285 452 353

61 518 314 590 fortine
383 529 622 587 antea
683 519 1007 590 traditum
1023 572 1044 603 ,
1087 521 1274 612 quod
1327 521 1415 590 ad
1458 519 1842 590 Parmenees
1895 524 2285 613 pertineret,

60 637 445 704 'icecomiti
501 648 617 704 eat
663 640 1070 705 restitutum.
1118 636 1346 705 Rebus
1388 639 1487 704 ita
1531 639 1912 727 compositis
1956 623 2283 708 Nicolaus

60 753 623 821 >nventionibua
649 776 821 843 quas
851 776 1009 821 cum
1040 752 1478 842 Regiensibus
1507 756 1847 845 pepigerat
1875 753 2292 825 confirmatis

60 871 239 936 mnia
286 870 592 938 civium
637 870 815 939 bona
860 893 900 936 a
945 891 1375 959 quocumque
1421 869 1828 939 tributorum
1882 893 2112 960 genere
2158 874 2284 939 irn-

60 990 247 1054 mnia
295 1008 461 1053 esee
517 985 891 1054 declaravit
917 987 1021 1066 (¹),
1060 1008 1240 1076 quae⁴
1265 997 1590 1076 sequente
1624 1010 1800 1054 anno
1828 985 2039 1080 pridie
2072 1011 2278 1058 nonas
2386 1035 2390 1039 Δ

60 1106 176 1170 »aii
223 1125 508 1176 turena,
535 1102 961 1172 confirmavit
982 1153 1003 1184 ,
1056 1117 1126 1170 et
1192 1102 1260 1170 id
1327 1114 1683 1194 praeterea·
1729 1104 2026 1186 addidit,
2071 1116 2152 1172 ut
2193 1130 2283 1176 ex

60 1222 194 1309 gris
237 1209 607 1287 collectos
649 1216 915 1286 fructus
960 1221 1128 1286 citra
1171 1217 1602 1310 vectigalium
1670 1244 1839 1290 onus
1903 1224 1974 1288 in
2044 1221 2285 1289 urbem

60 1335 224 1402 ibere
270 1332 553 1402 inferre
600 1337 781 1403 cives
833 1346 1132 1424 possent,
1175 1358 1345 1403 neve
1390 1335 1680 1422 alicujus
1724 1335 2005 1404 Castelli
2049 1339 2279 1405 cenaui

60 1475 248 1521 otum
310 1451 546 1550 hona¹
592 1452 1094 1521 ascriberentur.
1141 1452 1611 1521 constitutum
1657 1457 1937 1545 quoque
1977 1451 2148 1536 fuit,
2201 1465 2284 1522 ut

60 1593 156 1659 [uo
184 1570 300 1636 die
331 1569 759 1660 Assumptio
789 1569 1077 1659 Virginis
1121 1569 1526 1652 celebratur,
1572 1594 1802 1640 omnes
1846 1572 2276 1662 Regiensiurn

60 1689 176 1777 ‚agi
237 1686 509 1774 majori
584 1685 840 1775 templo
883 1689 1243 1776 quotannis
1291 1710 1538 1755 munus
1582 1686 1926 1756 offerrent.
1973 1687 2275 1757 Feltrino

60 1828 179 1872 tero
224 1803 575 1892 Bojardo,
619 1828 822 1894 quem
869 1801 1083 1871 fidum
1125 1802 1309 1894 longi
1354 1806 1609 1872 itineris
1653 1809 1967 1875 comitem
2017 1805 2277 1876 habue-

60 1937 166 2000 rat,
208 1920 589 1990 clientelae
631 1922 902 1990 nomine
945 1919 1438 2002 Scandianum,
1483 1919 1832 2011 Gypeum,
1877 1921 2276 2005 Recettum,

60 2050 105 2102 at
127 2036 622 2121 Turricellarn,
657 2061 833 2129 quae
862 2035 1104 2106 Carolo
1134 2036 1455 2106 Folleano
1502 2040 1866 2128 eripuerat,
1914 2037 2276 2106 liberaliter

60 2157 374 2223 manmit.
423 2155 763 2222 Ceterum
829 2153 1190 2221 Albertum
1257 2153 1632 2222 Robertum
1700 2154 1986 2224 Gabrini
2053 2154 2275 2222 filium

60 2291 192 2337 eum
229 2271 625 2362 Margarita
668 2283 880 2338 matre
936 2268 1253 2337 fratribus
1320 2273 1389 2338 in
1458 2270 1740 2338 exilium
1787 2273 1950 2340 actis
1995 2272 2274 2354 occidit,

60 2389 214 2477 qnod
271 2389 478 2458 malie
555 2389 811 2458 artibus
854 2388 1217 2460 Albertum
1261 2387 1527 2457 Nicolai
1588 2400 1848 2479 patrem
1896 2392 1966 2457 in
2012 2372 2274 2482 Marga-

60 2506 203 2572 ritae
243 2531 562 2578 amorem
609 2509 1055 2598 pertraxisset.

172 2623 349 2692 Inter
392 2624 578 2693 haec
622 2623 918 2715 Philippi
960 2624 1559 2714 Mediolanensium
1604 2626 1839 2705 Ducis,
1887 2627 2007 2714 qui
2054 2625 2268 2691 maxi-

66 2759 223 2806 mam
266 2755 535 2831 partem
585 2745 845 2833 paterni
888 2744 1153 2832 imperii
1187 2753 1729 2831 recuperaverat,
1756 2744 1826 2807 in
1858 2743 2268 2808 immensum

69 2856 230 2923 vires.
254 2871 731 2941 excreverant,
775 2881 991 2952 usque
1037 2857 1203 2926 adeo
1249 2870 1357 2938 ut,
1401 2857 1647 2925 Genua
1707 2862 1807 2928 in.
1843 2879 2036 2924 suam
2081 2868 2269 2947 pote-

68 2981 278 3040 statem
320 2976 628 3058 redacta,
672 2987 743 3042 et
787 2973 973 3043 hello
1017 2972 1418 3042 Florentinis
1462 2972 1680 3055 illato,
1711 2975 2094 3041 Hetruriam
2120 2997 2263 3042 .suo

73 3085 318 3176 imperio
360 3116 434 3160 ae
478 3093 904 3161 adiecturum
949 3068 1340 3159 ininaretur.
1387 3089 1500 3157 Illi
1549 3091 1721 3158 tanti
1767 3090 1972 3158 hostis
2027 3101 2263 3182 poten-

75 3203 215 3271 tiam
266 3212 462 3277 veriti
509 3210 955 3290 Laurentium
1004 3206 1446 3298 Rodulphum
1515 3206 2022 3276 celeberrimum
2087 3208 2265 3294 jure-

75 3322 422 3394 consultum
465 3326 770 3417 legatum
801 3325 1118 3395 Venetiae
1150 3326 1459 3405 mittunt,
1492 3326 1611 3414 qui
1640 3327 1900 3392 senatui
1945 3323 2262 3407 suadeat,

77 3445 147 3499 ut
202 3462 423 3512 secum
491 3455 729 3514 contra
773 3443 1253 3513 Vicecornitem
1298 3423 1685 3534 propediem
1729 3452 1946 3516 totam
1991 3441 2262 3509 Italiam

77 3549 438 3629 invasurum
505 3561 675 3631 belli
741 3564 954 3631 socius
1021 3584 1158 3634 esse
1223 3559 1412 3634 velit.
1462 3560 1531 3632 Is
1571 3572 1653 3627 ut
1699 3571 1844 3628 erat
1904 3558 2256 3650 praeclaris

83 3668 260 3739 animi
299 3681 729 3763 ornamentis,
758 3688 831 3748 et
861 3676 1154 3748 naturali
1199 3679 1404 3746 etiam
1450 3676 1839 3767 eloquentia
1882 3678 2255 3744 instructus

80 3776 251 3873 longa
291 3797 587 3866 oratione
630 3809 962 3868 senatores
1028 3798 1101 3866 in
1168 3797 1422 3886 patriae
1490 3816 1652 3861 suae
1719 3804 1941 3883 partes
1998 3789 2260 3858 trahere

89 3917 333 3976 conatus
376 3928 496 3982 est.
545 3913 678 3993 Sed
724 3936 881 3982 cum
928 3912 1133 3982 nullis
1190 3910 1561 4008 rationibus
1615 3909 1890 3979 nullave
1942 3921 2084 3978 arte
2128 3907 2263 3975 Ve-

151 4135 221 4207 (¹)
248 4141 308 4198 1¹¹
338 4164 451 4204 tren
483 4154 582 4222 jur.
614 4170 763 4212 cavae
796 4152 887 4209 fol.
921 4152 971 4220 4.
1003 4169 1285 4207 καοοωιι
1303 4188 1320 4221 ,
1350 4165 1678 4203 mccccxxm.

1964 4242 2031 4294 23
