2950 5017
934 412 1132 456 traua
1178 412 1423 458 ramus
1543 373 1546 378 ¹
2183 397 2267 484 37

34 530 121 598 al
164 529 702 622 confligendum
747 532 933 597 exiit.
980 531 1325 621 Pugnandi
1390 534 1648 621 copiam
1717 531 2002 600 faciente
2045 534 2265 603 Poeno

30 650 269 738 ptimo
300 650 589 738 ingente
618 660 830 736 strage
858 644 1080 727 fusus,
1111 659 1335 736 postea
1366 671 1583 736 aequo
1610 647 1828 716 Marte
1859 671 2264 739 congressus,

30 769 179 855 ipse
232 766 519 832 Lucam
562 745 781 853 petiit,
811 775 883 829 et
912 764 1205 830 Annibal
1247 767 1318 831 in
1363 764 1636 854 Ligures
1679 743 2030 847 concessit3
2059 791 2264 857 quem

32 881 249 950 Galli
298 883 400 948 ab
441 885 789 970 utriusque
841 881 1047 974 partis
1093 882 1388 947 exercitu
1431 885 1750 970 oppressi,
1792 886 1865 974 in
1910 907 2067 950 eum
2112 884 2266 968 odio

42 1021 89 1063 a
132 996 492 1065 Romanis
535 1017 879 1075 converso,
919 998 1187 1084 saepius
1230 1019 1343 1085 per
1386 996 1653 1064 insidias
1699 996 1930 1066 tollere
1974 1010 2272 1067 tentave-

36 1126 253 1180 runt.
300 1110 444 1178 Sed
484 1109 603 1177 ille
646 1113 919 1177 crimine
966 1134 1082 1200 per
1124 1111 1371 1178 indices
1414 1114 1704 1201 cognito,
1749 1137 1928 1180 nunc
1971 1115 2268 1183 vestibus

42 1230 359 1294 mutatis
377 1277 398 1306 ,
426 1249 610 1315 nunc
639 1226 964 1308 crinibus,
992 1249 1162 1315 quos
1190 1227 1597 1314 diversarum
1630 1239 1932 1295 aetatum
1962 1233 2270 1319 componi

48 1345 402 1430 jusserat,
449 1342 656 1410 alium·
702 1366 771 1409 se
818 1343 1231 1423 mentiendo,
1275 1345 1519 1433 punica
1563 1355 1702 1411 arte
1756 1344 1956 1413 elusis
2023 1348 2271 1415 sicariis

50 1485 127 1528 se
174 1458 592 1529 incolumem
636 1462 947 1526 servavit.
995 1459 1290 1525 Demum
1310 1510 1330 1539 ,
1363 1483 1446 1526 ne
1475 1452 1800 1550 perpetuo
1832 1464 2067 1531 timore
2099 1464 2272 1529 inter

54 1575 313 1645 infidos
357 1574 665 1644 homines
710 1586 1066 1658 teneretur,
1108 1579 1425 1664 suspectis
1470 1579 1658 1643 sociis
1702 1576 1969 1657 relictis,
2012 1581 2083 1645 in
2131 1580 2271 1645 He-

60 1694 366 1760 truriam
394 1689 652 1768 bellum
686 1689 1048 1757 transtulit.
1080 1689 1437 1757 Caeterum
1469 1690 1604 1757 Gn.
1635 1689 1953 1759 ¹Servilius
1983 1692 2271 1774 Consul,

58 1809 201 1898 qni
232 1806 619 1896 Sempronio
651 1819 1077 1886 successerat,
1104 1804 1369 1873 levibus
1399 1805 1662 1896 praeliis
1689 1830 1848 1874 cum
1880 1807 2094 1874 Gallis
2126 1820 2273 1897 per-

63 1927 279 2002 actis,
312 1935 387 1989 et
412 1921 690 2011 ignobili
720 1922 1012 2012 quodam
1058 1922 1304 2011 oppido
1349 1934 1759 2011 expugnato,
1803 1946 1959 1990 cum
2005 1922 2268 1989 cladem
2362 1968 2371 1976 -

66 2063 349 2109 suorum
420 2038 506 2106 ad
563 2037 1021 2105 Trasimenum
1091 2038 1317 2104 lacum
1388 2050 1727 2128 acceptam
1797 2038 2273 2121 intellexisset,

68 2161 332 2248 patriae
378 2156 730 2224 moenibus
772 2168 1074 2222 metuens
1097 2205 1117 2234 ,
1162 2155 1449 2225 Romam
1501 2158 1883 2223 revertitur.
1928 2154 2273 2246 Plerisque

68 2297 231 2342 vero
278 2271 505 2339 Gallis
547 2272 798 2339 Poenos
842 2273 908 2337 in
956 2272 1338 2337 Hetruriam
1391 2273 1667 2352 secutis,
1712 2272 1792 2337 L.
1840 2270 2274 2338 Posthumius

76 2389 373 2456 Albinus
427 2388 698 2455 Praetor
754 2399 1041 2468 creatus,
1094 2408 1252 2453 cum
1322 2388 1620 2453 exercitu
1683 2385 1769 2451 ad
1835 2386 2272 2476 subigendam

76 2505 375 2574 Galliam
430 2504 840 2594 Cisalpinam
901 2507 1193 2570 mittitur
1215 2555 1238 2586 ,
1300 2507 1420 2595 qui
1487 2527 1649 2571 mox
1715 2503 1971 2572 Consul
2037 2504 2270 2571 absens

78 2622 337 2691 Romae
364 2622 611 2703 dictus,
639 2620 806 2686 dum
836 2619 1193 2709 regreditur
1236 2622 1306 2686 in
1350 2620 1615 2687 insidias
1656 2619 1879 2709 lapsus
1921 2622 2274 2709 inopinato

80 2760 239 2805 casu
279 2762 323 2806 a
366 2736 590 2804 Gallis
632 2759 793 2803 cum
836 2738 1039 2825 copiis
1098 2746 1200 2802 est
1254 2734 1513 2802 deletus
1542 2736 1640 2802 (Ι).
1681 2734 1806 2801 Per
1865 2734 2102 2803 silvam
2146 2760 2264 2803 no-

80 2854 267 2919 mine
320 2853 630 2920 Litanam
648 2834 684 2933 ,'
729 2874 865 2941 qua
904 2843 1289 2919 &xercitum
1353 2861 1495 2917 erat
1545 2849 2000 2930 traducturus,
2042 2848 2269 2929 laeva,

85 2968 455 3058 dextraque
504 2955 765 3037 arbores
809 2966 995 3034 Galli
1045 2971 1143 3033 ita
1195 2966 1589 3046 inciderant,
1642 2976 1722 3030 ut
1775 2964 1908 3033 levi
1957 2955 2274 3054 'impulsu

82 3086 403 3153 extremis
442 3088 507 3151 in
551 3087 883 3176 proximas
924 3082 1338 3163 labentibus,
1384 3079 1584 3149 facile
1627 3104 1857 3149 omnes
1900 3091 2267 3172 prosterne-

86 3213 340 3270 rentur:
386 3205 511 3292 ipsi
554 3205 625 3270 in
669 3201 913 3268 ultima
957 3198 1146 3289 sylva
1190 3189 1609 3280 circumfusi,
1655 3202 1939 3288 ingresso
1982 3197 2273 3266 Posthu-

87 3320 218 3386 mio
259 3320 546 3386 succisas
582 3316 852 3400 ‚arbores
899 3338 1139 3404 magno
1197 3318 1458 3405 impetu
1511 3314 1861 3395 deiiciunt,
1905 3336 2078 3404 quae
2129 3312 2272 3380 alta

92 3437 479 3521 proceritate
523 3437 889 3501 eminentes
935 3431 1067 3498 alia
1116 3435 1184 3498 in
1239 3431 1444 3502 aliam
1504 3431 1778 3498 cadente
1828 3441 2021 3497 tanta
2076 3410 2272 3496 ruina
2372 3471 2377 3476 ·

96 3547 413 3620 Romanos
458 3550 849 3632 obruerunt,
879 3561 960 3616 ut
988 3572 1073 3615 ex
1103 3550 1337 3638 viginti
1366 3550 1666 3639 quinque
1710 3546 2012 3613 millibus
2057 3568 2274 3612 arma-

98 3677 303 3734 torum
347 3669 471 3735 vix
514 3666 746 3734 decem
798 3663 1024 3755 fugere
1082 3666 1464 3754 potuerint:
1536 3662 1868 3752 plerisque
1934 3663 2113 3728 enim
2181 3660 2271 3727 ab

99 3782 395 3852 arborum
443 3784 719 3864 truncis,
748 3803 1222 3871 ramorumque
1254 3779 1637 3869 fragmentis
1668 3780 1952 3859 necatis,
1981 3779 2270 3868 caeteros

100 3901 421 3988 repentino
466 3896 650 3968 malo
694 3919 1029 3993 oppressos
1056 3895 1241 3964 Galli
1272 3894 1467 3962 facile
1498 3894 1942 3962 trucidarunt.
1988 3890 2298 3962 Postlim-

164 4133 242 4201 (ι)
270 4133 390 4190 Liv.
423 4132 517 4186 lib.
553 4133 605 4200 3,
637 4132 808 4188 deoed·
842 4133 890 4186 3.
921 4133 1095 4188 Polib.
1126 4132 1266 4186 nist.
1299 4130 1389 4183 lib.
1425 4130 1454 4184 3
1489 4129 1549 4183 in
1582 4128 1675 4186 fin.
