2950 5017
673 417 802 500 340
1423 431 1664 477 aarum
1708 429 2130 475 sacrararum

672 577 909 625 verum
972 576 1015 620 a
1063 550 1378 622 Ladislao
1431 549 1796 642 Neapolim
1864 552 2116 618 accitus
2182 570 2474 618 omnem
2548 560 2857 639 conceptae

676 669 1047 762 tyrannidis
1111 692 1299 761 spem
1364 668 1663 755 abjecit..
1688 669 1868 735 Ante
1936 668 2127 736 alios'
2153 664 2451 735 Carolus
2522 664 2856 735 vicecomes

670 787 1015 856 Barnabae
1048 784 1228 854 filius
1268 784 1550 876 populos
1595 783 1897 875 undique
1943 783 2032 851 ad
2075 780 2543 851 defectionem
2592 782 2858 850 sollicita·

670 904 834 985 hat;
866 904 953 970 ab
1000 902 1132 969 alia
1175 913 1366 992 parte
1397 898 1714 970 Pontifex
1743 902 1864 991 qui
1893 922 2052 967 cum
2082 899 2511 968 Florentinis
2561 897 2649 963 ad
2692 898 2857 987 depri-

669 1020 948 1089 mendos
1002 1041 1209 1088 novos
1269 1020 1604 1109 principes
1650 1019 2182 1108 conspiraverat,
2228 1015 2624 1084 Nicolaum
2669 1015 2860 1080 Atesti-

670 1162 835 1205 num
860 1188 880 1218 ,
925 1139 1034 1205 cui
1086 1139 1294 1204 etiam
1340 1129 1710 1204 Ferrariam
1755 1134 2174 1203 beneficiario
2231 1134 2384 1221 jure
2435 1131 2852 1211 confirmavit,

673 1255 981 1323 omnium
1040 1255 1383 1344 copiarum
1436 1254 1908 1341 imperatorem
1960 1250 2346 1318 declaravit.
2399 1250 2493 1317 In
2543 1249 2853 1315 Parmensi·

673 1369 803 1437 bus
847 1393 1121 1460 quoque
1163 1367 1647 1436 rebellantibus
1691 1367 1946 1436 Rosciis
1990 1379 2062 1435 et
2105 1367 2457 1456 corrigiis,
2501 1364 2793 1453 Aloysius
2825 1386 2851 1428 a

674 1487 933 1594 Paluda
963 1487 1363 1569 Vicianum,
1390 1486 1573 1586 quod
1597 1487 1881 1554 Arduini
1912 1511 2031 1577 pro
2062 1483 2611 1555 vicecomitibus
2647 1482 2852 1548 detine·

671 1607 870 1688 bant,
915 1605 1272 1675 castellum
1317 1608 1687 1673 invaserat:
1736 1630 1874 1696 qua
1919 1607 2254 1674 occasione
2286 1615 2566 1694 arrepta
2598 1600 2849 1669 Folleani

672 1724 983 1815 legatum
1033 1721 1470 1794 Pontificium
1542 1723 1915 1790 Flaminiae
1985 1734 2309 1790 rectorem
2378 1732 2457 1788 et
2515 1720 2851 1786 Atestinum

673 1865 834 1909 cum
879 1840 1121 1910 Carolo
1173 1840 1569 1921 Malatesta,
1621 1852 1693 1908 et
1733 1839 2050 1908 Alberico
2109 1838 2446 1907 Balbiano
2506 1839 2633 1927 qui
2675 1832 2850 1900 Ponti·

674 1957 822 2027 ficis
890 1960 1233 2051 copiarum
1302 1961 1664 2049 imperator
1733 1982 1945 2049 nuper
1998 1961 2069 2024 in
2124 1957 2427 2025 Galliam
2489 1952 2849 2041 Cisalpinam

676 2093 977 2145 reversus
1024 2075 1266 2158 fuerat,
1310 2069 1380 2144 in
1425 2077 1813 2145 Parmenses
1861 2088 2210 2145 vocarunt.
2257 2077 2348 2143 Hi
2394 2075 2632 2142 castris
2660 2069 2733 2136 ad
2758 2064 2844 2133 Ni·

676 2218 837 2263 ceae
901 2208 1177 2285 pontem
1245 2196 1480 2284 positis
1546 2217 1762 2284 usque
1816 2194 1899 2261 ad
1947 2194 2227 2261 Parmae
2293 2194 2568 2262 moenia
2634 2184 2847 2278 praedia

674 2310 987 2401 populati
1056 2313 1433 2379 universam
1505 2311 1819 2401 praedam
1886 2310 2225 2378 Mutinam
2294 2307 2702 2377 referebant.
2747 2298 2843 2368 Sed

675 2427 1024 2498 Othoboni
1070 2428 1283 2494 Tertii
1329 2428 1706 2496 Parmensis
1775 2432 1971 2496 armis
2039 2427 2321 2496 viriliter
2373 2426 2551 2494 urbe
2601 2429 2840 2494 servata,

677 2547 887 2615 etiam
958 2545 1330 2615 Vinianum
1357 2559 1380 2598 s
1414 2527 1880 2635 expugnatum
1959 2543 2267 2612 funditus
2345 2563 2652 2611 eversum
2719 2533 2837 2601 fuit

675 2662 956 2750 Aloysio
1016 2660 1178 2753 fuga
1244 2686 1334 2729 ex
1389 2662 1692 2731 hostium
1739 2662 2051 2729 manibus
2095 2662 2343 2757 elapso,
2389 2658 2693 2728 Phoebus
2730 2650 2836 2736 ejus

675 2784 1075 2850 necessarius
1118 2794 1355 2872 captus
1399 2794 1469 2848 et
1515 2780 1757 2870 laqueo
1787 2779 2242 2869 strangulatus
2286 2778 2444 2847 fnit.
2495 2778 2574 2844 In
2621 2796 2691 2840 ea
2728 2790 2838 2859 per·

677 2898 1064 2967 turbatione
1109 2898 1361 2967 Paulus
1408 2867 1769 2966 Follean³us
1813 2897 2101 2964 Giberto
2144 2895 2412 2964 Nicolai
2466 2893 2606 2960 filio
2655 2880 2835 2979 gentili

676 3018 1069 3096 Livianum,
1100 3040 1237 3106 quo
1280 3017 1426 3103 jure
1472 3039 1674 3084 suum
1721 3039 1856 3082 esse
1904 3016 2266 3095 asserebat,
2310 3025 2511 3081 nocte
2555 3034 2664 3101 per
2701 3002 2838 3070 frass-

676 3132 835 3200 dem
878 3136 1255 3223 intercepit.
1302 3132 1448 3199 Nec
1493 3132 1714 3201 multo
1784 3144 1936 3221 post
2004 3132 2178 3200 alter
2234 3131 2598 3201 Folleanus
2661 3118 2831 3211 agnati

543 3303 558 3314 s
678 3249 1071 3340 exemplum
1116 3247 1736 3315 secutusaeBaisium
1782 3250 1902 3315 diu
1948 3249 2239 3329 obsedit,
2286 3272 2364 3315 ac
2409 3249 2670 3315 demum
2721 3257 2830 3327 pro·

675 3364 877 3432 dente
909 3365 1385 3432 Archiflamine
1430 3365 1787 3432 castellum
1834 3367 2169 3446 obtinuit3
2218 3365 2377 3433 inde
2421 3365 2509 3432 ad
2554 3361 2823 3428 Sanctum

678 3482 1065 3551 Romanum
1117 3480 1461 3573 profectus
1526 3484 1596 3550 id
1656 3507 1926 3575 quoque
1973 3485 2252 3553 Giberto
2309 3485 2452 3571 jam
2514 3481 2707 3550 tribus
2748 3491 2822 3535 08·

676 3598 890 3667 stellis
934 3598 1221 3689 spoliato
1268 3598 1560 3684 ademit,
1605 3621 1766 3668 cum
1810 3600 1933 3669 ille
1971 3604 2044 3670 in
2090 3600 2552 3693 oppugnandis
2593 3584 2827 3665 manfre-

634 3715 638 3719 ’
676 3716 782 3786 dis
828 3729 1098 3807 tempus
1143 3729 1439 3785 terreret.

810 3833 1001 3900 Inter
1045 3833 1165 3902 hos
1211 3846 1442 3902 motus
1488 3857 1645 3902 cum
1691 3836 1890 3904 urbes
1935 3859 2217 3903 numero
2263 3833 2757 3925 vigintiquinque
2787 3839 2817 3881 ³

673 3948 1210 4018 vicecomitibus
1264 3950 1686 4033 defecissent,
1731 3953 2024 4029 Iacobus
2076 3952 2352 4022 Roscius
2405 3951 2684 4020 Veronae
2737 3957 2821 4003 8¹¹·

673 4070 888 4156 tistes,
933 4080 1006 4158 et
1048 4070 1187 4159 ipse
1231 4092 1390 4136 cum
1435 4070 1633 4138 Petro
1680 4068 1886 4138 fratre
1931 4069 2245 4138 Parmam
2290 4078 2710 4159 occupaturus
2742 4056 2815 4118 in-

672 4196 945 4276 gentem
990 4188 1396 4259 rusticorum
1441 4187 1714 4257 turbam
1783 4185 1932 4258 aliis
1999 4200 2152 4280 post
2211 4186 2374 4259 alios
2419 4187 2622 4256 missis
2659 4164 2813 4244 Tertii
