2950 5017
633 427 768 513 426
1386 445 1627 491 namu
1670 444 2095 490 normarum

632 591 704 639 se
748 566 1041 647 abdidit,
1086 565 1199 634 sed
1258 565 1347 634 ab
1409 565 1919 656 insequentibus
1981 564 2287 635 hostibus
2347 588 2743 656 oppressus,
2792 579 2862 635 et

631 684 806 753 inde
828 695 1170 752 extractus
1214 705 1374 751 cum
1419 680 1646 751 Marco
1688 680 2019 750 Martello
2048 682 2447 751 trucidatur.
2497 682 2859 774 Vespasia·

630 824 760 869 nus
801 823 1074 892 quoque
1117 799 1495 870 Calcaneus
1539 772 1840 866 Africani
1904 810 2097 889 pater
2142 796 2381 865 lethali
2423 799 2715 868 vulnere
2754 824 2859 868 ac-

630 930 826 1007 cepto
879 916 1161 985 domurn
1219 938 1290 983 se
1354 916 1716 1005 proripiens
1781 938 1921 984 non
1989 914 2211 986 multo
2278 926 2434 1005 post
2504 916 2853 985 occubuit.

630 1032 1020 1102 Gozadinus
1085 1034 1207 1123 qui
1277 1043 1442 1100 tunc
1510 1030 1792 1099 Parmae
1858 1028 2031 1100 forte
2096 1031 2523 1114 versabatur,
2613 1037 2853 1101 nuncio

630 1148 849 1217 caedis
893 1161 1196 1239 accepto,
1237 1148 1530 1238 Regium
1575 1170 1876 1216 reversus
1907 1148 2187 1216 Antonii
2233 1147 2426 1215 Bebii
2466 1146 2846 1216 homicidae

631 1269 922 1358 parentis
982 1267 1161 1340 bona
1220 1265 1565 1358 publicat,
1610 1289 1691 1334 ac
1747 1265 1934 1357 plebi
1991 1265 2137 1354 ejus
2199 1265 2401 1334 aedes
2444 1266 2849 1357 diripiendas

629 1382 879 1451 tradit:
925 1382 1193 1465 deinde,
1234 1385 1601 1473 proscripto
1628 1381 1887 1460 Joanne
1917 1381 2244 1472 Baptista,
2277 1385 2400 1473 qui
2443 1382 2853 1469 jamdudum

629 1502 797 1570 urbe
838 1499 1189 1595 effugerat,
1235 1503 1614 1591 Aguignam
1682 1503 1755 1568 in
1822 1501 2173 1570 montibus
2240 1499 2603 1568 castellum
2655 1526 2700 1568 a
2741 1501 2855 1570 Ni-

628 1620 818 1690 colao
848 1618 1204 1700 Calcaneo,
1234 1632 1305 1687 et
1336 1618 1634 1687 Roberto
1673 1617 1985 1688 Messorio
2029 1617 2432 1708 capitalibus
2476 1603 2851 1688 Bebiorum

630 1737 938 1807 hostibus
966 1736 1107 1805 solo
1139 1739 1413 1828 aequari
1455 1735 1677 1824 jubet.
1725 1735 1837 1802 Illi
1869 1735 2296 1826 publicorum
2332 1736 2638 1803 militum
2671 1761 2854 1825 prae-

629 1854 810 1936 sidio¹
847 1856 1095 1921 muniti
1162 1867 1232 1920 et
1296 1850 1504 1920 fabris
1572 1852 1873 1942 undique
1918 1855 2345 1942 conquisitis,
2389 1853 2855 1944 advocatoque

629 1994 718 2037 ex
763 1970 1106 2039 montibus
1149 1993 1309 2051 cum
1354 1972 1547 2038 sociis
1590 1969 1913 2050 Morotto‚
1959 1968 2145 2036 haud
2203 1982 2604 2037 cunctanter
2652 1974 2855 2060 impe-

628 2098 776 2154 rata
820 2083 1142 2154 fecerunt.
1186 2087 1477 2164 Joannes
1520 2109 1679 2154 vero
1723 2086 2032 2178 Baptista
2060 2086 2309 2154 Bebius
2339 2086 2730 2155 Ferrariam
2775 2086 2850 2153 ad

627 2201 1055 2292 Alphonsum
1121 2183 1387 2269 mature
1453 2199 1826 2292 profectus,
1883 2203 2209 2271 novandis
2260 2203 2475 2270 rebus
2547 2206 2851 2270 animum

628 2318 898 2404 adjecit,
941 2330 1010 2384 et
1039 2341 1211 2386 cum
1243 2317 1595 2408 Alphonso
1627 2317 1866 2387 Trotto
1911 2319 1994 2386 de
2038 2320 2452 2388 restituenda
2494 2319 2846 2409 Alphonso

626 2434 810 2502 Duci
856 2437 1073 2524 patria
1114 2433 1471 2504 consilium
1517 2437 1721 2540 capit.
1765 2432 1878 2502 Ex
1922 2433 2238 2508 omnibus
2286 2436 2568 2503 urbibus
2614 2450 2695 2502 et
2742 2460 2849 2525 op-

625 2551 797 2643 pidis
838 2574 1303 2660 quoscumque
1348 2554 1575 2643 potuit
1620 2554 1874 2621 amicos
1918 2551 2224 2624 celeriter
2268 2565 2530 2634 evocat,
2579 2554 2855 2622 univer-

626 2692 868 2760 sosque
915 2669 1001 2736 ad
1053 2653 1391 2759 Campum
1447 2666 1777 2736 Sanctum
1821 2668 2316 2738 Mutinensium
2382 2692 2637 2760 pagum
2704 2694 2851 2742 cou-

625 2789 850 2855 venire
891 2785 1129 2872 jubet3
1159 2789 1300 2878 ipse
1329 2787 1733 2894 intempesta
1764 2800 1994 2868 nocte,
2022 2787 2525 2878 quiescentibus
2562 2788 2852 2868 civibus,

626 2903 805 2972 clam
838 2904 1074 2972 urbem
1119 2903 1407 2995 ingredi,
1451 2916 1522 2971 et
1567 2927 1762 2974 caeso
1813 2904 2159 2974 Gozadino
2201 2908 2489 2996 patriam
2521 2904 2848 2973 Atestinis

625 3022 885 3090 tradere
929 3024 1391 3092 constituerat.
1434 3022 1730 3113 Jamque
1786 3026 1999 3114 socios
2059 3019 2270 3091 ferme
2322 3035 2652 3093 trecentos
2677 3076 2698 3105 ‚
2742 3023 2782 3102 J
2784 3047 2850 3091 u-

626 3137 884 3206 venalis
921 3138 1223 3207 Busanae
1253 3162 1455 3230 opera
1499 3141 1852 3231 praecipue
1896 3153 2101 3221 usus,
2136 3153 2471 3231 coegerat,
2517 3162 2594 3207 ac
2640 3140 2846 3234 scalas

625 3267 697 3323 et
739 3278 928 3324 arma
970 3250 1322 3347 ceteraq‘ue
1384 3258 1470 3325 ad
1533 3258 1984 3326 invadendam
2028 3258 2270 3327 urbem
2314 3262 2689 3326 necessaria
2742 3284 2844 3349 pa-

627 3383 920 3453 raverat,
963 3395 1121 3442 cum
1160 3395 1284 3440 sua
1321 3372 1590 3441 detecta
1620 3374 1940 3456 consilia,
1982 3375 2174 3465 Regii
2218 3377 2442 3466 copias
2485 3377 2843 3457 conscribi,

626 3485 879 3554 milites
920 3488 1314 3578 vigiliasque
1365 3477 1439 3557 in
1491 3492 1850 3560 moenibus
1893 3491 2185 3583 disponi,
2241 3515 2282 3558 a
2337 3492 2596 3569 Joanne
2648 3492 2840 3560 Petro

625 3604 947 3696 Gonzago
989 3627 1107 3696 per
1148 3606 1375 3676 literas
1417 3612 1693 3699 *accipite
1746 3610 1991 3701 Itaque
2049 3621 2308 3678 tantam
2360 3633 2504 3677 rem
2564 3610 2657 3678 ad
2715 3612 2841 3678 exi-

625 3737 777 3792 tum
822 3726 1093 3816 perduci
1140 3750 1329 3817 posse
1373 3724 1660 3809 diffisus,
1705 3732 1839 3802 etsi,
1879 3728 2240 3798 Bonamico
2287 3740 2360 3795 et
2403 3726 2683 3795 Savinis
2714 3729 2841 3797 ‚Mi-

622 3842 1159 3930 randulensibus,
1206 3843 1667 3936 Galvanisq'ue
1707 3869 1748 3912 a
1787 3844 2198 3927 Concordia,
2242 3867 2412 3937 quos
2456 3846 2602 3935 ipse
2646 3858 2838 3913 antea

624 3957 846 4027 hostes
889 3960 1392 4044 conciliaverat,
1460 3962 1547 4029 ad
1615 3976 1851 4053 coepta
1917 3962 2314 4054 perficienda
2378 3962 2833 4042 hortantibus,

624 4072 948 4145 infectum
992 4079 1656 4168 negotiumdimisit.
1702 4081 1884 4149 Cum
1930 4105 2132 4173 prope
2162 4080 2506 4148 Mutinam
2550 4081 2624 4148 in
2670 4079 2832 4146 Fur-

625 4195 891 4263 nicrum
918 4179 1417 4272 'mutinensium
1471 4215 1644 4289 pago
1686 4201 1916 4296 copiae
1960 4200 2458 4281 convenissent,
2502 4195 2830 4288 Rangoni·
