2950 5017
901 438 1096 481 mmm
1141 437 1475 485 sumnus
2181 438 2261 505 77

68 605 111 642 „
136 557 525 625 Pastorem
556 560 919 644 pertineat.
976 556 1214 626 Verum
1259 563 1419 644 quia
1460 562 1604 623 scio
1650 568 1968 644 quantum
1996 556 2134 642 fiat
2174 557 2267 623 le·

66 719 107 754 ‚,
134 676 297 740 oior
324 676 637 755 sarcina,
667 671 1173 758 quamplurium
1204 674 1381 738 colla
1406 683 1807 755 sustentant,
1837 692 2085 737 mecum
2114 668 2266 754 hoc,

64 833 110 870 ‚‚
140 788 363 872 Filii,
424 809 592 855 onus
635 788 950 868 dividite,
993 800 1060 852 et
1104 800 1411 853 sanctum
1454 805 1624 874 opus
1664 790 2011 875 partimini
2017 808 2050 869 ,·
2092 787 2273 874 quod

68 949 113 987 n
142 908 279 970 erit
330 902 609 991 facile,
652 907 715 968 si
755 915 1013 969 vestrae
1055 904 1320 984 salutis,
1364 906 1426 968 si
1468 902 1915 967 mandatorum
1954 902 2098 968 Dei
2140 924 2269 968 me-

70 1064 117 1100 „
148 1039 379 1085 mres
428 1029 722 1083 mutuam
763 1015 1151 1083 charitatem
1192 1015 1768 1105 amplexabimini:
1799 1019 1879 1081 de
1909 1038 2041 1102 qua
2082 1017 2272 1083 velut

80 1179 127 1216 „
160 1135 249 1201 dc
293 1135 596 1221 quodam
640 1132 958 1199 uberrimo
987 1130 1196 1219 fonte
1226 1132 1495 1218 mirifice
1524 1136 1807 1198 virtutes
1851 1132 2273 1215 emanabant,

82 1295 131 1330 5,
160 1250 447 1315 scilicet
488 1248 852 1326 humilitas,
899 1250 1194 1336 proximi
1236 1248 1531 1325 dilectio,
1569 1269 1726 1336 pax
1768 1259 1975 1329 certa,
2020 1260 2089 1312 et
2133 1252 2277 1312 ani-

84 1411 130 1447 „
164 1386 433 1432 morum
474 1365 829 1430 concordia
850 1385 876 1428 .·
919 1363 1158 1450 quibus
1188 1366 1446 1451 quidem
1478 1362 1665 1430 bonis
1693 1367 1754 1429 si
1783 1384 1919 1428 non
1948 1360 2277 1444 carebitis,

88 1526 133 1562 n
168 1483 365 1546 sicut
403 1500 622 1545 carere
648 1499 770 1544 vos
802 1481 1060 1545 minime
1088 1482 1305 1560 decet,
1337 1500 1658 1566 nusquam
1688 1502 1734 1544 a
1763 1476 1951 1544 nobis
1980 1476 2280 1544 Christus

90 1643 135 1678 „
164 1595 434 1679 aberit,
478 1610 545 1661 et
585 1615 912 1683 prospera
952 1593 1145 1661 vobis
1189 1599 1410 1661 omnia
1462 1587 1688 1661 cedere
1738 1594 2080 1661 videbitis.
2123 1593 2281 1662 Hoc

96 1757 143 1794 ῃ
172 1715 305 1781 erit
338 1713 523 1798 quod
543 1713 733 1777 modo
763 1712 930 1792 dixi,
962 1711 1264 1798 quodque
1309 1714 1379 1775 in
1414 1714 1652 1798 primis
1682 1724 1841 1798 opto
1873 1732 2082 1777 meum
2114 1731 2282 1776 onus

104 1871 151 1908 „
180 1828 508 1892 dividere.-
532 1825 855 1913 faciliora
898 1831 1070 1892 enim
1097 1830 1197 1891 sic
1228 1824 1411 1907 mibi,
1446 1838 1514 1892 et
1558 1827 1800 1892 leviora
1828 1825 2007 1912 fient
2038 1828 2281 1891 omnia.

102 1987 151 2024 ῃ
183 1939 406 2009 Nihil
440 1945 608 2007 enim
642 1953 776 2006 tam
805 1942 1067 2024 durum,
1100 1962 1183 2005 ac
1230 1953 1363 2006 tam
1414 1941 1809 2007 laboriosum
1855 1944 2108 2028 regenti
2148 1953 2286 2023 est,

102 2100 147 2139 „
176 2079 389 2144 quam
429 2061 503 2122 in
533 2077 848 2145 perversa
889 2056 1222 2122 hominum
1273 2034 1561 2123 incidere
1606 2058 1901 2142 ingenia,
1939 2076 2111 2142 quae
2153 2076 2287 2143 quo

106 2219 149 2256 „
178 2175 456 2262 longius
499 2196 546 2238 a
588 2177 753 2239 recti
796 2175 1031 2238 semita
1074 2171 1396 2255 abierint,
1461 2172 1588 2239 boc
1632 2172 1971 2261 difficilius
2018 2194 2065 2236 a
2104 2169 2290 2258 faci·

108 2336 153 2372 „
180 2289 460 2357 notibus
504 2304 574 2357 et
618 2289 1036 2377 improbitate
1077 2310 1200 2355 sua
1231 2290 1681 2357 retrahuntur.
1712 2286 2135 2356 Subditorum
2161 2293 2295 2355 vir-

111 2448 157 2486 „
187 2416 373 2471 nites
414 2424 503 2469 ac
546 2407 719 2469 vitia
761 2416 881 2470 aut
923 2424 1219 2487 suavem,
1264 2416 1385 2469 aut
1431 2407 1658 2471 duram
1684 2402 1966 2491 faciunt
2009 2407 2294 2491 regentis

114 2563 161 2600 ,‚
186 2521 852 2585 administrationem.
931 2518 1066 2588 Vos
1137 2521 1426 2606 quidem,
1493 2520 1938 2601 dilectissimi,
1992 2518 2295 2608 populus

118 2677 165 2715 „
192 2631 373 2716 Dei,
402 2645 471 2698 et
500 2653 650 2700 oves
683 2653 987 2721 pascuae
1022 2634 1206 2699 illius
1252 2638 1444 2700 estis.
1496 2631 1719 2721 Quare
1760 2639 1822 2699 si
1865 2633 2035 2699 tales
2078 2636 2294 2715 eritis,

120 2790 167 2828 5,
194 2746 430 2834 quales
457 2767 581 2814 vos
610 2752 892 2813 maxime
909 2745 1188 2834 futuros
1216 2768 1435 2836 spero,
1467 2760 1537 2814 et
1567 2761 1761 2836 opto,
1788 2767 2053 2814 cessura
2079 2745 2294 2828 vobis,

125 2905 173 2942 „
202 2874 271 2927 et
312 2861 471 2928 mihi
497 2860 808 2949 feliciter
849 2868 1092 2945 omnia,
1122 2876 1475 2951 praesente
1504 2863 1697 2946 Deo,
1742 2866 1998 2928 minime
2042 2859 2295 2927 dubito.

132 3018 179 3057 „
220 2973 317 3043 Ut
358 2988 569 3043 autem
616 2978 789 3044 tales
847 2999 988 3044 esse
1045 2982 1354 3066 possitis,
1421 2977 1650 3043 Deum
1715 2976 1903 3043 vobis
1971 2981 2043 3041 in
2108 2973 2299 3042 rebus

127 3135 175 3173 „
206 3089 505 3158 omnibus
541 3097 942 3184 proponite,
987 3096 1173 3160 illum
1220 3098 1294 3160 in
1326 3097 1566 3182 primis
1610 3094 1842 3175 colite,
1884 3093 2181 3159 et·illum
2222 3103 2301 3158 ut

127 3252 171 3289 „
198 3211 665 3296 aequissimum
706 3212 1065 3292 dictorum,
1110 3223 1179 3277 et
1220 3209 1566 3298 factorum
1610 3214 1893 3278 omnium
1939 3221 2303 3297 nostrorum

128 3368 170 3404 ,‚
184 3324 492 3409 judicem
531 3329 847 3391 veremini
856 3347 890 3411 ,·
920 3327 1185 3411 justum
1213 3326 1694 3410 retributorem,
1739 3329 1800 3391 si
1846 3338 2028 3391 recta
2071 3345 2302 3413 seque-

128 3484 170 3520 „
196 3442 393 3523 mini,
440 3442 814 3506 districtum
862 3443 1223 3524 vindicem,
1266 3446 1328 3507 si
1380 3443 1832 3509 mandatorum
1900 3444 2082 3509 illius
2148 3462 2304 3509 con-

136 3599 175 3636 „
205 3566 564 3643 temptores
609 3558 1054 3622 inveniemini.
1084 3555 1282 3623 Haec
1310 3571 1467 3623 sunt
1499 3577 1671 3645 quae
1703 3560 1775 3623 in
1804 3556 2009 3643 hujus
2038 3569 2305 3652 nostrae

138 3714 177 3750 ‚,
194 3670 573 3756 pastoralis
638 3692 836 3737 curae
893 3674 1275 3758 primordiis
1316 3672 1510 3739 vobis
1552 3673 1829 3739 dicenda
1886 3675 2305 3760 putavimus,

138 3826 177 3864 „
204 3783 452 3872 quibus
497 3795 568 3851 et
610 3784 772 3852 bene
816 3799 1153 3853 currentes
1200 3793 1275 3853 in
1319 3809 1516 3855 cursu
1563 3791 2055 3871 contineamus,
2099 3799 2167 3855 et
2208 3806 2310 3854 se-

136 3943 177 3980 „
200 3903 493 3986 gniores,
539 3903 601 3964 si
644 3906 760 3988 qui
802 3914 987 3985 sunt,
1031 3904 1127 3969 ad
1166 3905 1416 3970 tardam
1461 3916 1737 3987 metam,
1784 3917 2116 3992 tamquam
2158 3900 2313 3968 sub·

140 4058 179 4096 „
204 4019 361 4083 ditis
428 4016 807 4086 calcaribus
859 4024 1222 4089 excitemus
1254 4069 1296 4105 „
1323 4072 1340 4089 .
1390 4020 1568 4088 Cum
1633 4044 1788 4090 vero
1853 4021 2123 4110 Prosper
2184 4021 2311 4107 piis

140 4131 543 4203 monibus
572 4130 957 4225 frequenter
986 4137 1310 4229 populum
1342 4140 1741 4223 institueret,
1761 4138 2080 4228 quasdam
2109 4139 2310 4205 etiam
