<?xml version="1.0" encoding="UTF-8"?>
<!DOCTYPE html PUBLIC "-//W3C//DTD XHTML 1.0 Transitional//EN"
    "http://www.w3.org/TR/xhtml1/DTD/xhtml1-transitional.dtd">
<html xmlns="http://www.w3.org/1999/xhtml" xml:lang="en" lang="en">
 <head>
  <title>
</title>
<meta http-equiv="Content-Type" content="text/html;charset=utf-8" />
  <meta name='ocr-system' content='tesseract 3.04.00' />
  <meta name='ocr-capabilities' content='ocr_page ocr_carea ocr_par ocr_line ocrx_word'/>
</head>
<body>
  <div class='ocr_page' id='page_1' title='image "./rerumhistoricar00unkngoog_0051.png"; bbox 0 0 2950 5017; ppageno 0'>
   <div class='ocr_carea' id='block_1_1' title="bbox 955 422 2381 504">
    <p class='ocr_par' dir='ltr' id='par_1_1' title="bbox 955 422 2381 504">
     <span class='ocr_line' id='line_1_1' title="bbox 955 422 2381 504; baseline 0.002 -21"><span class='ocrx_word' id='word_1_1' title='bbox 955 439 1149 484; x_wconf 72' lang='lat' dir='ltr'><strong>masa</strong></span> <span class='ocrx_word' id='word_1_2' title='bbox 1195 439 1440 485; x_wconf 69' lang='lat' dir='ltr'><strong>ramus</strong></span> <span class='ocrx_word' id='word_1_3' title='bbox 2194 422 2281 504; x_wconf 84' lang='grc'><strong>45</strong></span> <span class='ocrx_word' id='word_1_4' title='bbox 2368 474 2381 486; x_wconf 86' lang='grc'>.</span> 
     </span>
    </p>
   </div>
   <div class='ocr_carea' id='block_1_2' title="bbox 99 558 2284 766">
    <p class='ocr_par' dir='ltr' id='par_1_2' title="bbox 99 558 2284 766">
     <span class='ocr_line' id='line_1_2' title="bbox 105 558 2284 650; baseline 0 -23"><span class='ocrx_word' id='word_1_5' title='bbox 105 558 395 650; x_wconf 84' lang='lat' dir='ltr'><strong>pluribus</strong></span> <span class='ocrx_word' id='word_1_6' title='bbox 445 582 535 626; x_wconf 86' lang='lat' dir='ltr'><strong>ex</strong></span> <span class='ocrx_word' id='word_1_7' title='bbox 581 558 839 634; x_wconf 85' lang='lat' dir='ltr'><strong>colonia</strong></span> <span class='ocrx_word' id='word_1_8' title='bbox 880 559 1458 641; x_wconf 82' lang='lat' dir='ltr'><strong>Cremonensium,</strong></span> <span class='ocrx_word' id='word_1_9' title='bbox 1490 572 1557 626; x_wconf 91' lang='lat' dir='ltr'><strong>et</strong></span> <span class='ocrx_word' id='word_1_10' title='bbox 1585 559 2119 630; x_wconf 82' lang='lat' dir='ltr'><strong>Placentinorum</strong></span> <span class='ocrx_word' id='word_1_11' title='bbox 2166 562 2284 628; x_wconf 87' lang='lat' dir='ltr'><strong>ab·</strong></span> 
     </span>
     <span class='ocr_line' id='line_1_3' title="bbox 99 674 2282 766; baseline 0 -24"><span class='ocrx_word' id='word_1_12' title='bbox 99 679 372 766; x_wconf 83' lang='lat' dir='ltr'><strong>sumptis</strong></span> <span class='ocrx_word' id='word_1_13' title='bbox 441 680 516 742; x_wconf 91' lang='lat' dir='ltr'><strong>in</strong></span> <span class='ocrx_word' id='word_1_14' title='bbox 587 674 1128 766; x_wconf 86' lang='lat' dir='ltr'><strong>supplementum</strong></span> <span class='ocrx_word' id='word_1_15' title='bbox 1197 693 1401 744; x_wconf 88' lang='lat' dir='ltr'><strong>novos</strong></span> <span class='ocrx_word' id='word_1_16' title='bbox 1457 675 1723 744; x_wconf 90' lang='lat' dir='ltr'><strong>colonos</strong></span> <span class='ocrx_word' id='word_1_17' title='bbox 1775 680 2282 766; x_wconf 77' lang='lat' dir='ltr'>conscripsisset,</span> 
     </span>
    </p>
   </div>
   <div class='ocr_carea' id='block_1_3' title="bbox 101 787 2438 881">
    <p class='ocr_par' dir='ltr' id='par_1_3' title="bbox 101 787 2438 881">
     <span class='ocr_line' id='line_1_4' title="bbox 101 787 2438 881; baseline 0.003 -24"><span class='ocrx_word' id='word_1_18' title='bbox 101 794 295 858; x_wconf 84' lang='lat' dir='ltr'><strong>etiam</strong></span> <span class='ocrx_word' id='word_1_19' title='bbox 325 804 412 858; x_wconf 88' lang='lat' dir='ltr'><strong>ut</strong></span> <span class='ocrx_word' id='word_1_20' title='bbox 439 791 616 858; x_wconf 87' lang='lat' dir='ltr'><strong>duae</strong></span> <span class='ocrx_word' id='word_1_21' title='bbox 657 815 861 858; x_wconf 87' lang='lat' dir='ltr'><strong>novae</strong></span> <span class='ocrx_word' id='word_1_22' title='bbox 901 794 969 881; x_wconf 85' lang='lat' dir='ltr'><strong>in</strong></span> <span class='ocrx_word' id='word_1_23' title='bbox 1013 814 1243 880; x_wconf 89' lang='lat' dir='ltr'><strong>agrum</strong></span> <span class='ocrx_word' id='word_1_24' title='bbox 1267 791 1443 859; x_wconf 91' lang='lat' dir='ltr'><strong>Boiis</strong></span> <span class='ocrx_word' id='word_1_25' title='bbox 1473 792 1859 881; x_wconf 88' lang='lat' dir='ltr'><strong>ademptum</strong></span> <span class='ocrx_word' id='word_1_26' title='bbox 1888 792 2285 860; x_wconf 88' lang='lat' dir='ltr'><strong>deduceren·</strong></span> <span class='ocrx_word' id='word_1_27' title='bbox 2381 858 2386 863; x_wconf 90' lang='lat'><strong>.</strong></span> <span class='ocrx_word' id='word_1_28' title='bbox 2432 787 2438 792; x_wconf 58' lang='grc'><strong>’</strong></span> 
     </span>
    </p>
   </div>
   <div class='ocr_carea' id='block_1_4' title="bbox 104 904 2293 1560">
    <p class='ocr_par' dir='ltr' id='par_1_4' title="bbox 104 904 2293 1560">
     <span class='ocr_line' id='line_1_5' title="bbox 104 904 2284 997; baseline 0.001 -24"><span class='ocrx_word' id='word_1_29' title='bbox 104 920 213 974; x_wconf 88' lang='lat' dir='ltr'><strong>tur</strong></span> <span class='ocrx_word' id='word_1_30' title='bbox 253 904 587 975; x_wconf 85' lang='lat' dir='ltr'><strong>obtinuit.</strong></span> <span class='ocrx_word' id='word_1_31' title='bbox 632 907 994 976; x_wconf 81' lang='lat' dir='ltr'><strong>Bononiam</strong></span> <span class='ocrx_word' id='word_1_32' title='bbox 1043 910 1267 997; x_wconf 88' lang='lat' dir='ltr'><strong>itaque</strong></span> <span class='ocrx_word' id='word_1_33' title='bbox 1321 931 1438 996; x_wconf 88' lang='lat' dir='ltr'><strong>pro</strong></span> <span class='ocrx_word' id='word_1_34' title='bbox 1491 908 1732 975; x_wconf 87' lang='lat' dir='ltr'><strong>Latina</strong></span> <span class='ocrx_word' id='word_1_35' title='bbox 1774 907 2030 976; x_wconf 89' lang='lat' dir='ltr'><strong>colonia</strong></span> <span class='ocrx_word' id='word_1_36' title='bbox 2074 908 2284 975; x_wconf 88' lang='lat' dir='ltr'><strong>tribus</strong></span> 
     </span>
     <span class='ocr_line' id='line_1_6' title="bbox 106 1001 2283 1115; baseline 0.001 -27"><span class='ocrx_word' id='word_1_37' title='bbox 106 1022 397 1090; x_wconf 86' lang='lat' dir='ltr'><strong>millibus</strong></span> <span class='ocrx_word' id='word_1_38' title='bbox 431 1023 737 1090; x_wconf 87' lang='lat' dir='ltr'><strong>deductis</strong></span> <span class='ocrx_word' id='word_1_39' title='bbox 769 1022 1107 1113; x_wconf 85' lang='lat' dir='ltr'><strong>equitibus</strong></span> <span class='ocrx_word' id='word_1_40' title='bbox 1138 1001 1571 1113; x_wconf 84' lang='lat' dir='ltr'><strong>septuagena,</strong></span> <span class='ocrx_word' id='word_1_41' title='bbox 1604 1027 1875 1092; x_wconf 86' lang='lat' dir='ltr'><strong>caeteris</strong></span> <span class='ocrx_word' id='word_1_42' title='bbox 1904 1048 2060 1093; x_wconf 80' lang='lat' dir='ltr'><strong>vero</strong></span> <span class='ocrx_word' id='word_1_43' title='bbox 2090 1027 2283 1115; x_wconf 83' lang='lat' dir='ltr'><strong>quin-</strong></span> 
     </span>
     <span class='ocr_line' id='line_1_7' title="bbox 110 1138 2288 1229; baseline -0 -23"><span class='ocrx_word' id='word_1_44' title='bbox 110 1161 399 1229; x_wconf 83' lang='lat' dir='ltr'><strong>quagena</strong></span> <span class='ocrx_word' id='word_1_45' title='bbox 446 1138 675 1228; x_wconf 82' lang='lat' dir='ltr'><strong>jugera</strong></span> <span class='ocrx_word' id='word_1_46' title='bbox 717 1151 877 1204; x_wconf 88' lang='lat' dir='ltr'><strong>sunt</strong></span> <span class='ocrx_word' id='word_1_47' title='bbox 923 1142 1281 1227; x_wconf 84' lang='lat' dir='ltr'><strong>assignata.</strong></span> <span class='ocrx_word' id='word_1_48' title='bbox 1330 1138 1403 1204; x_wconf 89' lang='lat' dir='ltr'><strong>Si</strong></span> <span class='ocrx_word' id='word_1_49' title='bbox 1457 1163 1541 1206; x_wconf 86' lang='lat' dir='ltr'><strong>ex</strong></span> <span class='ocrx_word' id='word_1_50' title='bbox 1597 1139 1704 1205; x_wconf 87' lang='lat' dir='ltr'><strong>his</strong></span> <span class='ocrx_word' id='word_1_51' title='bbox 1758 1142 2108 1208; x_wconf 89' lang='lat' dir='ltr'><strong>minimum</strong></span> <span class='ocrx_word' id='word_1_52' title='bbox 2156 1156 2288 1206; x_wconf 87' lang='lat' dir='ltr'><strong>tre-</strong></span> 
     </span>
     <span class='ocr_line' id='line_1_8' title="bbox 110 1249 2287 1345; baseline -0 -23"><span class='ocrx_word' id='word_1_53' title='bbox 110 1268 349 1336; x_wconf 84' lang='lat' dir='ltr'><strong>centos,</strong></span> <span class='ocrx_word' id='word_1_54' title='bbox 378 1268 467 1322; x_wconf 89' lang='lat' dir='ltr'><strong>ut</strong></span> <span class='ocrx_word' id='word_1_55' title='bbox 493 1279 614 1345; x_wconf 88' lang='lat' dir='ltr'><strong>par</strong></span> <span class='ocrx_word' id='word_1_56' title='bbox 641 1267 772 1335; x_wconf 91' lang='lat' dir='ltr'><strong>est,</strong></span> <span class='ocrx_word' id='word_1_57' title='bbox 806 1256 1063 1344; x_wconf 80' lang='lat' dir='ltr'><strong>equites</strong></span> <span class='ocrx_word' id='word_1_58' title='bbox 1089 1253 1289 1322; x_wconf 87' lang='lat' dir='ltr'><strong>fuisse</strong></span> <span class='ocrx_word' id='word_1_59' title='bbox 1318 1249 1714 1336; x_wconf 54' lang='lat' dir='ltr'><strong>dixerimus,</strong></span> <span class='ocrx_word' id='word_1_60' title='bbox 1744 1255 1950 1322; x_wconf 89' lang='lat' dir='ltr'><strong>simul</strong></span> <span class='ocrx_word' id='word_1_61' title='bbox 1980 1256 2287 1323; x_wconf 88' lang='lat' dir='ltr'><strong>omnibus</strong></span> 
     </span>
     <span class='ocr_line' id='line_1_9' title="bbox 111 1372 2288 1461; baseline -0.001 -22"><span class='ocrx_word' id='word_1_62' title='bbox 111 1374 351 1439; x_wconf 84' lang='lat' dir='ltr'><strong>circiter</strong></span> <span class='ocrx_word' id='word_1_63' title='bbox 416 1386 690 1438; x_wconf 87' lang='lat' dir='ltr'><strong>centum</strong></span> <span class='ocrx_word' id='word_1_64' title='bbox 756 1375 1240 1461; x_wconf 87' lang='lat' dir='ltr'><strong>quinquaginta</strong></span> <span class='ocrx_word' id='word_1_65' title='bbox 1317 1395 1438 1439; x_wconf 86' lang='lat' dir='ltr'><strong>sex</strong></span> <span class='ocrx_word' id='word_1_66' title='bbox 1503 1373 1716 1439; x_wconf 81' lang='lat' dir='ltr'><strong>millia</strong></span> <span class='ocrx_word' id='word_1_67' title='bbox 1780 1372 2010 1461; x_wconf 86' lang='lat' dir='ltr'><strong>jugera</strong></span> <span class='ocrx_word' id='word_1_68' title='bbox 2079 1372 2288 1439; x_wconf 84' lang='lat' dir='ltr'><strong>divisa</strong></span> 
     </span>
     <span class='ocr_line' id='line_1_10' title="bbox 116 1483 2293 1560; baseline 0 -8"><span class='ocrx_word' id='word_1_69' title='bbox 116 1483 303 1553; x_wconf 78' lang='lat' dir='ltr'><strong>fuisse</strong></span> <span class='ocrx_word' id='word_1_70' title='bbox 344 1490 759 1556; x_wconf 78' lang='lat' dir='ltr'><strong>invenimus.</strong></span> <span class='ocrx_word' id='word_1_71' title='bbox 816 1486 899 1554; x_wconf 84' lang='lat' dir='ltr'><strong>C.</strong></span> <span class='ocrx_word' id='word_1_72' title='bbox 947 1486 1177 1555; x_wconf 84' lang='lat' dir='ltr'><strong>Laelio</strong></span> <span class='ocrx_word' id='word_1_73' title='bbox 1221 1487 1602 1554; x_wconf 77' lang='lat' dir='ltr'><strong>Proconsuli</strong></span> <span class='ocrx_word' id='word_1_74' title='bbox 1646 1491 1717 1560; x_wconf 87' lang='lat' dir='ltr'><strong>in</strong></span> <span class='ocrx_word' id='word_1_75' title='bbox 1762 1488 1972 1553; x_wconf 88' lang='lat' dir='ltr'><strong>alium</strong></span> <span class='ocrx_word' id='word_1_76' title='bbox 2040 1509 2293 1553; x_wconf 87' lang='lat' dir='ltr'><strong>annum</strong></span> 
     </span>
    </p>
   </div>
   <div class='ocr_carea' id='block_1_5' title="bbox 117 1600 2414 1698">
    <p class='ocr_par' dir='ltr' id='par_1_5' title="bbox 117 1600 2414 1698">
     <span class='ocr_line' id='line_1_11' title="bbox 117 1600 2414 1698; baseline 0 -29"><span class='ocrx_word' id='word_1_77' title='bbox 117 1616 458 1692; x_wconf 85' lang='lat' dir='ltr'><strong>prorogato</strong></span> <span class='ocrx_word' id='word_1_78' title='bbox 499 1605 808 1691; x_wconf 85' lang='lat' dir='ltr'><strong>imperio,</strong></span> <span class='ocrx_word' id='word_1_79' title='bbox 853 1600 1149 1668; x_wconf 79' lang='lat' dir='ltr'><strong>Galliam</strong></span> <span class='ocrx_word' id='word_1_80' title='bbox 1194 1614 1424 1690; x_wconf 89' lang='lat' dir='ltr'><strong>postea</strong></span> <span class='ocrx_word' id='word_1_81' title='bbox 1467 1601 1551 1669; x_wconf 84' lang='lat' dir='ltr'><strong>C.</strong></span> <span class='ocrx_word' id='word_1_82' title='bbox 1583 1603 1816 1669; x_wconf 85' lang='lat' dir='ltr'><strong>Livius</strong></span> <span class='ocrx_word' id='word_1_83' title='bbox 1854 1614 2289 1691; x_wconf 87' lang='lat' dir='ltr'><strong>cognomento</strong></span> <span class='ocrx_word' id='word_1_84' title='bbox 2323 1639 2328 1644; x_wconf 89' lang='lat'>·</span> <span class='ocrx_word' id='word_1_85' title='bbox 2409 1689 2414 1698; x_wconf 29' lang='lat'>¹</span> 
     </span>
    </p>
   </div>
   <div class='ocr_carea' id='block_1_6' title="bbox 64 1715 2393 3670">
    <p class='ocr_par' dir='ltr' id='par_1_6' title="bbox 64 1715 2393 3670">
     <span class='ocr_line' id='line_1_12' title="bbox 118 1715 2291 1808; baseline 0 -25"><span class='ocrx_word' id='word_1_86' title='bbox 118 1715 441 1787; x_wconf 72' lang='lat' dir='ltr'><strong>Salinator</strong></span> <span class='ocrx_word' id='word_1_87' title='bbox 482 1721 789 1808; x_wconf 73' lang='lat' dir='ltr'><strong>suscepit.</strong></span> <span class='ocrx_word' id='word_1_88' title='bbox 838 1719 1134 1794; x_wconf 87' lang='lat' dir='ltr'><strong>Demum</strong></span> <span class='ocrx_word' id='word_1_89' title='bbox 1183 1720 1437 1807; x_wconf 78' lang='lat' dir='ltr'><strong>pacatis</strong></span> <span class='ocrx_word' id='word_1_90' title='bbox 1458 1718 1692 1807; x_wconf 82' lang='lat' dir='ltr'><strong>rebus,</strong></span> <span class='ocrx_word' id='word_1_91' title='bbox 1721 1742 1871 1785; x_wconf 88' lang='lat' dir='ltr'><strong>cum</strong></span> <span class='ocrx_word' id='word_1_92' title='bbox 1907 1718 2291 1808; x_wconf 80' lang='lat' dir='ltr'><strong>placuisset,</strong></span> 
     </span>
     <span class='ocr_line' id='line_1_13' title="bbox 123 1820 2293 1915; baseline 0 -15"><span class='ocrx_word' id='word_1_93' title='bbox 123 1846 203 1900; x_wconf 89' lang='lat' dir='ltr'><strong>ut</strong></span> <span class='ocrx_word' id='word_1_94' title='bbox 240 1834 371 1903; x_wconf 92' lang='lat' dir='ltr'><strong>duo</strong></span> <span class='ocrx_word' id='word_1_95' title='bbox 414 1820 481 1902; x_wconf 86' lang='lat' dir='ltr'><strong>in</strong></span> <span class='ocrx_word' id='word_1_96' title='bbox 523 1834 718 1902; x_wconf 88' lang='lat' dir='ltr'><strong>Italia</strong></span> <span class='ocrx_word' id='word_1_97' title='bbox 762 1835 1119 1913; x_wconf 82' lang='lat' dir='ltr'><strong>Praetores,</strong></span> <span class='ocrx_word' id='word_1_98' title='bbox 1164 1834 1348 1901; x_wconf 61' lang='lat' dir='ltr'><strong>alter*</strong></span> <span class='ocrx_word' id='word_1_99' title='bbox 1384 1836 1454 1900; x_wconf 90' lang='lat' dir='ltr'><strong>in</strong></span> <span class='ocrx_word' id='word_1_100' title='bbox 1500 1834 1755 1915; x_wconf 85' lang='lat' dir='ltr'><strong>Gallia,</strong></span> <span class='ocrx_word' id='word_1_101' title='bbox 1803 1834 2076 1900; x_wconf 84' lang='lat' dir='ltr'><strong>Tarenti</strong></span> <span class='ocrx_word' id='word_1_102' title='bbox 2124 1833 2293 1901; x_wconf 89' lang='lat' dir='ltr'><strong>alter</strong></span> 
     </span>
     <span class='ocr_line' id='line_1_14' title="bbox 121 1951 2293 2040; baseline 0 -22"><span class='ocrx_word' id='word_1_103' title='bbox 121 1953 226 2037; x_wconf 82' lang='lat' dir='ltr'><strong>jus</strong></span> <span class='ocrx_word' id='word_1_104' title='bbox 266 1952 581 2033; x_wconf 86' lang='lat' dir='ltr'><strong>dicerent,</strong></span> <span class='ocrx_word' id='word_1_105' title='bbox 624 1952 718 2019; x_wconf 69' lang='lat' dir='ltr'><strong>M.</strong></span> <span class='ocrx_word' id='word_1_106' title='bbox 767 1952 1008 2018; x_wconf 82' lang='lat' dir='ltr'><strong>Furius</strong></span> <span class='ocrx_word' id='word_1_107' title='bbox 1040 1951 1327 2020; x_wconf 74' lang='lat' dir='ltr'><strong>,Crassus</strong></span> <span class='ocrx_word' id='word_1_108' title='bbox 1372 1951 1645 2029; x_wconf 80' lang='lat' dir='ltr'><strong>Praetor</strong></span> <span class='ocrx_word' id='word_1_109' title='bbox 1688 1952 1771 2024; x_wconf 82' lang='lat' dir='ltr'><strong>ad</strong></span> <span class='ocrx_word' id='word_1_110' title='bbox 1825 1974 1941 2019; x_wconf 92' lang='lat' dir='ltr'><strong>nos</strong></span> <span class='ocrx_word' id='word_1_111' title='bbox 1996 1963 2095 2018; x_wconf 85' lang='lat' dir='ltr'><strong>est</strong></span> <span class='ocrx_word' id='word_1_112' title='bbox 2145 1973 2293 2040; x_wconf 91' lang='lat' dir='ltr'><strong>pro-</strong></span> 
     </span>
     <span class='ocr_line' id='line_1_15' title="bbox 125 2061 2290 2157; baseline 0.001 -25"><span class='ocrx_word' id='word_1_113' title='bbox 125 2065 344 2137; x_wconf 77' lang='lat' dir='ltr'><strong>fectus.</strong></span> <span class='ocrx_word' id='word_1_114' title='bbox 391 2070 612 2137; x_wconf 75' lang='lat' dir='ltr'><strong>creati</strong></span> <span class='ocrx_word' id='word_1_115' title='bbox 655 2081 844 2135; x_wconf 87' lang='lat' dir='ltr'><strong>erant</strong></span> <span class='ocrx_word' id='word_1_116' title='bbox 888 2061 1210 2136; x_wconf 84' lang='lat' dir='ltr'><strong>Consules</strong></span> <span class='ocrx_word' id='word_1_117' title='bbox 1245 2068 1340 2134; x_wconf 89' lang='lat' dir='ltr'><strong>M.</strong></span> <span class='ocrx_word' id='word_1_118' title='bbox 1375 2066 1686 2134; x_wconf 86' lang='lat' dir='ltr'><strong>AEmilius</strong></span> <span class='ocrx_word' id='word_1_119' title='bbox 1730 2067 2040 2157; x_wconf 75' lang='lat' dir='ltr'><strong>LepiduS,</strong></span> <span class='ocrx_word' id='word_1_120' title='bbox 2089 2080 2158 2134; x_wconf 89' lang='lat' dir='ltr'><strong>et</strong></span> <span class='ocrx_word' id='word_1_121' title='bbox 2204 2067 2290 2135; x_wconf 85' lang='lat' dir='ltr'><strong>C.</strong></span> 
     </span>
     <span class='ocr_line' id='line_1_16' title="bbox 126 2183 2293 2282; baseline 0.001 -32"><span class='ocrx_word' id='word_1_122' title='bbox 126 2183 510 2266; x_wconf 81' lang='lat' dir='ltr'><strong>Flaminius,</strong></span> <span class='ocrx_word' id='word_1_123' title='bbox 553 2187 671 2274; x_wconf 88' lang='lat' dir='ltr'><strong>qui</strong></span> <span class='ocrx_word' id='word_1_124' title='bbox 701 2185 1055 2282; x_wconf 81' lang='lat' dir='ltr'><strong>Liguribus</strong></span> <span class='ocrx_word' id='word_1_125' title='bbox 1099 2184 1494 2273; x_wconf 86' lang='lat' dir='ltr'><strong>quibusdam</strong></span> <span class='ocrx_word' id='word_1_126' title='bbox 1544 2185 1954 2274; x_wconf 84' lang='lat' dir='ltr'><strong>perdomitis,</strong></span> <span class='ocrx_word' id='word_1_127' title='bbox 1997 2208 2082 2251; x_wconf 89' lang='lat' dir='ltr'><strong>ne</strong></span> <span class='ocrx_word' id='word_1_128' title='bbox 2126 2187 2293 2252; x_wconf 91' lang='lat' dir='ltr'><strong>otio-</strong></span> 
     </span>
     <span class='ocr_line' id='line_1_17' title="bbox 124 2299 2292 2390; baseline -0.001 -23"><span class='ocrx_word' id='word_1_129' title='bbox 124 2322 262 2367; x_wconf 85' lang='lat' dir='ltr'><strong>sum</strong></span> <span class='ocrx_word' id='word_1_130' title='bbox 312 2301 597 2367; x_wconf 87' lang='lat' dir='ltr'><strong>militem</strong></span> <span class='ocrx_word' id='word_1_131' title='bbox 650 2301 1004 2380; x_wconf 75' lang='lat' dir='ltr'><strong>haberent,</strong></span> <span class='ocrx_word' id='word_1_132' title='bbox 1071 2304 1183 2367; x_wconf 86' lang='lat' dir='ltr'><strong>via</strong></span> <span class='ocrx_word' id='word_1_133' title='bbox 1227 2300 1527 2367; x_wconf 88' lang='lat' dir='ltr'><strong>Bononia</strong></span> <span class='ocrx_word' id='word_1_134' title='bbox 1571 2302 1875 2384; x_wconf 83' lang='lat' dir='ltr'><strong>Aretium</strong></span> <span class='ocrx_word' id='word_1_135' title='bbox 1945 2299 2292 2390; x_wconf 84' lang='lat' dir='ltr'><strong>perducta,</strong></span> 
     </span>
     <span class='ocr_line' id='line_1_18' title="bbox 126 2397 2298 2505; baseline 0 -25"><span class='ocrx_word' id='word_1_136' title='bbox 126 2436 268 2482; x_wconf 86' lang='lat' dir='ltr'><strong>cum</strong></span> <span class='ocrx_word' id='word_1_137' title='bbox 309 2440 388 2484; x_wconf 84' lang='lat' dir='ltr'><strong>ea</strong></span> <span class='ocrx_word' id='word_1_138' title='bbox 431 2419 804 2483; x_wconf 81' lang='lat' dir='ltr'><strong>universam</strong></span> <span class='ocrx_word' id='word_1_139' title='bbox 849 2419 1052 2483; x_wconf 87' lang='lat' dir='ltr'><strong>etiarn</strong></span> <span class='ocrx_word' id='word_1_140' title='bbox 1097 2420 1542 2505; x_wconf 83' lang='lat' dir='ltr'><strong>provinciam,</strong></span> <span class='ocrx_word' id='word_1_141' title='bbox 1583 2439 1759 2505; x_wconf 87' lang='lat' dir='ltr'><strong>quae</strong></span> <span class='ocrx_word' id='word_1_142' title='bbox 1782 2397 1979 2482; x_wconf 39' lang='lat' dir='ltr'><strong>&#39;nunc</strong></span> <span class='ocrx_word' id='word_1_143' title='bbox 2008 2415 2298 2482; x_wconf 89' lang='lat' dir='ltr'><strong>Roman·</strong></span> 
     </span>
     <span class='ocr_line' id='line_1_19' title="bbox 135 2530 2296 2625; baseline 0 -27"><span class='ocrx_word' id='word_1_144' title='bbox 135 2530 297 2600; x_wconf 83' lang='lat' dir='ltr'><strong>diola</strong></span> <span class='ocrx_word' id='word_1_145' title='bbox 324 2533 598 2615; x_wconf 87' lang='lat' dir='ltr'><strong>dicitur,</strong></span> <span class='ocrx_word' id='word_1_146' title='bbox 632 2533 997 2601; x_wconf 87' lang='lat' dir='ltr'><strong>Flaminius</strong></span> <span class='ocrx_word' id='word_1_147' title='bbox 1042 2558 1080 2600; x_wconf 88' lang='lat' dir='ltr'><strong>a</strong></span> <span class='ocrx_word' id='word_1_148' title='bbox 1125 2557 1193 2599; x_wconf 89' lang='lat' dir='ltr'><strong>se</strong></span> <span class='ocrx_word' id='word_1_149' title='bbox 1238 2533 1640 2601; x_wconf 88' lang='lat' dir='ltr'><strong>Flaminiam</strong></span> <span class='ocrx_word' id='word_1_150' title='bbox 1687 2533 2078 2625; x_wconf 85' lang='lat' dir='ltr'><strong>appellavit.</strong></span> <span class='ocrx_word' id='word_1_151' title='bbox 2126 2532 2296 2601; x_wconf 87' lang='lat' dir='ltr'><strong>Viae</strong></span> 
     </span>
     <span class='ocr_line' id='line_1_20' title="bbox 64 2650 2296 2741; baseline 0.001 -27"><span class='ocrx_word' id='word_1_152' title='bbox 64 2695 75 2706; x_wconf 73' lang='lat'><strong>·</strong></span> <span class='ocrx_word' id='word_1_153' title='bbox 131 2672 254 2716; x_wconf 89' lang='lat' dir='ltr'><strong>nou</strong></span> <span class='ocrx_word' id='word_1_154' title='bbox 294 2664 593 2741; x_wconf 87' lang='lat' dir='ltr'><strong>congesta</strong></span> <span class='ocrx_word' id='word_1_155' title='bbox 638 2662 810 2717; x_wconf 88' lang='lat' dir='ltr'><strong>terra</strong></span> <span class='ocrx_word' id='word_1_156' title='bbox 854 2663 974 2717; x_wconf 84' lang='lat' dir='ltr'><strong>aut</strong></span> <span class='ocrx_word' id='word_1_157' title='bbox 1014 2654 1303 2729; x_wconf 86' lang='lat' dir='ltr'><strong>invecta,</strong></span> <span class='ocrx_word' id='word_1_158' title='bbox 1348 2663 1429 2716; x_wconf 86' lang='lat' dir='ltr'><strong>ut</strong></span> <span class='ocrx_word' id='word_1_159' title='bbox 1473 2673 1657 2718; x_wconf 90' lang='lat' dir='ltr'><strong>nunc</strong></span> <span class='ocrx_word' id='word_1_160' title='bbox 1705 2650 1945 2731; x_wconf 87' lang='lat' dir='ltr'><strong>solent,</strong></span> <span class='ocrx_word' id='word_1_161' title='bbox 1987 2650 2213 2740; x_wconf 86' lang='lat' dir='ltr'><strong>glarea</strong></span> <span class='ocrx_word' id='word_1_162' title='bbox 2255 2672 2296 2716; x_wconf 84' lang='lat' dir='ltr'><strong>a</strong></span> 
     </span>
     <span class='ocr_line' id='line_1_21' title="bbox 131 2762 2299 2858; baseline -0 -26"><span class='ocrx_word' id='word_1_163' title='bbox 131 2762 425 2834; x_wconf 87' lang='lat' dir='ltr'><strong>Romanis</strong></span> <span class='ocrx_word' id='word_1_164' title='bbox 473 2767 978 2848; x_wconf 83' lang='lat' dir='ltr'><strong>extruebantur,</strong></span> <span class='ocrx_word' id='word_1_165' title='bbox 1008 2767 1121 2833; x_wconf 89' lang='lat' dir='ltr'><strong>sed</strong></span> <span class='ocrx_word' id='word_1_166' title='bbox 1153 2767 1514 2833; x_wconf 86' lang='lat' dir='ltr'><strong>durissimis</strong></span> <span class='ocrx_word' id='word_1_167' title='bbox 1543 2766 1904 2858; x_wconf 82' lang='lat' dir='ltr'><strong>lapidibus,</strong></span> <span class='ocrx_word' id='word_1_168' title='bbox 1931 2769 2048 2857; x_wconf 90' lang='lat' dir='ltr'><strong>qui</strong></span> <span class='ocrx_word' id='word_1_169' title='bbox 2081 2789 2121 2832; x_wconf 87' lang='lat' dir='ltr'><strong>a</strong></span> <span class='ocrx_word' id='word_1_170' title='bbox 2150 2789 2299 2832; x_wconf 89' lang='lat' dir='ltr'><strong>cur-</strong></span> 
     </span>
     <span class='ocr_line' id='line_1_22' title="bbox 135 2862 2393 2973; baseline -0.001 -24"><span class='ocrx_word' id='word_1_171' title='bbox 135 2879 303 2949; x_wconf 81' lang='lat' dir='ltr'><strong>tibus</strong></span> <span class='ocrx_word' id='word_1_172' title='bbox 339 2880 546 2973; x_wconf 81' lang='lat' dir='ltr'><strong>frangi</strong></span> <span class='ocrx_word' id='word_1_173' title='bbox 590 2907 724 2952; x_wconf 91' lang='lat' dir='ltr'><strong>non</strong></span> <span class='ocrx_word' id='word_1_174' title='bbox 768 2896 1094 2973; x_wconf 88' lang='lat' dir='ltr'><strong>poterant,</strong></span> <span class='ocrx_word' id='word_1_175' title='bbox 1140 2883 1222 2949; x_wconf 88' lang='lat' dir='ltr'><strong>ad</strong></span> <span class='ocrx_word' id='word_1_176' title='bbox 1270 2862 1561 2972; x_wconf 76' lang='lat' dir='ltr'><strong>unguem</strong></span> <span class='ocrx_word' id='word_1_177' title='bbox 1606 2885 2010 2962; x_wconf 84' lang='lat' dir='ltr'><strong>commissis,</strong></span> <span class='ocrx_word' id='word_1_178' title='bbox 2057 2891 2318 2972; x_wconf 76' lang='lat' dir='ltr'><strong>magno</strong></span> <span class='ocrx_word' id='word_1_179' title='bbox 2386 2865 2393 2873; x_wconf 46' lang='grc'><em>’</em></span> 
     </span>
     <span class='ocr_line' id='line_1_23' title="bbox 140 2996 2299 3069; baseline 0.002 -8"><span class='ocrx_word' id='word_1_180' title='bbox 140 3000 427 3065; x_wconf 87' lang='lat' dir='ltr'><strong>euntium</strong></span> <span class='ocrx_word' id='word_1_181' title='bbox 488 3001 834 3069; x_wconf 87' lang='lat' dir='ltr'><strong>commodo</strong></span> <span class='ocrx_word' id='word_1_182' title='bbox 898 3000 1381 3067; x_wconf 88' lang='lat' dir='ltr'><strong>sternebantur.</strong></span> <span class='ocrx_word' id='word_1_183' title='bbox 1450 2998 1714 3064; x_wconf 88' lang='lat' dir='ltr'><strong>Marcus</strong></span> <span class='ocrx_word' id='word_1_184' title='bbox 1781 3021 1933 3065; x_wconf 87' lang='lat' dir='ltr'><strong>vero</strong></span> <span class='ocrx_word' id='word_1_185' title='bbox 1987 2996 2299 3066; x_wconf 86' lang='lat' dir='ltr'><strong>AEmilius</strong></span> 
     </span>
     <span class='ocr_line' id='line_1_24' title="bbox 136 3091 2299 3204; baseline 0 -26"><span class='ocrx_word' id='word_1_186' title='bbox 136 3125 415 3181; x_wconf 85' lang='lat' dir='ltr'><strong>montem</strong></span> <span class='ocrx_word' id='word_1_187' title='bbox 438 3115 782 3197; x_wconf 85' lang='lat' dir='ltr'><strong>Balistam,</strong></span> <span class='ocrx_word' id='word_1_188' title='bbox 802 3128 950 3182; x_wconf 86' lang='lat' dir='ltr'><strong>tum</strong></span> <span class='ocrx_word' id='word_1_189' title='bbox 972 3091 1327 3204; x_wconf 75' lang='lat' dir='ltr'><strong>Ligurum,</strong></span> <span class='ocrx_word' id='word_1_190' title='bbox 1355 3137 1534 3180; x_wconf 89' lang='lat' dir='ltr'><strong>nunc</strong></span> <span class='ocrx_word' id='word_1_191' title='bbox 1564 3114 1983 3203; x_wconf 83' lang='lat' dir='ltr'><strong>Regiensium</strong></span> <span class='ocrx_word' id='word_1_192' title='bbox 2015 3113 2299 3194; x_wconf 88' lang='lat' dir='ltr'><strong>factum,</strong></span> 
     </span>
     <span class='ocr_line' id='line_1_25' title="bbox 133 3228 2298 3322; baseline 0 -27"><span class='ocrx_word' id='word_1_193' title='bbox 133 3250 490 3322; x_wconf 84' lang='lat' dir='ltr'><strong>oppugnare</strong></span> <span class='ocrx_word' id='word_1_194' title='bbox 521 3234 791 3300; x_wconf 86' lang='lat' dir='ltr'><strong>adortus</strong></span> <span class='ocrx_word' id='word_1_195' title='bbox 821 3246 943 3299; x_wconf 87' lang='lat' dir='ltr'><strong>est.</strong></span> <span class='ocrx_word' id='word_1_196' title='bbox 989 3234 1243 3303; x_wconf 87' lang='lat' dir='ltr'><strong>Ferunt</strong></span> <span class='ocrx_word' id='word_1_197' title='bbox 1271 3233 1590 3320; x_wconf 84' lang='lat' dir='ltr'><strong>insignem</strong></span> <span class='ocrx_word' id='word_1_198' title='bbox 1621 3231 1948 3299; x_wconf 89' lang='lat' dir='ltr'><strong>latronem</strong></span> <span class='ocrx_word' id='word_1_199' title='bbox 1977 3228 2298 3297; x_wconf 88' lang='lat' dir='ltr'><strong>Balistam</strong></span> 
     </span>
     <span class='ocr_line' id='line_1_26' title="bbox 132 3345 2301 3437; baseline 0.002 -27"><span class='ocrx_word' id='word_1_200' title='bbox 132 3348 403 3428; x_wconf 88' lang='lat' dir='ltr'><strong>nomine,</strong></span> <span class='ocrx_word' id='word_1_201' title='bbox 446 3351 566 3437; x_wconf 86' lang='lat' dir='ltr'><strong>qui</strong></span> <span class='ocrx_word' id='word_1_202' title='bbox 613 3360 807 3430; x_wconf 84' lang='lat' dir='ltr'><strong>antea</strong></span> <span class='ocrx_word' id='word_1_203' title='bbox 851 3347 1297 3437; x_wconf 85' lang='lat' dir='ltr'><strong>ludimagister</strong></span> <span class='ocrx_word' id='word_1_204' title='bbox 1341 3346 1583 3429; x_wconf 86' lang='lat' dir='ltr'><strong>fuerat,</strong></span> <span class='ocrx_word' id='word_1_205' title='bbox 1628 3346 1730 3414; x_wconf 90' lang='lat' dir='ltr'><strong>illi</strong></span> <span class='ocrx_word' id='word_1_206' title='bbox 1774 3347 1966 3435; x_wconf 88' lang='lat' dir='ltr'><strong>jugo,</strong></span> <span class='ocrx_word' id='word_1_207' title='bbox 2014 3345 2130 3413; x_wconf 89' lang='lat' dir='ltr'><strong>ubi</strong></span> <span class='ocrx_word' id='word_1_208' title='bbox 2178 3346 2301 3415; x_wconf 91' lang='lat' dir='ltr'><strong>ho·</strong></span> 
     </span>
     <span class='ocr_line' id='line_1_27' title="bbox 132 3460 2299 3544; baseline 0.002 -21"><span class='ocrx_word' id='word_1_209' title='bbox 132 3461 373 3528; x_wconf 80' lang='lat' dir='ltr'><strong>minum</strong></span> <span class='ocrx_word' id='word_1_210' title='bbox 405 3465 588 3531; x_wconf 84' lang='lat' dir='ltr'><strong>vitae</strong></span> <span class='ocrx_word' id='word_1_211' title='bbox 617 3463 903 3530; x_wconf 86' lang='lat' dir='ltr'><strong>insidiari</strong></span> <span class='ocrx_word' id='word_1_212' title='bbox 934 3471 1384 3544; x_wconf 80' lang='lat' dir='ltr'><strong>consueverat,</strong></span> <span class='ocrx_word' id='word_1_213' title='bbox 1413 3487 1657 3532; x_wconf 87' lang='lat' dir='ltr'><strong>nomen</strong></span> <span class='ocrx_word' id='word_1_214' title='bbox 1693 3460 1987 3543; x_wconf 83' lang='lat' dir='ltr'><strong>dedisse3</strong></span> <span class='ocrx_word' id='word_1_215' title='bbox 2017 3462 2087 3527; x_wconf 89' lang='lat' dir='ltr'><strong>id</strong></span> <span class='ocrx_word' id='word_1_216' title='bbox 2118 3486 2299 3529; x_wconf 90' lang='lat' dir='ltr'><strong>nunc</strong></span> 
     </span>
     <span class='ocr_line' id='line_1_28' title="bbox 133 3569 2298 3670; baseline 0 -28"><span class='ocrx_word' id='word_1_217' title='bbox 133 3590 423 3670; x_wconf 77' lang='lat' dir='ltr'><strong>corrupto</strong></span> <span class='ocrx_word' id='word_1_218' title='bbox 468 3577 799 3647; x_wconf 84' lang='lat' dir='ltr'><strong>vocabulo</strong></span> <span class='ocrx_word' id='word_1_219' title='bbox 843 3576 1216 3645; x_wconf 86' lang='lat' dir='ltr'><strong>Valestram</strong></span> <span class='ocrx_word' id='word_1_220' title='bbox 1262 3591 1551 3658; x_wconf 80' lang='lat' dir='ltr'><strong>vocant3</strong></span> <span class='ocrx_word' id='word_1_221' title='bbox 1597 3576 1780 3645; x_wconf 87' lang='lat' dir='ltr'><strong>fama</strong></span> <span class='ocrx_word' id='word_1_222' title='bbox 1825 3590 1924 3645; x_wconf 90' lang='lat' dir='ltr'><strong>est</strong></span> <span class='ocrx_word' id='word_1_223' title='bbox 1979 3581 2050 3645; x_wconf 90' lang='lat' dir='ltr'><strong>in</strong></span> <span class='ocrx_word' id='word_1_224' title='bbox 2110 3569 2298 3659; x_wconf 80' lang='lat' dir='ltr'><strong>eum,</strong></span> 
     </span>
    </p>
   </div>
   <div class='ocr_carea' id='block_1_7' title="bbox 134 3693 2408 3790">
    <p class='ocr_par' dir='ltr' id='par_1_7' title="bbox 134 3693 2408 3790">
     <span class='ocr_line' id='line_1_29' title="bbox 134 3693 2408 3790; baseline 0 -28"><span class='ocrx_word' id='word_1_225' title='bbox 134 3696 237 3781; x_wconf 80' lang='lat' dir='ltr'><strong>qui</strong></span> <span class='ocrx_word' id='word_1_226' title='bbox 276 3695 363 3762; x_wconf 84' lang='lat' dir='ltr'><strong>ab</strong></span> <span class='ocrx_word' id='word_1_227' title='bbox 408 3694 642 3764; x_wconf 84' lang='lat' dir='ltr'><strong>incolis</strong></span> <span class='ocrx_word' id='word_1_228' title='bbox 682 3694 1015 3784; x_wconf 87' lang='lat' dir='ltr'><strong>lapidibus</strong></span> <span class='ocrx_word' id='word_1_229' title='bbox 1058 3695 1336 3763; x_wconf 88' lang='lat' dir='ltr'><strong>obrutus</strong></span> <span class='ocrx_word' id='word_1_230' title='bbox 1378 3693 1624 3775; x_wconf 87' lang='lat' dir='ltr'><strong>fuerat,</strong></span> <span class='ocrx_word' id='word_1_231' title='bbox 1669 3695 1719 3761; x_wconf 75' lang='lat' dir='ltr'><strong>a‘</strong></span> <span class='ocrx_word' id='word_1_232' title='bbox 1752 3694 2032 3790; x_wconf 88' lang='lat' dir='ltr'><strong>Virgilio</strong></span> <span class='ocrx_word' id='word_1_233' title='bbox 2077 3694 2300 3784; x_wconf 83' lang='lat' dir='ltr'><strong>adhuc</strong></span> <span class='ocrx_word' id='word_1_234' title='bbox 2403 3745 2408 3750; x_wconf 91' lang='lat'>-</span> 
     </span>
    </p>
   </div>
   <div class='ocr_carea' id='block_1_8' title="bbox 134 3808 1909 3912">
    <p class='ocr_par' dir='ltr' id='par_1_8' title="bbox 134 3808 1909 3912">
     <span class='ocr_line' id='line_1_30' title="bbox 134 3808 1909 3912; baseline -0.001 -33"><span class='ocrx_word' id='word_1_235' title='bbox 134 3831 317 3898; x_wconf 78' lang='lat' dir='ltr'><strong>puero</strong></span> <span class='ocrx_word' id='word_1_236' title='bbox 360 3823 593 3903; x_wconf 86' lang='lat' dir='ltr'><strong>postea</strong></span> <span class='ocrx_word' id='word_1_237' title='bbox 635 3812 785 3912; x_wconf 29' lang='lat' dir='ltr'><strong>hoc·</strong></span> <span class='ocrx_word' id='word_1_238' title='bbox 809 3808 1252 3902; x_wconf 84' lang='lat' dir='ltr'><strong>Epitaphium</strong></span> <span class='ocrx_word' id='word_1_239' title='bbox 1295 3813 1642 3880; x_wconf 87' lang='lat' dir='ltr'><strong>conditum</strong></span> <span class='ocrx_word' id='word_1_240' title='bbox 1688 3810 1909 3879; x_wconf 87' lang='lat' dir='ltr'><strong>fuisse.</strong></span> 
     </span>
    </p>
   </div>
   <div class='ocr_carea' id='block_1_9' title="bbox 292 4044 2226 4255">
    <p class='ocr_par' dir='ltr' id='par_1_9' title="bbox 292 4044 2226 4255">
     <span class='ocr_line' id='line_1_31' title="bbox 292 4044 2226 4137; baseline -0.001 -25"><span class='ocrx_word' id='word_1_241' title='bbox 292 4045 543 4113; x_wconf 83' lang='lat' dir='ltr'><strong>Monte</strong></span> <span class='ocrx_word' id='word_1_242' title='bbox 585 4044 707 4113; x_wconf 80' lang='lat' dir='ltr'><strong>sub</strong></span> <span class='ocrx_word' id='word_1_243' title='bbox 753 4046 880 4115; x_wconf 80' lang='lat' dir='ltr'><strong>hoc</strong></span> <span class='ocrx_word' id='word_1_244' title='bbox 926 4049 1224 4137; x_wconf 80' lang='lat' dir='ltr'><strong>lapidum</strong></span> <span class='ocrx_word' id='word_1_245' title='bbox 1273 4050 1524 4136; x_wconf 81' lang='lat' dir='ltr'><strong>tegitur</strong></span> <span class='ocrx_word' id='word_1_246' title='bbox 1562 4046 1836 4114; x_wconf 79' lang='lat' dir='ltr'><strong>Balista</strong></span> <span class='ocrx_word' id='word_1_247' title='bbox 1880 4046 2226 4135; x_wconf 81' lang='lat' dir='ltr'><strong>sepultus:</strong></span> 
     </span>
     <span class='ocr_line' id='line_1_32' title="bbox 378 4160 1955 4255; baseline -0.003 -23"><span class='ocrx_word' id='word_1_248' title='bbox 378 4160 647 4250; x_wconf 84' lang='lat' dir='ltr'><strong>Nocte,</strong></span> <span class='ocrx_word' id='word_1_249' title='bbox 691 4165 928 4255; x_wconf 82' lang='lat' dir='ltr'><strong>dieque</strong></span> <span class='ocrx_word' id='word_1_250' title='bbox 974 4176 1162 4233; x_wconf 84' lang='lat' dir='ltr'><strong>tuum</strong></span> <span class='ocrx_word' id='word_1_251' title='bbox 1208 4187 1444 4255; x_wconf 83' lang='lat' dir='ltr'><strong>carpe,</strong></span> <span class='ocrx_word' id='word_1_252' title='bbox 1502 4164 1766 4248; x_wconf 81' lang='lat' dir='ltr'><strong>Viator,</strong></span> <span class='ocrx_word' id='word_1_253' title='bbox 1813 4168 1955 4231; x_wconf 84' lang='lat' dir='ltr'><strong>iter.</strong></span> 
     </span>
    </p>
   </div>
  </div>
 </body>
</html>
