2950 5017
621 421 757 488 520
1371 432 1611 480 annun
1656 431 2079 480 ateramum

618 558 961 649 ingenium
1027 553 1344 635 haberet,
1412 556 1537 645 qni
1604 553 1984 644 recipiendo
2050 553 2261 642 Regio
2312 551 2424 618 die
2495 564 2836 643 noctuque

616 672 963 755 studebat,
1003 672 1352 762 maginta
1391 672 1704 761 equitum
1751 668 1967 752 alam,
1997 691 2178 760 queo
2202 668 2525 746 Ioannini
2556 667 2838 737 medioe-

615 788 873 872 fuerat‚
917 811 1079 857 cum
1130 786 1441 856 ducentis
1502 786 1846 878 equitibus
1897 785 2256 855 Germanis
2312 787 2387 853 in
2447 785 2833 876 Regienses,

614 907 1023 999 ingrediente
1087 928 1265 976 anno
1330 926 1638 972 xnxxvrr
1657 954 1679 984 ‚
1745 903 2068 971 deduxit.
2133 899 2440 970 Salutius
2513 903 2830 972 Pontificii

614 1026 951 1093 exercitus
982 1024 1342 1114 imperator
1370 1043 1530 1090 cum
1559 1018 2041 1090 Guicciardino
2084 1034 2456 1089 castrorum
2507 1019 2832 1111 praefecto

615 1165 709 1211 ex
772 1141 1222 1211 conventione
1285 1149 1636 1226 revocatus
1692 1136 1859 1204 dum
1927 1160 2046 1229 per
2096 1137 2452 1229 Regienses
2502 1137 2834 1205 Mutinam

615 1254 1061 1351 proficiscitur
1111 1256 1397 1323 rusticos
1439 1256 1512 1322 in
1558 1252 1796 1321 urbem
1841 1275 1998 1321 cum
2047 1256 2365 1321 armentis
2408 1267 2489 1321 et
2537 1252 2836 1345 frugibm

613 1372 970 1467 confugere
1022 1371 1391 1463 compulit,
1440 1381 1515 1438 et
1568 1370 1832 1462 aliquot
1895 1370 2087 1440 aedes
2146 1351 2461 1462 copi-iaci
2525 1372 2834 1439 incendit.

613 1492 797 1562 Cum
839 1490 947 1559 his
986 1500 1182 1558 erant
1206 1488 1347 1558 duo
1375 1485 1841 1557 Helvetiorum
1888 1487 2106 1556 millia
2149 1500 2220 1556 et
2263 1500 2535 1579 septem
2567 1488 2838 1555 Italicae

615 1608 955 1693 cohortes,
996 1629 1177 1698 quae
1230 1604 1365 1674 sub
1404 1605 1662 1683 Ioanne
1705 1603 1965 1672 Medice
2009 1607 2297 1696 pugnaci
2355 1604 2545 1672 duce
2604 1605 2838 1672 milita·

612 1736 875 1807 verant,
914 1722 1322 1813 ducentique
1366 1718 1687 1788 Friderici
1732 1718 2034 1811 Gonaagi
2076 1721 2530 1811 cataphracti.
2579 1721 2833 1805 Quibm

612 1846 822 1935 copiis
862 1839 1293 1911 confirmatus
1334 1836 1691 1919 Clemens,
1739 1835 2022 1929 aliisque
2070 1841 2466 1930 conscriptis
2513 1839 2835 1908 militibus

610 1962 820 2027 initae
885 1961 1070 2048 pacis
1135 1953 1404 2025 foedere
1463 1964 1854 2045 contempto
1906 1953 2419 2045 quatuordecim
2470 1953 2837 2024 col-umm-

610 2099 768 2145 rum
811 2073 1058 2166 oppida
1105 2075 1370 2140 avarius
1413 2072 1676 2163 direpta
1717 2071 2049 2141 devastat.
2095 2070 2632 2142 Valdemontius
2687 2097 2835 2163 qno-

611 2216 748 2284 que
791 2193 913 2283 qui
958 2214 1047 2257 ex
1089 2192 1267 2279 regia
1311 2190 1516 2279 stirpe
1561 2201 1749 2257 ortus
1787 2212 1873 2256 ex
1902 2187 2120 2256 Gallis
2166 2212 2208 2255 a
2252 2187 2584 2257 Pontifice
2634 2212 2836 2256 accer-

610 2312 781 2377 situs
838 2318 1014 2387 erat,
1080 2316 1465 2397 expugnato
1530 2303 1807 2374 Salerno
1867 2304 2231 2395 Neapolim
2299 2302 2573 2373 infestis
2647 2307 2834 2372 armis

611 2448 858 2496 vexare
900 2425 1147 2514 coepit.
1193 2422 1436 2491 Caesar
1497 2420 1841 2490 Pontificis
1901 2420 2190 2491 consiliis
2217 2420 2630 2512 exploratis
2691 2423 2838 2496 Bor-

610 2542 897 2611 bonium
940 2562 1100 2608 cum
1145 2541 1387 2630 viginti
1432 2538 1736 2606 millibus
1765 2537 2292 2620 Germanorum,
2338 2552 2647 2629 octoque
2693 2537 2839 2606 mil-

610 2661 793 2728 libus
823 2661 1272 2750 Hispanorum
1317 2670 1389 2724 et
1433 2669 1534 2723 ter
1580 2656 1765 2724 mille
1795 2654 2126 2725 Italorum
2172 2659 2480 2724 exercitu
2511 2658 2601 2723 ad
2640 2660 2840 2747 repri-

614 2776 893 2845 mendos
935 2774 1232 2844 hostium
1279 2787 1563 2843 conatus
1600 2776 1813 2842 misit.
1843 2775 1976 2841 His·
1999 2775 2368 2864 octingenti
2412 2773 2838 2863 cataphracti

613 2906 685 2962 et
730 2907 832 2961 ter
874 2891 1065 2960 mille
1114 2890 1379 2960 levioris
1431 2902 1814 2958 armaturae
1882 2883 2145 2981 equites'
2206 2889 2553 2976 conjuncti
2612 2888 2839 2959 formi-

610 3010 863 3078 dandas
926 3010 1150 3099 copias
1214 3005 1537 3074 fecerant.
1582 3006 1722 3073 Ubi
1792 3005 1877 3073 ad
1944 3009 2253 3097 proxima
2308 3003 2647 3095 Cepi-iaco
2693 3006 2835 3075 loca

611 3147 1003 3219 pervenere,
1057 3126 1487 3217 Regiensium
1546 3123 1868 3193 mandato
1921 3123 2216 3193 Annibal
2276 3123 2735 3214 Malegutius,
2772 3137 2834 3192 et

610 3244 932 3313 Albertus
976 3244 1401 3312 Pratonerius
1452 3244 1765 3332 speciosis
1827 3242 2216 3309 muneribus
2259 3240 2546 3322 oblatis,
2592 3239 2830 3311 ferocis

608 3359 799 3427 ducis
865 3363 1168 3426 animum
1237 3341 1501 3449 placare
1568 3359 1797 3427 eonati
1861 3370 2048 3426 sunt.
2104 3356 2489 3449 Alphonsus
2555 3382 2830 3450 quoque

611 3475 963 3567 magnifica
1007 3497 1121 3565 per
1166 3475 1415 3564 legatos
1458 3474 1732 3544 donaria
1773 3474 2044 3543 detulit.
2091 3477 2277 3543 Haec
2322 3487 2556 3542 tamen
2599 3501 2830 3566 super-

611 3594 780 3663 bum
825 3591 1234 3683 licentiaque
1263 3603 1655 3682 corruptum
1696 3591 1982 3660 militem
2015 3591 2106 3660 ab
2134 3590 2505 3661 insatiabili
2547 3592 2831 3662 libidine

610 3735 916 3781 revocare
981 3735 1116 3780 non
1185 3721 1576 3801 potuerunt.
1623 3709 1752 3778 Per
1810 3732 1931 3778 sex
1990 3713 2175 3777 enim
2218 3708 2394 3791 dies,
2436 3710 2708 3800 quibua
2762 3713 2828 3777 in

612 3829 1048 3919 Regiensibus
1093 3825 1400 3909 fuerunt,
1468 3827 1692 3918 plures
1757 3827 1956 3896 villas
2023 3827 2114 3895 ab
2181 3823 2483 3918 agricolis
2534 3828 2828 3898 desertas

612 3944 1103 4024 incenderunt,-
1144 3965 1333 4035 agros
1395 3943 1870 4026 devastarunt,
1936 3968 2060 4012 nec
2128 3947 2358 4035 paucis
2425 3944 2826 4012 mulieribus

615 4068 898 4154 turpiter
963 4065 1439 4151 constupratis,
1494 4065 1704 4128 etiam
1761 4060 1838 4129 S.
1883 4061 2079 4130 Pauli
2129 4060 2489 4130 castellum
2557 4065 2823 4132 avarius

610 4180 1051 4273 diripuerunt.
1097 4178 1296 4248 Cives
1353 4177 1657 4271 plaustra
1719 4190 1789 4246 et
1855 4178 2165 4266 jumenta
2222 4176 2522 4271 profiteri
2566 4181 2817 4260 coacti,
