2950 5017
700 394 791 477 44
862 389 868 394 ’
1413 415 1676 490 'annum
1720 415 2134 488 ancrmsrum

697 544 1095 623 potestatem
1137 556 1267 601 nou
1311 529 1709 604 facientibus
1726 585 1745 615 ,
1783 559 2020 604 eorum
2075 558 2306 625 agrum
2364 559 2506 605 non
2571 535 2789 630 longe
2861 563 2893 606 a

695 648 1123 738 Regiensibus
1164 650 1544 740 praedatus,
1586 651 1749 718 dum
1793 653 2128 719 Mutinam
2158 654 2369 742 petit,
2414 652 2609 723 Boios
2659 658 2742 723 in
2796 659 2893 723 in·

693 765 870 863 sidiis
913 765 1267 836 collocatos
1312 791 1448 834 esse
1492 770 1836 857 cognovit.
1883 769 2057 837 Cum
2115 770 2218 836 his
2280 793 2662 860 congressus
2717 796 2893 863 qua-

696 881 1060 949 tuordecim
1103 881 1315 949 millia
1359 881 1765 972 profligavit,
1796 897 1863 951 et
1897 883 2079 950 mille
2110 888 2467 975 nonaginta
2508 886 2648 955 duo
2694 890 2895 956 vivos

694 1022 826 1067 nou
872 1003 1210 1067 incruenta
1251 1002 1542 1097 victoria·
1567 1003 1766 1090 cepit.
2279 993 2285 1002 ’
2885 1075 2894 1082 ,

828 1114 1144 1206 Sequenti
1190 1140 1361 1185 anno
1407 1118 1492 1184 ad
1535 1115 1670 1185 Gn.
1703 1117 2083 1186 Domitium
2114 1115 2574 1188 AEuobarbum
2619 1130 2692 1187 et
2739 1120 2895 1187 Lu-

690 1237 873 1304 cium
916 1235 1244 1317 Quintum
1283 1222 1609 1303 Consules
1631 1263 1639 1270 ·
1660 1238 1732 1302 in
1778 1234 2076 1303 Galliam
2131 1239 2502 1303 exercitum
2556 1236 2890 1305 ducentes

691 1373 824 1418 non
866 1353 1065 1439 pauci
1093 1349 1405 1418 Boiorum
1451 1348 1977 1439 transfugerunt3
2005 1350 2121 1445 sed
2151 1354 2424 1440 quinam
2469 1351 2540 1418 hi
2586 1349 2884 1433 fuerint,

689 1489 906 1555 quove
949 1469 1016 1533 in
1064 1466 1306 1555 oppido
1360 1480 1769 1534 morarentur
1795 1521 1800 1527 .
1826 1492 1957 1536 non
2021 1471 2180 1535 satis
2247 1479 2527 1535 constat.
2573 1467 2716 1558 Ego
2767 1492 2882 1537 eos

687 1588 757 1651 in
800 1572 1184 1674 propinquis
1228 1596 1486 1652 nostrae
1531 1585 1713 1652 urbis
1755 1583 1919 1652 locis
1965 1584 2306 1652 habitasse
2352 1586 2666 1666 arbitror,
2711 1608 2879 1653 cum

683 1702 849 1770 citra
889 1701 1255 1780 Mutinam,
1285 1704 1558 1790 quaein
1590 1700 2041 1770 Romanorum
2091 1696 2422 1790 potestate
2467 1713 2629 1779 erat,
2678 1724 2866 1791 agros

684 1815 1037 1885 incolentes
1074 1817 1219 1885 Boii
1262 1839 1516 1906 semper
1560 1819 1717 1905 ipsis
1762 1816 1847 1882 ad
1891 1817 1961 1882 id
2012 1829 2276 1906 tempus
2315 1814 2546 1883 infesti
2590 1814 2869 1884 fuerint.

640 2021 643 2024 Ἴ
685 1932 979 1999 Demum
1040 1932 1117 2000 P.
1161 1931 1537 2012 Cornelius,
1583 1931 1729 1999 Gn.
1783 1933 1863 1998 F.
1909 1930 2136 2022 Scipio
2184 1930 2436 2000 Consul
2500 1931 2630 1999 alio
2690 1955 2865 2012 anno

684 2050 820 2117 duo
864 2049 946 2115 de
1003 2051 1269 2138 triginta
1321 2049 1617 2115 millibus
1672 2051 1908 2128 caesis,
1965 2061 2036 2114 et
2089 2048 2301 2116 tribus
2357 2047 2651 2141 millibus
2702 2072 2867 2138 qua-

682 2167 1038 2257 dringentis
1091 2169 1334 2255 captis,
1401 2165 1689 2255 reliquos
1763 2189 1994 2233 omnes
2063 2166 2261 2235 Boios
2327 2169 2396 2233 in
2463 2164 2864 2238 deditionem

683 2286 934 2372 accepit
963 2285 1028 2347 (ί)
1048 2333 1065 2350 .
1110 2282 1258 2351 Mos
1301 2295 1441 2348 erat
1488 2294 1678 2348 vetus
1722 2281 2211 2369 Romanorum,
2258 2281 2614 2371 populum,
2660 2305 2861 2372 quem

679 2398 1146 2480 debellassent,
1178 2423 1312 2467 non
1341 2401 1526 2488 prius
1579 2422 1694 2488 pro
1741 2409 1975 2487 pacato
2010 2397 2288 2479 habere,
2317 2421 2522 2487 quam
2552 2410 2862 2488 opportu-

681 2518 783 2582 nis
827 2513 1104 2581 urbibus
1147 2515 1483 2603 praesidiis
1530 2517 1850 2602 impositis
1896 2515 2117 2587 omnia
2147 2513 2411 2594 divina,
2440 2512 2859 2603 humanaque

675 2630 828 2716 jura
853 2682 872 2713 ,
938 2642 1007 2696 et
1060 2630 1326 2722 'obsides
1394 2633 1463 2697 in
1534 2621 1930 2719 potestatem
1993 2632 2420 2718 accepissent.
2469 2629 2660 2697 Tunc
2702 2653 2852 2719 ergo

678 2745 1023 2816 Cornelius
1065 2729 1402 2816 obsidibus
1448 2749 1761 2836 acceptis,
1808 2746 2001 2814 Boios
2046 2749 2252 2813 etiam
2298 2748 2435 2835 agri
2493 2759 2679 2835 parte
2723 2745 2857 2813 fere

674 2863 953 2932 dimidia
1008 2862 1368 2932 mulctavit
1394 2915 1413 2945 ,
1482 2874 1564 2929 ut
1620 2866 1675 2932 si
1748 2862 2034 2953 populus
2086 2850 2425 2931 Romanus
2492 2861 2845 2944 voluisset,

628 2978 633 2984 ⁴
675 3005 755 3051 eo
785 2982 1139 3051 ,commode
1198 2981 1527 3072 coloniam
1572 2994 1791 3071 posset
1834 2980 2185 3048 deducere.
2232 2979 2520 3047 Tantam
2568 3002 2721 3047 vero
2763 3004 2848 3047 ex

673 3104 896 3166 nostra
937 3100 1275 3188 provincia
1318 3101 1670 3186 pecuniam
1716 3100 1952 3186 coegit,
2006 3108 2090 3163 ut
2131 3096 2494 3175 militibus,
2539 3097 2655 3186 qui
2699 3120 2850 3163 eum

675 3215 746 3280 in
791 3212 1132 3300 triumpho
1176 3214 1391 3277 secuti
1437 3221 1631 3288 sunt,
1673 3197 1968 3277 centenis
2012 3213 2259 3278 vicenis
2304 3213 2525 3301 quinis
2572 3210 2847 3293 assibuS,

673 3328 925 3417 duplici
968 3328 1388 3405 centurioni,
1432 3339 1519 3393 et·
1545 3324 1788 3415 triplici
1831 3329 2041 3417 equiti
2083 3326 2372 3408 donatis,
2418 3332 2621 3396 etiam
2666 3327 2844 3396 mille

674 3444 1182 3534 quadringentos
1234 3443 1654 3533 septuaginta
1710 3464 1938 3510 aureos
1997 3454 2261 3533 torques
2314 3455 2381 3510 et
2442 3447 2584 3510 auri
2639 3443 2850 3533 pondo

675 3580 914 3639 cchv,
944 3553 1195 3647 argenti
1240 3555 1504 3639 infecti,
1532 3554 1827 3647 factique
1870 3561 1942 3626 in
1988 3562 2157 3626 vasis
2186 3557 2447 3636 Gallico
2489 3557 2678 3625 cultu
2714 3583 2847 3626 -non

672 3674 1075 3766 ineleganter
1139 3674 1412 3756 caelatis
1477 3697 1686 3743 cccxr.
1760 3676 1979 3766 pondo
2009 3729 2030 3759 ,
2099 3677 2476 3766 bigatorum
2549 3699 2845 3744 nummo-

673 3816 822 3859 rum
868 3792 1301 3861 ducentorum
1355 3794 1627 3883 triginta
1668 3792 1959 3883 quatuor
2010 3796 2263 3862 aerario
2316 3791 2650 3860 intulerit.
2695 3792 2845 3860 Post

671 3910 836 3977 haec
879 3909 961 3977 C.
994 3910 1260 3978 Laelius
1297 3909 1547 3979 Consul
1590 3909 1884 3979 Galliam
1922 3912 2341 4001 provinciam
2385 3913 2654 3981 sortitus
2694 3932 2838 3977 cum

746 4140 829 4215 (ι)
862 4144 977 4201 mv.
1011 4143 1100 4198 lib.
1130 4146 1183 4214 6,
1217 4146 1385 4213 dms.
1417 4148 1467 4215 4.
