2950 5017
643 444 668 487 1
680 442 768 488 02
1369 435 1605 481 unua
1658 431 2078 480 namneum

634 559 809 630 forte
849 559 1124 625 inventa
1167 552 1568 623 Sanctorum
1611 575 1885 644 corpora
1927 555 1997 620 in
2042 547 2326 642 templo,
2370 550 2557 641 quod
2599 549 2853 620 Ticini

636 670 1060 752 aedificabat,
1122 668 1464 739 condenda
1531 669 1871 747 obtinnit;
1929 667 2044 734 nbi
2116 665 2366 733 tamdiu
2435 679 2851 735 conservata

633 788 846 869 fuere,
867 789 1078 858 donec
1107 786 1339 854 tertius
1369 785 1797 875 Berengarius
1828 786 1969 851 acie
2000 783 2086 850 ab
2115 781 2383 852 Othone
2412 782 2849 873 profligatus,

630 906 811 996 qnod
853 929 923 972 se
959 905 1246 993 irnperio
1288 900 1643 993 spoliatum
1692 904 1773 968 iri
1816 900 2148 982 crederet,
2193 923 2273 968 ea
2317 900 2655 969 Adelardo
2700 900 2848 966 Re-

633 1022 837 1112 giensi
900 1022 1204 1110 episcopo
1267 1016 1800 1087 commendavit.
1870 1016 2019 1105 Ipse
2068 1028 2435 1106 martyrum
2500 1015 2843 1105 reliquias

631 1160 873 1228 magna
900 1138 1320 1205 veneratione
1366 1145 1692 1224 acceptas,
1721 1144 2101 1202 occurrente
2128 1155 2285 1200 cum
2315 1135 2513 1200 cereis
2542 1132 2842 1222 populo,

630 1255 914 1344 Regium
959 1251 1240 1333 detulit,
1283 1263 1354 1317 et
1395 1253 1468 1318 in
1514 1250 1763 1337 majore
1829 1247 2139 1330 basilica,
2184 1272 2333 1316 arca
2386 1237 2658 1315 laminis
2729 1272 2845 1315 ar-

627 1373 878 1461 genteis
935 1367 1146 1438 nobili
1204 1391 1401 1457 opere
1466 1379 1878 1446 constructa,
1920 1364 2244 1434 condidit.
2303 1364 2383 1432 In
2448 1366 2692 1431 itinere
2740 1364 2844 1429 ab

627 1486 985 1564 imbribus,
1046 1486 1165 1574 qui
1210 1483 1393 1551 densi
1448 1482 1811 1562 cadebant,
1854 1494 2226 1571 martyrum
2276 1481 2590 1551 cadavera
2654 1503 2847 1547 nun-

626 1627 833 1694 quam
879 1614 1100 1681 tacta,
1143 1611 1213 1666 et
1256 1599 1480 1689 plures
1524 1597 1820 1666 infirmos
1862 1606 2133 1666 sanatos
2167 1596 2365 1666 fnisse
2409 1595 2659 1665 ferunt.

760 1719 1117 1787 Caeterum
1163 1717 1593 1806 Berengarius
1660 1740 1819 1783 cum
1887 1718 2181 1806 primum
2225 1713 2510 1784 Othonis
2552 1715 2586 1781 1
2631 1728 2843 1784 metu

629 1848 731 1903 est
771 1834 1094 1902 liberatus
1137 1830 1514 1921 proferendi
1566 1834 1826 1922 imperii
1870 1831 2157 1920 cupidus
2199 1831 2474 1897 Actium
2517 1830 2842 1899 canussii

627 1955 906 2020 triennio
950 1950 1245 2029 obsedit3
1288 1950 1404 2016 sed
1444 1949 1563 2015 ille
1606 1948 1793 2016 mille
1823 1948 2171 2017 hominum
2212 1970 2421 2016 mann
2448 1948 2574 2022 snb
2601 1948 2843 2015 Litul-

625 2068 788 2159 pho,
854 2070 976 2156 qni
1044 2077 1275 2157 postea
1343 2067 1415 2131 in
1485 2078 1675 2154 prato
1735 2065 2121 2134 Antoniano
2165 2064 2344 2154 apud
2386 2063 2839 2155 Carpinetum

629 2207 930 2275 pugnans
989 2182 1340 2261 occubuit,
1373 2183 1510 2250 sibi
1556 2183 1644 2248 ab
1691 2181 1960 2251 Othone
2026 2185 2099 2249 in
2155 2180 2525 2249 subsidium
2590 2185 2835 2263 nrissa,

625 2301 887 2368 hostem
956 2297 1213 2367 fortiter
1276 2298 1558 2389 repulit.
1625 2297 1807 2365 Inter
1864 2297 2033 2365 haec
2055 2349 2076 2379 ,
2134 2294 2450 2365 defuncto
2504 2297 2841 2387 Agapito,

626 2416 840 2482 alium
885 2438 1005 2482 suo
1051 2414 1324 2482 arbitrio
1367 2411 1767 2504 Pontificem·
1805 2413 2236 2503 Berengarius
2290 2417 2570 2481 creavit:
2614 2437 2836 2504 quare

630 2557 671 2599 a
713 2533 1029 2601 Romanis
1073 2531 1486 2621 praesulibus
1531 2534 1778 2598 iterum
1823 2530 2006 2599 Otho
2052 2534 2407 2599 accersitus
2452 2533 2707 2619 ipsum,
2756 2543 2837 2598 et
2928 2571 2945 2579 -

625 2647 985 2715 Albertum
1030 2660 1290 2736 captos„
1335 2646 1531 2720 hunc,
1562 2645 2252 2736 Constantinopolim,
2279 2645 2476 2712 illum
2506 2646 2835 2713 Bamber-

627 2789 779 2856 gam
847 2768 917 2831 in
984 2768 1311 2854 superiore
1347 2765 1730 2845 Pannonia,
1772 2787 1947 2854 quae
1991 2787 2169 2832 nunc
2192 2764 2482 2831 ·Austria
2539 2761 2830 2845 dicitur,

531 2861 534 2864 ¹
627 2906 801 2951 anno
848 2884 1104 2949 circiter
1148 2903 1440 2949 ncoconv
1485 2881 1834 2971 relegavit.
1882 2881 2149 2947 Actius·
2182 2901 2337 2948 vero
2404 2878 2593 2969 Regii
2659 2879 2835 2945 alia-

625 3020 911 3087 rumque
976 2998 1246 3065 urbium
1324 3000 1623 3086 princeps
1697 2995 1967 3066 relictus
2032 2995 2199 3065 duos
2263 2992 2433 3062 filios
2498 2998 2830 3084 suscepit,

627 3112 1049 3178 Thedaldum
1093 3124 1161 3177 et
1206 3112 1414 3178 alium
1461 3113 1550 3177 ab
1595 3115 1704 3177 avi
1751 3125 1819 3176 et
1867 3114 2153 3199 parentis
2196 3112 2465 3179 nomine
2502 3090 2833 3199 Sigisber·

628 3231 948 3307 tactium,
978 3238 1047 3292 et
1078 3240 1304 3315 postea
1322 3225 1825 3291 ‘Albertactium
1858 3240 2196 3293 vocatum.
2220 3226 2290 3292 ·Is
2322 3224 2499 3293 Alda
2527 3226 2827 3293 naturali

634 3341 924 3410 Othonis
952 3340 1092 3408 filia
1131 3364 1336 3408 uxore
1366 3325 1604 3420 ducta,
1632 3340 2023 3421 Caleonem,
2049 3342 2563 3431 Montagnanam
2581 3393 2602 3423 ,
2630 3342 2831 3410 Mon-

629 3470 765 3523 tem
812 3456 1116 3524 Silicium
1133 3508 1154 3539 ,
1184 3459 1564 3547 Arquatum
1601 3467 1671 3522 et
1699 3458 1926 3526 Ateste
1957 3459 2198 3548 oppida
2229 3481 2386 3525 cum
2420 3458 2830 3527 Mar-chionis

629 3572 829 3641 titulo
877 3575 1161 3663 accepit:
1210 3572 1483 3639 demum
1529 3575 1826 3644 moriens.
1851 3573 2018 3642 duos
2076 3572 2244 3641 filios
2297 3573 2605 3663 reliquit,
2661 3573 2830 3641 Ful-

629 3711 783 3753 cum
816 3692 936 3778 qui
967 3691 1033 3755 in
1067 3688 1424 3756 Germania
1452 3691 1846 3779 permansit,
1875 3689 1962 3757 ab
1993 3711 2201 3778 eoque
2228 3688 2572 3756 Sca-oniae
2601 3688 2829 3776 Bran-

624 3810 1083 3895 svicensesque
1127 3807 1365 3874 Duces
1424 3809 1837 3878 descendunt
1843 3831 1876 3893 ,⁶
1941 3820 2009 3873 et
2075 3803 2383 3896 Ugonem
2452 3809 2570 3896 qui
2643 3807 2826 3896 apud

623 3923 977 3990 Patavium
1022 3928 1274 4012 paterni
1318 3927 1574 4014 imperii
1621 3926 1878 4006 haeres,
1912 3938 2139 4014 postea
2177 3921 2438 3990 inclitos
2480 3925 2825 3991 Atestinus

624 4042 1012 4127 procreavit.
1061 4034 1435 4132 Teodaldus
1485 4065 1637 4107 vero
1684 4045 1753 4108 in
1800 4041 2066 4130 reliquis
2096 4044 2299 4129 patris
2329 4040 2525 4107 bonis
2554 4062 2822 4105 succes-

620 4156 740 4236 sit,
788 4181 864 4223 ac
919 4169 1178 4245 praeter
1224 4158 1518 4238 Lucam,
1549 4155 1832 4248 Regium
1878 4170 1945 4224 et
1989 4156 2292 4224 Farinam
2327 4154 2416 4221 ab
2447 4154 2723 4223 Othone
2750 4155 2816 4221 ΙΙ
