2950 5017
623 415 760 498 234
1373 434 1611 479 esaum
1654 433 2073 481 nscrmsmu

622 559 761 623 sios
804 556 980 620 inita
1022 574 1168 622 esse
1210 553 1743 642 significabatur,
1774 568 1844 622 et
1882 557 2103 625 edicto
2139 568 2498 644 praeterea
2550 571 2850 629 cautum

624 684 730 740 est
741 719 769 756 ,
815 694 906 747 ,ne
957 675 1108 760 φάε
1151 692 1266 739 eos
1309 673 1573 768 laedere
1631 675 1935 740 auderet.
2000 671 2334 754 Folleani,
2380 673 2684 743 Roberti
2704 726 2729 756 ,
2782 688 2855 743 et

620 787 934 856 Canussii
976 785 1365 875 Pontificiae
1417 785 1728 856 factionis
1780 792 2112 881 principes
2167 790 2287 856 ubi
2330 816 2432 858 res
2478 790 2699 882 legati
2751 817 2852 859 ar·

619 905 821 974 bitrio
867 905 1342 986 administrari,
1386 904 1951 997 Caesarianosque
1994 909 2066 975 in
2104 907 2283 974 urbe
2350 907 2699 976 dominari
2748 911 2851 977 vi-

617 1020 814 1103 dent,
843 1021 1248 1088 diminutam
1280 1022 1670 1110 dignitatem
1721 1047 1913 1090 susm
1959 1047 2095 1091 esse
2139 1026 2431 1114 graviter
2478 1023 2845 1092 dolebant.

619 1136 844 1207 Forte
874 1140 1128 1218 evenit,
1197 1153 1278 1204 nt
1351 1141 1530 1227 prius
1589 1138 2070 1223 Cremonenses
2136 1139 2375 1207 deinde
2440 1140 2844 1208 Pax-menses

616 1254 912 1322 Caesaris
943 1254 1290 1323 Vicarium
1327 1255 1766 1345 expellerent,
1798 1256 1992 1345 quod·
2026 1259 2083 1324 is
2126 1256 2533 1347 stipendium
2567 1258 2847 1348 Lougo-

615 1371 888 1439 hordine
935 1369 1273 1438 Praefecto
1329 1372 1727 1441 solvendum
1787 1373 2020 1441 durius
2087 1377 2412 1463 exigeret3
2472 1374 2844 1464 Regienses

613 1500 686 1554 et
750 1491 873 1578 ipsi
920 1488 1195 1556 Roberti
1240 1488 1513 1555 Siciliae
1559 1491 1778 1556 verbis
1843 1490 2145 1571 inducti,
2198 1505 2281 1558 ut
2333 1514 2373 1556 a
2424 1494 2617 1579 gravi
2675 1492 2844 1581 jugo

612 1628 681 1671 se
723 1603 1122 1684 liberarent,
1174 1608 1417 1695 quinto
1461 1605 1775 1672 calendas
1830 1610 2106 1673 martias
2157 1606 2513 1673 clientibus
2555 1611 2839 1696 stipati,

611 1726 792 1813 prins
835 1722 1161 1814 quosdam
1207 1722 1765 1791 Caesarianarum
1837 1727 2130 1813 partium
2203 1724 2504 1808 homines
2571 1725 2843 1792 occide-

612 1849 804 1919 runt,
849 1862 1013 1906 mox
1056 1840 1326 1905 Henrici
1370 1841 1584 1905 etiam
1628 1838 1933 1928 legatum
1981 1839 2412 1930 expulerunt.
2456 1837 2670 1907 Sessii
2717 1840 2845 1908 Gi-

610 1953 845 2022 bellini
911 1959 1196 2024 nominis
1261 1959 1588 2047 principes
1648 1971 1855 2047 atque
1901 1980 2124 2025 eorum
2167 1971 2531 2026 sectatores
2572 1984 2839 2027 omnes

609 2075 791 2162 eapti
816 2123 835 2151 ,
906 2096 1273 2161 eorumque
1341 2077 1549 2140 etiam
1619 2072 1840 2163 aedes.
1877 2073 2172 2164 direptae
2250 2087 2453 2164 atque
2520 2076 2837 2143 incensae

610 2186 907 2256 fuerunt.
953 2188 1284 2256 Manfredi
1329 2189 1658 2259 Gazadios
1721 2194 1789 2257 in
1854 2191 2125 2259 vincula
2172 2192 2511 2278 conjectos
2554 2193 2873 2260 Borcia-.

608 2330 774 2377 num
807 2307 1265 2388 deduxerunt,
1296 2330 1463 2398 quos
1512 2333 1645 2376 non
1695 2307 1910 2375 multo
1957 2321 2140 2399 post,
2171 2332 2350 2377 nova
2389 2330 2506 2398 per
2544 2313 2831 2399 nuptias

609 2420 932 2489 affinitate
977 2436 1349 2516 contracta,
1393 2423 1827 2490 dimiserunt:
1873 2417 2209 2514 siqnidem
2253 2423 2583 2512 Ugolinus
2626 2425 2832 2493 Man-

606 2535 869 2620 fredus,
913 2525 1030 2629 qui
1077 2541 1531 2629 superioribus
1580 2544 1767 2607 annis
1812 2540 2091 2607 Parmae
2136 2540 2529 2611 Praefectus-
2565 2540 2831 2623 fuerat,

605 2653 813 2722 filiam
859 2656 899 2732 J
902 2659 1100 2723 oanni
1145 2656 1442 2724 Gazadio
1500 2660 2076 2747 septingentarum
2145 2647 2473 2723 librarum
2534 2657 2835 2745 Regien-

534 2766 539 2772 ’
605 2773 783 2838 sium
805 2771 968 2841 ‘dote
997 2776 1392 2855 constituta,
1422 2797 1601 2863 quae
1635 2785 1799 2841 tunc
1830 2773 2059 2864 ampla
2087 2774 2506 2857 censebatur,
2525 2795 2826 2842 uxorem

603 2887 809 2955 dedit.
856 2891 978 2956 His
1021 2890 1409 2980 indignatus
1465 2892 1792 2957 Henricus
1864 2889 2009 2956 dira
2076 2880 2514 2978 Regiensibus
2576 2892 2829 2958 minari

602 3005 731 3071 nisi
795 3004 1049 3090 ejectus
1115 3005 1378 3095 legatus
1430 3009 1934 3096 quamprimum
2008 3001 2398 3096 recipiatur.
2467 3005 2666 3072 Cives
2727 3029 2822 3073 ne

602 3123 850 3198 iratum
882 3123 1231 3190 Caesarem
1265 3136 1766 3212 exasperarent,
1796 3123 2157 3213 Spinetum
2201 3136 2350 3214 post
2395 3147 2649 3214 paucos
2673 3123 2823 3192 dies

602 3251 1110 3319 revocaverunt,
1156 3243 1276 3329 qui
1321 3239 1841 3308 modestissimus
1898 3239 2126 3310 factus
2192 3241 2410 3310 solum
2457 3240 2690 3309 Sessiis
2728 3264 2822 3308 ex

497 3341 506 3352 ’
600 3356 1275 3438 carceribus'eductis
1310 3359 1381 3422 in
1425 3355 1692 3431 nullum
1739 3356 2088 3427 seditionis
2133 3369 2474 3426 auctorem
2520 3356 2820 3426 animad-

601 3473 896 3539 verterit.
942 3473 1266 3568 Hem-icus
1312 3496 1470 3541 vero
1513 3476 1765 3564 ingenti
1813 3476 2115 3566 undique
2184 3499 2270 3543 ex
2312 3475 2567 3569 ·Gallia
2590 3472 2817 3544 Cisal·

602 3588 765 3676 pina
810 3590 1105 3653 exercitu
1150 3601 1408 3668 coacto,
1453 3576 1539 3654 ut.
1576 3592 1644 3654 in
1692 3576 2458 3679 primis‘Cremonenses,
2504 3600 2578 3657 et
2622 3590 2813 3671 alius,

554 3750 558 3754 -
604 3705 725 3794 qui
769 3727 808 3770 a
853 3728 924 3771 se
968 3705 1418 3786 desciverant,
1458 3705 1928 3788 ulcisceretur,
1984 3730 2210 3776 omnes
2276 3731 2453 3775 suae,
2506 3705 2811 3775 factionis

603 3819 861 3888 nobiles
906 3824 1321 3888 convocavit.
1370 3824 1548 3889 Ante
1596 3823 1758 3892 alios
1801 3827 1860 3891 ei
1909 3823 2230 3891 Gibertus
2274 3823 2610 3912 corrigias
2656 3846 2813 3889 cum

603 3935 1060 4003 Parmensium
1127 3937 1512 4006 cohortibus
1568 3940 1901 4007 auxilium
1964 3940 2149 4023 tulit,
2202 3963 2649 4030 coronamque
2694 3961 2812 4005 au·-

601 4076 817 4133 ream,
862 4077 1037 4144 quae
1083 4069 1282 4122 antea
1332 4040 1660 4126 F-riderico
1707 4057 2091 4128 AEnobarbo
2154 4061 2226 4125 in
2278 4058 2461 4125 -urbe
2482 4056 2805 4126 ‘Victoria

601 4181 828 4263 erepta
854 4169 1110 4257 fuerat,
1141 4155 1438 4246 donavit.
1485 4176 1640 4259 Quo
1688 4198 1960 4247 munere
1989 4177 2267 4256 Parmae
2295 4173 2799 4267 praefecturam,
