2950 5017
637 426 768 521 396
1382 441 1625 492 annun
1665 441 2090 491 ateramum

634 566 981 638 Ludovioo
1025 559 1376 636 Gallorum
1424 568 1560 655 regi
1607 565 1700 635 ob
1743 566 2105 635 victoriam-
2134 560 2553 653 gratulatum
2605 564 2858 645 iturus,

634 684 899 753 duobus
939 706 1169 751 secum
1206 678 1365 748 filiis
1391 681 1739 771 ¹Alphonso
1781 693 1851 748 et
1895 680 2312 749 Ferdinando
2355 704 2495 748 uno
2543 703 2737 747 anno
2782 704 2857 748 eo
2920 667 2921 724 ἶ

641 813 809 868 natu
860 801 1112 868 minore
1154 798 1395 879 ductis,
1423 797 1710 888 Regium
1757 800 1963 866 venit.
2007 798 2104 865 At
2146 795 2387 865 Caesar
2428 796 2686 886 Borgia
2719 795 2861 863 Me·

634 916 904 987 diolano
950 917 1235 1007 Regium
1305 919 1575 984 veniens
1596 966 1615 997 ,
1673 915 1794 983 ubi
1851 915 2258 984 Zobolorum
2327 914 2631 1005 bospitio
2703 935 2855 980 usus

635 1046 759 1114 est,
788 1035 1016 1101 statim
1059 1036 1131 1100 in
1178 1031 1582 1100 Flaminiam
1630 1030 1964 1123 profectus
1995 1044 2121 1114 est,
2152 1044 2233 1098 ut
2262 1032 2512 1099 Forum
2544 1029 2854 1109 Cornelii

635 1162 706 1216 et
734 1149 951 1230 Livii,
982 1160 1184 1241 prout
1224 1161 1657 1230 conveverat,
1685 1147 2041 1217 Gallorum
2087 1146 2345 1215 auxilio
2391 1157 2850 1237 expugnaret:

632 1265 884 1356 quibus
912 1265 1169 1358 oppidis
1214 1289 1333 1357 pro
1377 1277 1536 1335 voto
1579 1269 1971 1355 captis,·sex
2010 1264 2225 1333 millia
2266 1264 2609 1356 gallorum
2646 1263 2851 1352 Regio

633 1382 1091 1452 Mediolanum
1135 1405 1427 1464 reversa,
1461 1382 1771 1474 pluribus
1801 1384 2322 1474 impedimentis,
2350 1393 2417 1449 et
2447 1380 2857 1448 mulieribus

634 1499 1093 1590 sequentibus,
1139 1521 1379 1590 magno
1422 1521 1581 1567 cum
1626 1502 1875 1568 civium
1921 1500 2324 1568 detrimento
2366 1511 2560 1565 extra
2614 1497 2852 1564 urbem

636 1630 1139 1708 pernoctarunt.
1184 1617 1408 1685 Tanta
1460 1617 1751 1707 denique
1811 1641 2046 1687 eorum
2108 1617 2633 1705 intemperantia
2682 1612 2858 1692 suit,

635 1746 720 1801 ut
761 1734 1279 1805 Mediolanenses
1323 1757 1485 1802 cum
1528 1739 1761 1804 ceteris
1815 1734 2205 1803 civitatibus
2267 1757 2307 1799 a
2337 1731 2546 1800 Gallo
2599 1729 2857 1799 defece·

634 1852 797 1931 rint,
827 1864 896 1917 et
924 1849 1346 1920 Ludovicum
1379 1849 1699 1919 Sfortiam
1735 1852 2167 1918 restituerint.
2214 1848 2394 1915 Sed
2376 1872 2429 1915 ιε
2460 1872 2603 1916 non
2641 1845 2871 1915 multo·

637 1978 812 2055 post,
857 1966 1291 2086 prodentibus
1323 1967 1673 2048 Helvetiis,
1717 1981 1952 2057 captus
2000 1968 2066 2032 in
2115 1964 2401 2045 Gallias,
2447 1964 2572 2029 ubi
2630 1977 2854 2053 postea

638 2082 937 2164 decessit,
967 2055 1196 2151 divino
1225 2083 1468 2170 juditio
1514 2083 1604 2150 ob
1650 2098 2046 2173 occupatam
2085 2081 2505 2171 tyrannidem
2553 2094 2671 2146 est
2716 2104 2856 2170 per-

637 2197 903 2265 ductus.
947 2197 1136 2265 Galli
1180 2199 1321 2285 jam
1375 2199 1575 2289 plena
1619 2202 1897 2268 victoria
1959 2189 2152 2288 potiti
2198 2197 2533 2265 Montem
2547 2196 2857 2263 Claricu·

638 2312 825 2395 lum,
870 2317 1204 2404 superiore
1274 2337 1448 2384 anno
1505 2340 1545 2382 a
1591 2312 1906 2384 Gnidone
1951 2313 2271 2385 T-aurello
2341 2313 2852 2403 prothonotario

640 2445 1078 2522 occupatum,
1124 2455 1259 2501 uno
1303 2434 1413 2500 die
1458 2447 1965 2524 expugnarunt,
2007 2433 2128 2501 ubi
2186 2431 2451 2500 nullum
2498 2431 2699 2521 quod
2756 2430 2855 2498 edi

640 2561 861 2640 posset
903 2549 1337 2632 crudelitatis,
1369 2572 1447 2617 ac
1477 2550 1777 2619 libidinis
1804 2548 2198 2639 exemplum
2239 2551 2852 2640 praetermiserunt.

641 2665 966 2736 Hercules
1011 2690 1191 2748 vero,
1232 2667 1507 2735 dimidia
1562 2680 1750 2758 parte
1799 2668 2044 2758 Carpi,
2087 2679 2157 2734 et
2201 2664 2496 2734 Soleriae
2542 2677 2855 2755 accepta,

641 2783 925 2854 Giberto
967 2785 1087 2853 Pio
1133 2784 1339 2853 Marci
1385 2779 1528 2853 filio
1572 2783 1897 2854 Saxolum
1943 2807 2103 2851 cum
2160 2781 2472 2851 tredecim
2535 2783 2855 2872 proximis

642 2904 870 2971 castris
913 2902 1062 2990 jure
1106 2900 1288 2970 feudi
1331 2905 1673 2972 concessit.

777 2985 881 3089 Eo
949 3032 1308 3110 tempore,
1345 3023 1672 3088 sententia
1724 3018 1981 3088 Romae
2037 3018 2254 3099 dicta,
2320 3016 2530 3084 Divi
2556 3013 2857 3106 Prosperi

644 3136 1044 3204 coenobium
1073 3135 1356 3205 Alberto
1385 3137 1672 3218 Zobolo,
1717 3139 1837 3227 qui
1884 3135 2056 3203 illud
2101 3138 2465 3214 invaserat,
2515 3145 2623 3200 est
2670 3133 2851 3220 adju·

643 3251 988 3334 dicatum3
1032 3278 1168 3344 qua
1211 3254 1295 3320 de
1340 3278 1410 3321 re
1454 3253 1719 3344 ignibus
1767 3255 2089 3333 accensis,
2133 3263 2203 3319 et
2248 3251 2596 3339 campanis
2645 3249 2855 3340 pulsa-

647 3374 757 3451 tis,
805 3370 1077 3461 publica
1122 3372 1379 3439 laetitia
1425 3385 1528 3439 est
1572 3370 1965 3461 significata.
2000 3370 2342 3437 Abeuntes
2373 3368 2698 3437 monachi
2726 3368 2850 3436 divi

646 3485 1006 3577 Raphaelis
1051 3491 1359 3577 virgines,
1402 3509 1572 3579 quas
1616 3509 1737 3556 sua
1781 3487 2136 3578 disciplina
2181 3487 2528 3577 regebant,
2570 3484 2849 3553 infelici·

646 3603 777 3672 bus
852 3607 1160 3696 auspiciis
1222 3608 1433 3672 sancti
1500 3605 1838 3674 Dominici
1905 3602 2200 3672 familiae
2266 3601 2845 3672 commendarunt.

647 3719 883 3788 Postea
927 3742 1082 3790 vero
1125 3739 1285 3787 cum
1331 3731 1781 3789 trecentorum
1830 3742 2181 3788 aureorum
2227 3719 2546 3808 pensione
2576 3716 2849 3783 Alberto

650 3840 966 3926 promissa
1008 3836 1403 3904 coenobium
1449 3839 1864 3927 recepissent,
1906 3836 1996 3902 'ad
2042 3838 2531 3926 pristinamque
2573 3831 2847 3899 tutelam

653 3956 934 4042 virgines
993 3978 1367 4023 reversurae
1420 3961 1667 4036 essent,
1713 3954 1826 4023 alii
1870 3955 2302 4033 coenobitae,
2357 3954 2478 4042 qui
2535 3971 2847 4041 magnum

651 4093 739 4138 ex
769 4069 1000 4137 earum
1029 4071 1368 4140 ditissimis
1396 4072 1680 4163 praediis
1707 4054 2243 4141 emolumentum
2274 4079 2638 4148 senserant,
2658 4066 2847 4132 levio-

655 4187 838 4256 ribus
883 4185 1146 4258 feminis
1207 4191 1594 4280 persuasisse
1648 4186 1986 4269 feruntur,
2039 4211 2123 4255 ne
2174 4185 2259 4255 ad
2311 4186 2627 4275 antiquos
2682 4203 2845 4251 seve-
