2950 5017
657 383 785 454 :80
1388 395 1623 442 annum
1649 393 2079 444 ascrmtsmm

649 515 1043 590 suadebant.
1095 512 1348 585 Eorum
1389 518 1619 606 itaque
1662 519 1985 607 magistris
2025 517 2096 583 in
2141 514 2393 581 curiam
2438 516 2701 605 accitis,
2741 515 2846 581 ita

649 647 914 705 senatus
978 635 1279 725 princeps
1345 630 1609 700 locutus
1668 656 1804 699 esse
1847 632 2110 699 dicitur.
2154 629 2360 699 Vobis
2405 641 2659 699 notum
2704 647 2844 698 esse

649 752 1072 832 arbitramur,
1115 752 1314 830 cives,
1361 749 1685 839 cujusque
1730 750 2013 839 corporis
2056 759 2274 837 partes
2319 750 2521 837 capiti
2564 744 2843 837 semper

647 869 970 958 paruisse,
1016 888 1172 934 nam
1216 867 1269 932 si
1312 887 1447 955 quo
1495 887 1677 930 mens
1743 887 1883 931 non·
1944 866 2193 952 cogitat
2259 860 2573 952 proficisci
2639 862 2842 952 pedes

646 981 923 1065 vellent,
949 985 1021 1050 in
1051 984 1409 1063 incertum,
1437 991 1506 1047 et
1531 979 1924 1070 plerumque
1956 979 2085 1046 sibi
2118 953 2566 1068 perniciosum'
2603 976 2841 1045 locum

646 1087 1097 1178 defen-cutum
1142 1096 1230 1165 ob
1272 1096 1342 1162 id
1387 1098 1457 1162 in
1502 1094 1806 1186 qualibet
1872 1105 2047 1161 recte
2086 1095 2420 1167 instituta
2482 1092 2842 1183 republica

645 1212 1083 1292 senatoribus,
1111 1214 1233 1301 qui
1264 1209 1561 1290 consilio,
1591 1221 1661 1275 et
1689 1208 2039 1299 prudentia
2068 1230 2526 1298 quaecumque
2554 1211 2841 1297 negotia

643 1328 1038 1420 disponant,
1067 1327 1257 1398 velut
1286 1329 1491 1417 capiti
1521 1325 1916 1395 demandata
1961 1337 2060 1392 est
2102 1324 2372 1399 urbium
2417 1324 2840 1392 administra·
2920 1397 2925 1406 ,

643 1448 772 1515 tio.
818 1445 1031 1516 Nobis
1099 1467 1402 1536 quoque,
1467 1455 1818 1533 postquam
1887 1442 2263 1510 libertatem
2319 1442 2548 1510 divina
2617 1444 2837 1532 gratia

649 1561 875 1652 adepti
919 1549 1209 1643 fuimus,
1254 1564 1458 1630 totius
1511 1562 1802 1629 civitatis
1867 1563 2132 1650 ipsimet
2192 1583 2417 1630 curam
2462 1558 2836 1625 detulistis:

645 1704 776 1748 cur
801 1675 970 1770 ‘ergo
1014 1691 1229 1748 vestra
1271 1680 1580 1745 instituta
1624 1677 1732 1747 vel
1774 1681 1996 1768 potius
2040 1678 2146 1765 jus
2187 1680 2484 1768 gentium
2525 1675 2843 1743 violatis?

641 1806 924 1865 vetusta
987 1797 1247 1863 decreta
1317 1806 1565 1862 temere
1631 1794 2047 1862 rescinditis?
2091 1816 2166 1861 ao
2208 1793 2539 1872 divinum,
2590 1791 2841 1857 huma-

649 1935 953 2003 numque
981 1911 1089 1997 jus
1122 1893 1579 1980 confunditis?
1621 1909 1700 1977 In
1744 1934 1861 1979 nos
1889 1931 2268 1978 communes
2296 1920 2594 1998 parentes
2627 1910 2839 1998 impie

652 2026 1039 2112 conjurastis
1059 2077 1079 2107 ,
1147 2028 1430 2116 patriam
1500 2023 1906 2093 tumultibus
1973 2024 2358 2115 implevistis
2377 2074 2396 2105 ,
2464 2023 2837 2103 lacerastis,

647 2141 1017 2209 excidistis.
1049 2141 1157 2208 An
1195 2141 1358 2228 adeo
1400 2153 1662 2209 nostrae
1690 2164 1841 2231 erga
1871 2164 1990 2209 vos
2017 2139 2508 2209 benevolentiae
2537 2137 2835 2206 diffiditis

647 2261 731 2325 ut
773 2259 855 2325 de
899 2270 1128 2348 optato
1174 2260 1562 2347 magistratu
1595 2258 1781 2327 vobis
1798 2257 2297 2348 ‘desperandum
2343 2260 2550 2323 esset?
2589 2256 2835 2324 Vestra

649 2376 858 2465 gratia
889 2374 1155 2442 diurnos
1187 2386 1677 2465 nocturnosque
1715 2374 1969 2442 labores
2011 2376 2434 2454 sustinemus,
2466 2383 2545 2439 ut
2572 2386 2833 2441 vestrae

591 2517 596 2522 ·
649 2500 918 2557 tantum
958 2488 1432 2580 'tranquillitati
1490 2490 1912 2559 consulamus
1929 2541 1948 2570 ,
2003 2492 2415 2579 gravissimos
2460 2473 2833 2570 Praetores,

645 2617 719 2672 et
762 2608 880 2695 qui
923 2603 1439 2675 facinorosorum
1472 2606 1716 2674 delicta
1748 2611 2037 2675 coercere
2069 2609 2316 2699 possint
2359 2604 2581 2694 amplo
2620 2604 2834 2673 hono·

647 2724 817 2790 ratio
847 2723 1162 2793 invitatos
1190 2706 1530 2821 vocamus,
1560 2743 1848 2813 quorum
1876 2720 2117 2800 electio
2158 2724 2219 2788 si
2260 2712 2475 2788 infimi
2505 2719 2829 2809 cujusque

640 2830 987 2908 >voluntati
1021 2840 1474 2928 permittatur,
1520 2838 1892 2906 timendum
1938 2861 2019 2903 ne
2065 2835 2174 2905 vel
2222 2859 2263 2902 a
2304 2838 2657 2925 corruptis,
2703 2845 2830 2901 aut

629 2954 1004 3042 ⁴inexpertis
1049 2953 1132 3019 ad
1175 2954 1306 3026 hoc
1328 2978 1573 3022 munus
1602 2958 1822 3021 minus
1850 2951 2069 3019 idonei
2100 2964 2436 3020 vocentur.
2471 2950 2827 3019 Acerbiore

648 3088 878 3158 poena·
924 3067 1088 3134 haec
1149 3074 1367 3137 nescio
1411 3070 1632 3137 dicam
1676 3072 2044 3166 temeritas,
2090 3091 2173 3135 an
2229 3065 2512 3158 ‘perfidia
2577 3065 2824 3147 luenda

647 3194 815 3249 esset
835 3231 855 3263 ,
899 3180 1013 3249 sed
1059 3193 1137 3248 ut
1179 3195 1472 3250 nostram
1519 3187 1590 3249 in
1636 3184 2046 3272 gravioribus
2090 3206 2359 3274 quoque
2401 3181 2649 3249 delictis
2670 3203 2675 3208 ·
2696 3205 2821 3248 non
2940 3211 2941 3214 ¹

643 3297 866 3374 solum
891 3290 1417 3384 indulgentiam,
1447 3321 1679 3366 verum
1712 3302 1913 3365 etiam
1946 3298 2336 3368 charitatem
2368 3298 2822 3388 experiamini,
2940 3279 2941 3338 }

645 3415 894 3480 crimen
963 3411 1244 3480 aliorum
1304 3416 1531 3503 potius
1581 3425 1664 3484 ut
1709 3415 2107 3484 arbitramur
2150 3415 2600 3494 factionibus,
2622 3435 2823 3504 quam

572 3551 578 3560 ·
645 3539 866 3600 vestro
921 3530 1184 3618 ingenio
1246 3531 1670 3596 commissum
1715 3531 1902 3599 vobis
1946 3531 2425 3610 condonamus3
2470 3552 2549 3608 ac
2584 3538 2671 3595 ‘ut
2712 3550 2823 3594 no-

645 3654 852 3710 stram
879 3666 1034 3733 erga
1061 3667 1177 3714 vos
1208 3644 1738 3715 benevolentiam
1771 3648 2094 3735 majorem
2124 3648 2488 3736 agnoscatis
2518 3655 2818 3733 optatum

645 3757 1021 3827 Praetorem
1067 3759 1557 3843 confirmamus,
1588 3787 1791 3852 quem
1835 3763 2113 3854 posthac
2156 3778 2380 3830 contra
2420 3762 2621 3829 nostri
2653 3757 2818 3840 ordif

650 3877 757 3942 nis
786 3887 853 3942 et
883 3877 1135 3965 patriae
1165 3876 1365 3946 decus
1394 3878 1586 3947 vobis
1614 3883 2126 3947 committemus.
2160 3880 2279 3948 His
2298 3877 2815 3945 dictis-omnium

644 3994 852 4064 animi
892 3992 1114 4078 leniti,
1158 4007 1227 4064 et
1269 3997 1569 4085 patribus
1612 3997 1944 4066 conciliati
1989 3995 2235 4087 plebeii
2280 3995 2638 4063 discessere.
