2950 5017
984 455 1188 510 mssa
1229 463 1478 511 snxrus
2195 447 2327 530 425

55 605 378 667 sonare,
416 582 828 652 licentiosius
868 580 1174 653 lascivire
1192 637 1211 667 ‚
1258 608 1336 652 ac
1378 585 1688 658 indecore
1732 584 2003 674 procari'
2035 582 2328 654 solebat.

61 699 340 792 Supra
403 700 681 769 modum
734 721 1008 791 quoque
1069 703 1459 809 ambitiosus
1517 701 2057 791 praecinentibus
2112 702 2331 783 tubis,

61 829 170 885 et
221 822 539 888 universa
581 820 944 887 comitante
987 820 1286 899 civitate,
1331 816 1662 909 plebeque
1693 817 2134 900 acclamante,
2167 843 2329 886 cum

67 935 365 1024 gaudio
408 934 577 1001 urbe
621 935 802 1002 exire
848 937 1221 1025 revertique
1264 945 1725 1003 consueverat.
1772 934 2172 1001 Factionum
2219 934 2332 1001 de-

67 1054 328 1143 nique
371 1074 603 1120 amans
645 1054 956 1119 exitiosas
992 1052 1182 1142 Regii
1224 1051 1581 1120 seditiones
1627 1048 1867 1120 fovisse
1914 1054 2336 1118 existimatus

73 1179 241 1235 est.
289 1169 381 1235 Hi
425 1190 640 1236 mores
681 1173 805 1234 etsi
848 1165 1131 1235 stultam
1177 1167 1443 1257 plebem
1490 1166 1964 1248 oblectabant,
2007 1171 2336 1256 graviores
2403 1189 2407 1194 ·

81 1295 349 1350 tamen
396 1286 572 1351 viros
637 1307 798 1381 non·
840 1306 1083 1373 parum
1150 1281 1611 1352 offendebant.
1675 1283 1865 1350 Inter*
1913 1297 2163 1351 ceteros
2207 1283 2340 1349 Ra-

83 1401 330 1497 phael
373 1400 712 1484 Venetus,
754 1424 842 1470 ex
886 1425 967 1468 ea
1011 1401 1342 1472 Francisci
1411 1398 1676 1469 familia
1726 1425 1903 1492 quae
1961 1400 2339 1469 observans

89 1530 430 1601 vocatur,
473 1520 771 1609 egregius
814 1520 1242 1588 concionator
1288 1531 1359 1586 et
1398 1518 1799 1609 eloquentia
1842 1513 2143 1608 insignis,
2172 1518 2339 1588 dum

92 1639 184 1705 in
234 1636 595 1705 christiana
637 1639 892 1727 pietate
936 1636 1272 1727 populum
1318 1635 1708 1719 confirmat,
1755 1636 1828 1704 id
1875 1640 2054 1705 vitae
2098 1659 2341 1726 genus,

99 1754 321 1824 velut
384 1745 809 1824 Gozadinum
881 1757 1363 1845 perstringens,
1430 1757 1691 1845 saepius
1761 1765 1862 1821 est
1924 1754 2338 1822 detestatus:

102 1895 261 1964 qua
289 1871 377 1939 de
420 1897 490 1942 re
536 1897 577 1939 a
623 1872 811 1940 Luca
840 1872 1242 1954 Fontanello
1275 1871 1506 1950 Jacobi
1541 1870 1684 1941 filio
1729 1874 2050 1962 equestris
2095 1872 2343 1942 ordinis

103 1993 298 2071 viro,
329 2001 680 2081 tamquam
726 1992 867 2079 ipse
910 2000 1185 2058 notatus
1218 2002 1424 2070 esset,
1456 2012 1682 2058 coram
1728 1987 2064 2079 praefecto
2107 1991 2343 2057 acerbe

106 2105 569 2196 compellatus
634 2089 1025 2191 hujusmodl
1092 2128 1421 2174 sermones
1490 2105 1829 2172 dimittere
1895 2107 2116 2192 jussus
2184 2104 2341 2175 fuit.

107 2223 307 2291 Cum
350 2228 646 2316 primum
690 2246 846 2291 vero
891 2213 1179 2312 Regium
1232 2221 1618 2291 Gozadinus
1663 2225 1988 2313 ingressus
2035 2224 2344 2314 est,'qui

109 2339 262 2409 fuit
305 2341 445 2410 dies
491 2343 685 2408 tertio
728 2339 880 2407 idus
936 2338 1124 2426 julii,
1170 2363 1211 2406 a
1261 2338 1550 2426 Scajolis
1611 2338 1977 2408 honorifice
2022 2353 2346 2430 exceptus

114 2482 196 2526 se
255 2481 487 2528 eorum
541 2455 900 2525 fautorem*
942 2456 1172 2547 palam
1240 2456 1581 2551 ostendit3
1626 2480 1766 2547 quo
1811 2453 2071 2524 factum
2117 2470 2221 2523 est
2264 2469 2347 2523 ut

115 2574 354 2646 civiles
395 2574 790 2660 discordiae,
832 2596 1010 2663 quae
1054 2576 1390 2665 quiescere
1433 2573 1868 2654 videbantur,
1907 2576 2050 2662 ipso
2094 2573 2340 2642 urbem

119 2704 426 2784 regente,
470 2690 901 2761 vehementer
942 2692 1079 2759 sint
1122 2694 1505 2758 suscitatae.

261 2809 600 2879 Evenerat
642 2806 813 2877 forte
857 2809 961 2875 his
992 2807 1253 2889 diebus,
1285 2820 1367 2879 ut
1396 2808 1721 2895 sagittarii
1753 2804 1887 2887 illi,
1917 2807 2036 2896 qui
2068 2818 2343 2874 auctore

124 2927 166 3005 J
170 2925 379 2995 acobo
425 2924 635 2993 Bebio
700 2927 775 2991 in
840 2926 1057 3014 prima
1098 2926 1245 2991 rixa
1289 2925 1680 3012 sanguinem
1722 2920 2130 3003 effuderant,
2177 2919 2345 2989 facti

125 3039 513 3132 transfugae
556 3040 915 3109 Bebiorum
961 3037 1341 3119 castellum,
1383 3036 1716 3128 villasque
1759 3060 1989 3106 omnes
2033 3036 2347 3105 incendio

123 3158 597 3228 devastarentz
643 3156 826 3248 quod
870 3154 982 3223 'illi
1027 3154 1453 3241 Scajolorum
1525 3152 1803 3222 consilio
1871 3151 2136 3220 factum
2212 3175 2350 3220 esse

126 3271 490 3367 suspicati,
564 3274 654 3341 ab
692 3275 1073 3372 ‘amicoque
1140 3268 1492 3340 Gozadino
1545 3254 1823 3339 Xfacinus
1886 3268 2352 3337 dissimulante

124 3396 549 3487 impunitum
581 3391 902 3483 relinqui,
933 3393 1135 3459 armis
1164 3390 1569 3463 adversarios
1612 3388 1846 3458 ulcisci
1890 3388 2351 3456 decreverunt.

127 3509 422 3590 Ioannes
465 3511 699 3600 itaque
742 3507 1072 3600 Baptista,
1116 3530 1296 3576 unus
1338 3531 1427 3574 ex
1470 3509 1756 3575 Antonii
1803 3505 2003 3576 Bebiir
2038 3505 2356 3594 supersti-

135 3627 334 3694 tibus
374 3625 563 3708 filiis,
606 3624 1044 3716 sigismundo
1089 3646 1130 3691 a
1182 3622 1433 3693 Sancto
1475 3623 1876 3711 Laurentio,
1921 3620 2279 3689 Galleacio‘
2314 3641 2356 3686 a

126 3741 471 3824 Castellis,
497 3743 802 3824 Bouinis,
848 3741 1128 3833 aliisque
1171 3766 1307 3810 non
1350 3744 1587 3832 paucis
1629 3739 1758 3809 sibi
1791 3738 2124 3824 adjunctis
2152 3735 2355 3806 clien-

131 3861 352 3943 tibus,
393 3863 468 3929 in
512 3860 732 3929 medio
785 3855 930 3928 foro
997 3863 1136 3948 pet‘
1183 3860 1586 3926 anteriorem
1632 3856 1831 3925 vestis
1872 3854 2195 3921 laciniam
2219 3875 2357 3942 ,ap-

134 3978 537 4071 prehensum
582 3976 1043 4048 Balthasarem
1082 3973 1427 4064 Scajolum
1474 3975 1767 4065 pugione
1811 3984 2045 4063 pectus
2089 3972 2356 4059 saepius

135 4097 673 4166 transverberat:
718 4093 835 4162 ille
877 4117 965 4161 ex
1008 4095 1404 4184 percussoris
1449 4079 1763 4160 manibus
1807 4087 2129 4159 velociter
2172 4084 2360 4174 elap-

136 4235 284 4296 sus,
331 4214 632 4305 primum
681 4213 753 4281 in
807 4209 1157 4280 tabernam
1201 4209 1547 4281 vinariam
1583 4205 1868 4298 paulurn
1911 4201 2087 4273 infra
2133 4199 2357 4272 forum
