2950 5017
851 447 858 458 ·
923 443 1121 489 usna
1166 444 1442 491 rnna-rus
2144 417 2268 502 168
2333 451 2343 460 ·

63 576 394 657 regerent,
439 568 512 633 in
557 567 747 632 curia
787 576 965 635 sorte
1008 557 1204 635 educi
1234 567 1524 660 placuit,
1558 589 1737 659 ,quos
1776 570 1969 642 velut
2026 577 2269 663 praesi-

57 683 198 767 des,
239 695 321 750 et
369 694 672 754 caeteros
715 694 870 750 ante
915 694 1149 751 euntes
1195 685 1521 753 Antianos
1564 689 2000 757 vocaverunt.
2045 687 2274 759 Rebus

57 803 150 865 ita
189 800 630 889 compositis,
674 811 745 866 et
788 822 951 890 pace
994 823 1153 867 curn
1204 801 1676 870 Par-mensibus
1720 815 2066 886 renovata,
2111 828 2269 874 cum

61 913 200 1000 jam
245 914 593 982 decennio
658 913 747 982 ob
815 914 1209 983 domesticas
1251 901 1682 986 dissensione}
1746 923 2045 1009 episcopo
2112 922 2273 989 urbs

59 1032 392 1096 cumioeet
414 1080 439 1111 ,
491 1028 759 1097 tandem
830 1030 1173 1099 universae
1238 1035 1462 1099 curiae
1532 1056 1851 1125 consensu
1894 1034 2273 1104 Gulielmus

65 1144 438 1213 Follcanus
479 1157 854 1226 revocatus,
883 1160 954 1213 et
983 1171 1024 1213 a
1057 1147 1375 1215 Pontifice
1414 1148 1843 1217 confirmatus
1873 1175 1982 1217 an.
2012 1173 2275 1219 mooun

63 1264 370 1327 maxima
419 1264 630 1330 totius
674 1262 1075 1352 reipublicae
1121 1264 1378 1331 laetitia
1447 1265 1685 1334 urbem
1753 1266 2143 1353 ingreditur.
2185 1267 2272 1334 Ei

65 1378 149 1443 ad
190 1389 469 1467 portam
513 1377 801 1446 Sanctae
845 1380 1112 1461 Crucis,
1157 1393 1517 1470 praeeunte
1548 1383 1951 1473 Raymundo
1982 1383 2272 1453 Bellotto

67 1492 510 1561 Cremonensi
555 1495 900 1576 Praetore,
943 1520 1101 1564 cum
1146 1510 1386 1565 senatu
1445 1506 1669 1567 omnes
1725 1498 2016 1580 ordines,
2060 1512 2130 1566 et
2174 1524 2276 1592 ar-

73 1611 242 1675 tium
289 1608 577 1699 coilegia
620 1634 780 1677 cum
826 1611 1091 1679 vexillis
1136 1627 1530 1695 occurrunt,
1576 1617 1737 1681 aeris
1781 1617 2089 1705 campani
2148 1618 2275 1682 tin-

75 1725 265 1805 nitu,
293 1726 510 1805 tubis,
544 1726 865 1815 tibiisque
910 1728 1449 1807 concinentibus,
1491 1740 1564 1792 et
1594 1728 1841 1795 ‘faustis
1885 1730 2118 1819 populi
2158 1753 2276 1797 vo·-

79 1839 272 1906 cibus
306 1841 392 1906 ad
423 1842 646 1907 aedem
678 1841 1003 1928 majorem
1037 1842 1238 1911 velut
1267 1847 1643 1911 communis
1680 1859 1869 1934 pater
1899 1844 2273 1924 deducitur,

79 1978 276 2044 quem
323 1981 550 2025 omnes
595 1959 711 2023 alii
757 1957 984 2024 exules
1028 1960 1529 2049 sequebantur..
1558 1959 1879 2027 Gibertua
1905 1961 2271 2028 Parmensis

81 2070 371 2153 Praetor,
417 2085 488 2138 et
531 2077 1012 2141 controversiae
1076 2075 1360 2156 arbiter,
1405 2087 1475 2141 et
1519 2075 1816 2165 plerique
1882 2076 2027 2161 ejus
2088 2078 2273 2144 urhis

83 2211 371 2277 proceres
440 2190 525 2255 ad
596 2190 768 2257 hanc
837 2214 1155 2280 pompam
1214 2195 1482 2260 invitati
1532 2207 2004 2260 convenerunt.
2050 2196 2150 2260 Ac
2193 2205 2274 2260 ut

88 2327 270 2372 omne
311 2306 564 2372 dissidii
623 2328 848 2373 semen
921 2309 1423 2395 extingueretur
1465 2309 1789 2398 quasdam
1837 2308 2056 2376 adbuc
2099 2312 2272 2377 inter

88 2418 528 2501 Caesarianos,
558 2435 626 2485 et
657 2419 1041 2489 Pontificios
1084 2425 1380 2511 vigentes
1424 2427 1900 2516 controversias
1942 2427 2269 2492 sententia

89 2559 170 2603 ex
206 2538 376 2607 bono
420 2550 491 2604 et
537 2562 749 2628 aequo
782 2539 954 2618 lata,
984 2563 1158 2628 quae
1200 2552 1425 2629 postea
1469 2543 1705 2609 nostris
1749 2521 2008 2629 legibus
2051 2543 2275 2609 muni-

92 2652 410 2740 cipalibus
440 2667 542 2719 est
573 2658 852 2735 inserta,
899 2655 1166 2723 Praetor
1209 2660 1610 2745 composuit.
1655 2656 2086 2723 Innocentius
2118 2679 2271 2724 vero

91 2767 181 2834 lv
223 2771 303 2837 ad
345 2775 576 2860 ingens
607 2773 900 2838 studium
935 2795 1088 2862 erga
1117 2772 1466 2841 Folleanos
1510 2777 1612 2840 sui
1656 2774 1943 2841 nominis
1975 2771 2266 2840 fautores

95 2883 536 2952 declarandum
572 2886 859 2976 Ugolino
894 2890 1206 2954 antistitis
1244 2892 1416 2977 patri
1448 2888 1873 2972 Querciolam
1918 2885 2269 2956 castellum

95 2997 491 3071 beneficiario
536 3004 684 3089 jure
728 3006 1068 3071 concessit.

220 3117 391 3185 Cum
433 3145 510 3188 eo
557 3121 754 3188 modo
808 3123 1082 3190 biennio
1127 3123 1363 3186 civitas
1401 3122 1796 3210 quievisset,
1842 3119 1923 3187 ad
1968 3105 2268 3188 obsiden-
2314 3107 2323 3116 ⁵

96 3231 238 3298 dum
281 3235 587 3304 Canussii
633 3239 954 3326 oppidum
1027 3237 1332 3304 accedere
1397 3248 1627 3305 coacta
1671 3235 1804 3302 fuit
1830 3286 1847 3303 .
1889 3234 2266 3304 Bonifacius

99 3352 248 3416 enim
293 3351 440 3439 ejus
493 3353 624 3421 loci
676 3353 1019 3434 dominus,
1063 3357 1183 3442 qui
1231 3353 1582 3443 Guelphos
1633 3355 1888 3443 patriae
1933 3356 2267 3422 restitutos

102 3487 264 3554 tegre
291 3467 591 3549 ferebat,
623 3470 706 3536 ad
736 3470 1163 3538 latrocinium
1208 3472 1612 3561 impotenter
1656 3492 2012 3537 conversus
2056 3480 2266 3536 trans-
2344 3541 2351 3549 ,

100 3586 376 3652 euntium
400 3583 901 3653 Pontificiorum
934 3588 1109 3653 bona
1140 3588 1209 3653 in
1239 3581 1350 3655 via
1381 3585 1656 3675 publica
1688 3584 1991 3674 praedari
2022 3565 2266 3674 coepit,

103 3718 206 3760 nee
243 3699 537 3789 profanis
582 3715 933 3770 contentus
995 3705 1195 3770 etiam
1250 3706 1450 3769 sacris
1509 3704 1681 3769 vasis
1722 3702 2070 3768 Cauussini
2114 3723 2264 3769 coe-

102 3812 256 3881 nobii
295 3818 597 3907 direptis,
643 3830 712 3885 et
753 3818 1093 3888 Pontificis
1136 3825 1448 3909 per‘suos
1491 3817 1657 3894 fines
1701 3818 1997 3884 delatam
2045 3816 2268 3908 supel-

103 3924 362 4001 lectilem·
428 3934 748 4003 abstulit.
805 3936 1259 4021 Quamobrem
1305 3936 1765 4027 Regiensibus‚
1809 3935 1989 4027 quod
2032 3947 2263 4002 tutum

103 4063 138 4106 ι
183 4051 615 4136 praedonibus
681 4056 1082 4122 territorium
1128 4078 1264 4124 nou
1314 4065 1771 4123 conservarent
1788 4103 1809 4134 ,
1851 4076 1894 4120 a
1938 4049 2258 4121 Pontifice

105 4166 269 4234 neris
324 4171 731 4254 interdictis,
786 4174 1023 4241 civitas
1089 4196 1174 4240 ne
1238 4172 1477 4242 borum
1545 4170 1913 4240 facinorum
1932 4219 1954 4251 ‚
2012 4169 2257 4259 quibus
2314 4201 2321 4208 ·
2370 4188 2378 4196 ·
