2950 5017
672 393 803 464 356
1353 487 1360 505 ‚
1422 411 1665 459 aarum
1723 411 2146 459 irremissum

665 558 789 605 eae
830 555 1042 626 quam
1084 533 1221 605 cito
1279 533 1425 602 sine
1490 532 1719 603 liberis
1783 535 2061 625 perituri
2128 526 2450 626 principis
2521 537 2907 608 amia-’stiam

665 654 856 742 sequi
902 650 1125 720 malit.
1169 650 1330 722 Post
1372 648 1644 741 longam
1677 649 2226 721 deliberationem
2260 650 2534 721 tandem
2568 654 2927 746 Nicolaus}

662 794 752 838 ne
794 770 1037 860 ingrati
1085 789 1240 858 erga
1284 766 1680 860 Philippum
1724 770 1937 837 animi
1981 779 2217 847 notam
2262 769 2488 838 subire
2518 770 2901 852 videretur,

663 886 1016 953 Franciseo
1059 881 1352 954 Sfortiae
1399 887 1697 967 nuntiat,
1739 885 1870 952 nisi
1914 907 2033 974 pro
2079 884 2275 956 hoste
2316 886 2552 953 haberi
2606 886 2794 954 velit
2834 911 2901 955 ae

663 999 831 1070 fines
876 1023 1048 1070 suos¹
1075 998 1514 1091 ingrediatur.
1560 999 1686 1068 Ille
1714 1002 1838 1091 qui
1866 999 2120 1069 Blanoa
2147 1000 2444 1092 Philippi
2490 999 2654 1068 filia
2703 1026 2899 1071 uxore

666 1118 874 1186 dueta
917 1129 1151 1187 eontra
1195 1140 1500 1187 socerum
1544 1119 1798 1186 invitus
1840 1116 2101 1185 bellum
2132 1118 2475 1198 movebat,
2506 1115 2786 1188 frustra
2809 1143 2896 1186 re·

664 1234 1003 1303 clamante
1045 1234 1484 1317 Maur-oceno,
1529 1233 1723 1302 velut
1791 1235 1881 1302 ab
1949 1236 2133 1303 omni
2180 1234 2560 1304 conditione
2592 1234 2801 1303 ‘liber
2837 1237 2894 1303 in

663 1351 1054 1419 Hetruriam
1103 1338 1422 1419 discessit.
1475 1351 1718 1440 Itaque
1762 1348 2007 1418 Veneti
2055 1373 2096 1417 a
2138 1351 2483 1440 copiarum
2529 1350 2747 1417 Duce
2799 1350 2899 1418 de·

659 1470 916 1550 stituti,
960 1466 1232 1535 Martini
1264 1466 1331 1534 V
1360 1465 1705 1536 Pontifieis
1749 1489 1949 1556 opera
1994 1466 2252 1548 Brixia,
2294 1479 2364 1534 et
2407 1466 2757 1558 Bergomo
2804 1489 2894 1534 ao-

627 1590 902 1677 “eeptis,
945 1578 1349 1655 Vieeeomiti
1402 1596 1566 1652 sunt
1620 1583 1997 1665 eondliati3
2042 1583 2328 1653 Nicolao
2372 1607 2532 1652 vero
2576 1585 2896 1653 Atestiuo

663 1705 956 1793 acceptis
1012 1701 1245 1770 decem
1306 1685 1610 1768 millibu‘s
1680 1722 2039 1768 aureorum
2084 1699 2398 1791 Rhodigii
2456 1701 2890 1791 peninsulam

662 1823 1114 1889 restituerant.
1574 1841 1589 1860 ²
2926 1799 2927 1804 ἵ

799 1935 1128 2028 Sequenti
1173 1959 1349 2007 anno
1393 1958 1890 2006 noecoxxxvm
1933 1961 2092 2005 eum
2141 1960 2182 2005 a
2225 1938 2481 2005 Latinis
2514 1937 2779 2005 Graeei
2820 1936 2892 2004 de
2926 1943 2927 1972 ³

660 2050 981 2143 religione
1024 2053 1419 2121 disentirent
1434 2104 1455 2135 ,
1497 2054 1869 2122 Ferrariam
1937 2055 2060 2121 ubi
2127 2053 2486 2126 concilium
2522 2053 2893 2126 „indixerat

660 2169 1006 2261 Eugenius
1049 2168 1370 2239 Pontifex
1421 2194 1583 2238 eum
1644 2195 1958 2240 romanae
2024 2175 2250 2239 curiae
2312 2170 2784 2263 praesulibus,
2826 2182 2889 2238 et

661 2286 950 2365 Ioannes
994 2284 1388 2377 Paleologus
1432 2285 1682 2354 Caesar
1725 2287 2019 2355 Orientis
2064 2310 2223 2355 eum
2270 2287 2671 2355 Patriarcha
2719 2286 2891 2356 Gon-

658 2401 1284 2494 stantinapolitano,
1327 2402 1610 2493 ejusque
1640 2404 2082 2472 Antistitibus
2127 2405 2215 2471 ad
2259 2404 2592 2494 synodum
2642 2428 2890 2475 conve·

658 2544 840 2589 nere.
903 2519 1288 2588 Guarinum
1348 2519 1803 2589 veronensem
1867 2523 2044 2588 inter
2111 2520 2398 2590 Graecos
2466 2522 2927 2613 Latinosque

658 2641 1096 2729 interpretem
1141 2636 1344 2707 fuisse
1387 2637 1652 2720 ferunt,
1694 2637 1811 2707 sed
1859 2637 2239 2730 pestilentia
2289 2640 2605 2722 suborta,
2654 2664 2885 2711 omnes

657 2755 816 2823 inde
859 2754 1275 2824 Florentiam
1319 2757 1684 2847 migrantes
1728 2754 2076 2846 ambiguas
2119 2756 2204 2822 de
2262 2756 2580 2846 religione
2623 2769 2886 2827 contro-

657 2875 908 2941 versias
952 2874 1424 2942 terminarunt.
1471 2872 1627 2956 Quo
1672 2887 1972 2962 tempore
2002 2872 2391 2941 Thebaldus
2432 2872 2720 2955 Sessius,
2758 2876 2880 2965 qui
2926 2937 2927 2940 ,

657 2988 1101 3081 quadraginta
1156 2993 1462 3081 quinque
1533 2991 1724 3058 annis
1768 2989 1958 3081 Regii
2003 2993 2275 3060 antistes
2319 2987 2539 3059 fuerat
2555 3042 2576 3073 ,
2615 2993 2696 3060 in
2737 2989 2876 3059 fata

655 3108 1008 3188 ooneessit,
1060 3118 1131 3174 et
1196 3130 1355 3175 eum
1421 3106 1553 3177 hoe
1619 3105 1963 3198 epitaphio
2007 3108 2082 3178 in
2128 3105 2377 3194 majore
2422 3106 2676 3199 templo
2718 3131 2877 3186 oon·

660 3220 841 3290 ditus
885 3219 1042 3291 fuit.
1928 3310 1939 3322 ‚
2240 3197 2257 3212 ”

836 3338 1072 3409 Sessio
1114 3346 1322 3432 stirps
1368 3342 1602 3411 tumba
1634 3348 1848 3434 sac-eo
1901 3344 2290 3414 Thebaldus
2335 3350 2408 3413 in
2455 3349 2621 3431 ista,

928 3457 1516 3551 Marmore-umque
1561 3463 1777 3531 habeo
1823 3479 2118 3533 mortuus
2164 3464 2346 3531 hune
2391 3465 2732 3532 tumulum,

836 3573 938 3643 At
979 3556 1319 3665 quondam
1359 3582 1558 3649 vivus
1602 3587 1851 3650 teneris
1896 3585 2151 3652 electus
2191 3582 2286 3649 ab
2330 3585 2533 3667 mnis

926 3692 1167 3783 Hujus
1207 3694 1521 3786 Reginae
1565 3698 1863 3767 Praesul
1902 3720 2080 3768 eram
2100 3702 2425 3789 patriae.

652 3807 747 3877 Et
788 3809 1083 3887 Jaeobus
1124 3810 1467 3884 Antonius
1513 3814 1881 3885 Turrianus
1923 3817 2259 3886 suecessit.
2366 3873 2373 3878 .

786 3923 949 3995 Post
1015 3926 1181 3995 haee
1251 3929 1577 4001 Nicolaus
1619 3933 1969 4002 Atestinus
2039 3934 2129 4001 ab
2195 3931 2503 4025 Eugenio
2554 3931 2852 4004 Pontifioe

648 4040 938 4111 Massam
985 4055 1056 4111 et
1099 4045 1675 4137 Bagnaoavallum
1722 4054 1789 4117 in
1837 4051 2174 4119 Flaminia
2221 4054 2422 4130 emit,
2464 4063 2560 4119 <et
2616 4076 2653 4118 a
2709 4052 2847 4118 Phi-

515 4222 520 4226 .
646 4159 835 4253 lippo
880 4161 1297 4250 vicecomite
1342 4168 1642 4237 obtinuit
1688 4181 1768 4237 ut
1815 4169 2082 4238 Borsius
2127 4170 2274 4256 ejus
2317 4167 2499 4240 filius
2544 4169 2845 4239 naturalis
