2950 5017
620 401 750 475 332
1366 423 1609 471 natm
1650 424 2074 470 ateramum

612 546 793 627 latis,
838 561 1078 628 aurea,
1123 555 1574 637 argenteaque
1613 568 1772 613 vasa
1790 596 1810 626 ,
1855 556 2159 636 torques,
2207 542 2527 626 annulos,
2570 543 2857 614 bombi·

614 686 761 730 cem
780 713 800 743 ,
846 683 1350 753 purpureosque
1394 675 1465 728 et
1513 683 1678 730 auro
1722 674 2072 730 contextos
2104 672 2403 751 pannos,
2447 673 2665 753 atque
2714 661 2855 728 alia

614 780 685 847 id
731 803 937 871 genus
982 803 1157 871 quae
1203 782 1480 867 triginta
1525 779 1741 846 millia
1786 803 2141 847 aureorum
2197 778 2606 849 florenorum
2665 801 2852 846 sum-

616 921 800 965 mam
846 920 1136 987 aequare
1177 895 1608 977 dicebantur,
1659 900 1833 963 inter
1879 919 2108 966 omnes
2153 900 2466 965 convivas
2533 921 2666 986 pro
2733 920 2854 963 cu-

619 1016 863 1105 jusque
932 1013 1207 1083 fortuna
1274 1013 1642 1081 liberaliter
1696 1014 1958 1082 divisit.
2020 995 2298 1083 Benesio
2343 1017 2850 1105 quinquaginta

616 1134 881 1201 ostrinis
925 1154 1015 1198 ex
1057 1130 1376 1200 bombice
1423 1131 1733 1222 stragulis
1798 1133 2061 1198 instrati
2128 1134 2617 1220 generosissimi
2687 1134 2846 1221 equi

619 1260 781 1318 sunt
822 1245 1075 1316 donati.
1123 1246 1288 1313 Inde
1329 1246 1612 1315 choreae
1657 1259 1883 1328 actae,
1930 1259 2001 1313 et
2046 1270 2160 1338 per
2205 1260 2496 1337 quatuor
2525 1248 2677 1314 dies
2709 1250 2852 1336 opi-

616 1387 731 1430 ma
777 1365 1078 1453 praemia
1143 1365 1346 1430 variis
1414 1364 1892 1430 certaminibus
1962 1367 2295 1453 proposita
2361 1362 2583 1430 fuere.
2639 1363 2849 1429 Tanti

617 1503 956 1547 successus
1005 1461 1328 1546 felicitate
1372 1479 1611 1547 Italiae
1663 1480 2003 1572 Principes
2060 1457 2380 1572 perculsi,
2425 1474 2544 1570 qui
2601 1492 2849 1570 poten-

615 1600 853 1664 tissimi
899 1597 1186 1665 hominis
1216 1596 1663 1665 formidandas
1694 1621 1852 1688 opes
1882 1597 2389 1688 suspectabant,
2421 1597 2846 1677 Florentini,

615 1713 1090 1796 Bononienses,
1134 1714 1383 1795 Pisani,
1427 1737 1586 1781 cum
1621 1714 1967 1796 Atestinis,
2001 1714 2368 1803 Gonzagis,
2413 1726 2483 1779 et
2528 1714 2845 1803 Astorgio

616 1830 967 1901 Manfredo
997 1834 1363 1900 Faventiae
1394 1832 1698 1923 Principe
1745 1836 1816 1900 in
1865 1857 2022 1899 eum
2055 1833 2447 1919 conjurant:
2478 1831 2846 1923 Gallisque

617 1951 711 2015 cis
760 1948 976 2038 alpes,
1018 1949 1187 2015 duce
1232 1951 1662 2030 Armeniaco,
1708 1928 2128 2039 accitis,’per
2173 1949 2430 2016 crebras
2470 1948 2843 2038 legationes

618 2062 1009 2131 Ladislaum
1045 2078 1394 2154 tamquam
1426 2068 1684 2154 imperii
1719 2066 2082 2153 majestatis
2112 2064 2626 2133 deformatorem
2665 2066 2843 2156 apud

616 2195 876 2271 septem
925 2184 1097 2250 viros
1141 2181 1409 2272 Imperii
1442 2182 1779 2278 Electores
1810 2188 2281 2264 criminantur3
2312 2208 2479 2274 quos
2508 2164 2798 2250 demum
2825 2235 2841 2263 ,

616 2300 764 2388 ipso
808 2298 1144 2388 deposito,
1215 2298 1302 2365 ad
1363 2298 1745 2388 eligendum
1793 2300 2164 2368 Robertum
2215 2301 2550 2387 Bojarium
2595 2301 2839 2369 Norici

619 2416 1033 2506 Principem,
1105 2428 1176 2483 et
1243 2416 1460 2483 Rheni
1516 2418 1852 2488 Comitem
1918 2418 2357 2509 impulerunt.
2423 2418 2602 2485 Inter
2676 2418 2842 2486 haec

616 2533 1006 2600 Franciscus
1037 2535 1386 2600 Atestinus
1420 2531 1780 2612 Saxolum,
1808 2535 2007 2632 quod
2053 2552 2252 2601 antea
2296 2535 2594 2624 Astorgio
2648 2535 2839 2602 Man-

621 2648 808 2718 fredo
855 2674 996 2739 pro,
1024 2650 1360 2717 alimentis
1406 2652 1592 2718 Actii
1643 2652 1964 2718 traditum
2013 2649 2271 2732 fuerat,
2314 2676 2472 2718 cum
2515 2651 2839 2719 Floriano

621 2781 694 2835 et
737 2768 887 2835 aliis
933 2769 1221 2836 castellis
1270 2772 1540 2860 recepit.
1590 2769 1702 2836 Ob
1749 2768 1922 2836 hanc
1955 2769 2211 2836 cladem
2245 2770 2547 2836 Mutinae
2577 2783 2651 2836 et
2685 2771 2839 2836 Fer-

619 2890 830 2953 rariae
899 2909 1035 2955 non
1106 2886 1526 2955 mediocriter
1592 2898 1691 2952 est
1760 2885 2196 2977 trepidatum.
2244 2886 2578 2955 Timorem
2628 2892 2836 2954 etiam

620 3005 816 3069 auxit
858 3003 1145 3079 Joannes
1191 3001 1580 3083 Balbianus,
1623 3003 1899 3079 Ioannis
1943 3002 2269 3070 Galleacii
2317 3005 2663 3093 copiarum
2714 3003 2835 3069 sub

627 3119 940 3188 Alberico
993 3122 1265 3200 ductor,
1313 3122 1432 3209 qui
1493 3145 1531 3187 a
1577 3120 1969 3188 Pisanorum
2027 3119 2452 3211 expeditione
2506 3104 2832 3199 reversus,

619 3261 828 3325 quam
878 3250 1113 3304 contra
1158 3237 1580 3304 Florentinos
1625 3237 1992 3318 habuerat,
2035 3242 2331 3328 opimam
2386 3229 2707 3327 praedam
2755 3261 2833 3305 ex

623 3353 997 3426 Mantuano
1045 3378 1200 3444 agro
1250 3351 1435 3421 fecit.
1481 3341 1744 3421 Deinde
1783 3357 1945 3421 dum
1989 3356 2070 3422 ad
2104 3354 2464 3437 Saxolum,
2496 3354 2831 3421 Mirandu-

620 3469 793 3550 lam,
838 3481 909 3535 et
952 3471 1300 3557 interjecta
1355 3472 1602 3561 oppida
1661 3472 2005 3554 hibernat,
2051 3472 2415 3541 Vineolum
2473 3471 2670 3539 aliud
2731 3496 2832 3539 ca-

621 3584 893 3653 stellum
943 3592 1142 3678 cepit.
1192 3586 1327 3655 Sed
1367 3591 1429 3655 is
1475 3614 1607 3657 non
1655 3590 1875 3659 multo
1921 3602 2073 3679 post
2116 3615 2156 3657 a
2201 3589 2488 3657 Nicolao
2527 3589 2829 3657 Atestino

622 3697 895 3793 captus,
940 3718 1010 3772 et
1061 3708 1276 3773 securi
1344 3729 1690 3796 percussus
1757 3706 1988 3774 illatae
2057 3706 2140 3773 ad
2209 3708 2476 3774 Lucum
2545 3709 2829 3793 injuriae

620 3821 869 3911 poenas
897 3821 1109 3890 dedit.
1140 3821 1459 3890 Ceterum
1493 3825 1735 3901 Joanni
1766 3823 2545 3893 Galleacinicecomiti
2579 3837 2830 3914 praeter

618 3928 970 4028 superioris
1016 3944 1174 4008 anni
1205 3941 1602 4032 dignitatem
1634 3965 1850 4011 novus
1881 3942 2094 4012 honor
2125 3945 2419 4010 accessit.
2452 3943 2517 4009 A
2549 3941 2829 4009 Summo

620 4060 801 4125 enim
848 4058 1172 4128 Pontifice
1215 4059 1325 4147 jus
1370 4062 1696 4143 obtinuit,
1734 4073 1816 4128 ut
1853 4062 2098 4152 oppida
2143 4062 2416 4134 urbium
2466 4060 2675 4129 titulo
2720 4061 2826 4129 ho·

621 4189 882 4244 nestare
926 4191 1167 4269 posset.
1214 4178 1567 4247 Ladislaus
1610 4202 1886 4270 quoque
1928 4179 2297 4271 Imperator
2320 4178 2561 4247 ,Ticini
2612 4178 2825 4248 comi-
