2950 5017
947 432 1148 477 naza
1192 431 1490 486 Quaarus
2174 421 2304 515 262

65 554 210 620 bus
257 551 580 621 donatus
645 572 765 642 pro
833 574 912 619 eo
979 549 1172 641 Regii
1215 550 1522 618 Vicarius
1563 562 1821 620 creatus
1868 551 2033 623 fuit.
2079 556 2306 640 Idem,

59 677 368 759 μεωει-
399 646 869 735 frumentarias
913 664 1150 747 molas,
1194 678 1266 733 et
1312 666 1535 756 ampla
1579 668 1848 756 praedia
1867 720 1888 750 ,
1929 674 2132 738 etiam
2182 678 2310 740 tre·

60 796 336 853 oenton
411 782 634 852 salarii
702 784 977 852 nomine
1044 805 1131 849 ex
1196 782 1393 850 bonis
1467 781 1868 872 reipublicae
1937 798 2305 856 menstruos

59 898 395 970 flumas
459 899 759 969 obtinuit
773 950 793 979 ,
862 910 932 966 et
1000 898 1336 965 tributum
1398 898 1582 989 quod
1648 898 1974 967 indictum
2045 899 2270 969 fuerat
2286 952 2308 984 ,

65 1016 421 1084 acerbius
464 1018 716 1106 exegit.
760 1013 1143 1082 Tricenaria
1186 1037 1458 1104 quoque
1514 1023 1708 1083 vetus
1769 1012 2003 1083 Sancti
2047 1016 2308 1099 Quirini

68 1132 543 1224 Praeposito,
584 1134 703 1224 qui
749 1144 820 1199 et
862 1134 1004 1223 ipse
1046 1155 1134 1199 ex
1174 1130 1513 1201 Folleanis
1568 1142 1748 1214 erat,
1792 1155 2098 1201 concessa
2150 1131 2309 1201 fuit.

75 1250 361 1341 Itaque
403 1251 535 1317 sub
579 1245 908 1317 Praefecti
955 1249 1156 1318 titulo
1224 1251 1476 1340 patriae
1542 1250 1990 1339 principatum
2037 1249 2316 1339 adeptus

75 1366 444 1436 nicolaus
487 1370 558 1435 in
603 1370 835 1457 primis
876 1368 1364 1458 quinquaginta
1410 1391 1498 1434 ex
1541 1365 1984 1436 nobilioribus
2026 1366 2312 1449 civibus,

83 1505 278 1572 quos
352 1505 548 1572 aegre
616 1481 1034 1571 tyrannidem
1088 1482 1277 1549 suam
1345 1485 1490 1571 pati
1556 1483 1836 1564 sciebat,
1881 1482 2049 1549 urbe
2093 1480 2312 1568 ejecit.

85 1596 840 1683 Caeterum-Boemus,
886 1621 928 1664 a
970 1621 1128 1687 rege·
1162 1595 1514 1665 Gallorum
1560 1597 1843 1689 pecunia
1887 1610 2184 1687 accepta,
2229 1597 2316 1664 ad

93 1710 526 1780 Scultennae
568 1712 863 1780 fluminis
907 1717 1121 1803 ripam
1152 1737 1307 1782 cum
1339 1714 1698 1783 Beltrando
1728 1711 2062 1783 Pontificis
2094 1712 2315 1802 legato

99 1840 450 1897 secretum
478 1828 892 1919 colloquium
923 1829 1191 1923 babuit.
1236 1831 1599 1898 Ferebatur
1626 1830 2016 1921 Philippum
2051 1830 2315 1898 Galliae

103 1967 342 2034 regern
416 1968 573 2012 cum
642 1942 964 2015 Pontifice
1021 1948 1455 2035 conspirasse,
1520 1956 1602 2012 ut
1666 1947 1705 2023 J
1707 1969 1951 2014 oannes
2017 1945 2316 2013 Galliam

99 2060 529 2152 Cisalpinam
575 2062 932 2152 subigeret,
978 2074 1049 2129 et
1091 2074 1320 2153 captas
1364 2063 1563 2129 urbes
1605 2065 1780 2130 inter
1815 2085 1886 2129 se
1916 2061 2313 2130 dividerent.

102 2176 304 2262 Quae
347 2175 536 2245 fama
566 2177 731 2248 adeo
759 2177 1106 2268 Guelphos
1150 2178 1351 2245 simul
1396 2193 1468 2245 et
1511 2176 1889 2247 Gibellinos
1933 2183 2313 2268 perterruit,

109 2305 194 2360 ut
238 2294 605 2361 amittendi
649 2297 1055 2385 principatus
1100 2306 1289 2361 metu
1327 2298 1528 2361 etiam
1562 2308 1812 2361 veteres
1842 2294 2061 2363 hostes
2090 2307 2321 2363 contra

120 2408 464 2478 Boemum
510 2409 709 2477 simul
754 2413 1206 2502 conspirarint.
1269 2411 1379 2479 In‘
1414 2411 1486 2477 id
1529 2410 1762 2479 foedus
1806 2424 2128 2479 venerunt
2172 2410 2326 2481 Flo-

118 2529 407 2607 rentini,
452 2527 687 2595 Actius
732 2527 1151 2610 Vicecomes,
1194 2528 1525 2595 Mastinus
1568 2527 1889 2618 Scaliger,
1934 2515 2321 2618 Gonaagus,

118 2653 189 2707 et
230 2642 523 2710 Obicius
563 2644 937 2711 Atestinus:
983 2655 1525 2733 conventumque
1574 2657 1653 2710 ut
1698 2646 1824 2710 tria
1869 2643 2084 2711 millia
2133 2645 2324 2733 equi-

122 2770 270 2826 tum
315 2764 667 2828 communi
712 2763 994 2850 pecunia
1038 2761 1505 2842 scriberentur,
1546 2771 1616 2827 et
1653 2760 2025 2846 conjunctis
2067 2760 2321 2828 viribus

123 2874 454 2943 barbarus
498 2875 697 2944 Italia
749 2876 1137 2967 pelleretur:
1188 2901 1276 2945 ex
1320 2877 1711 2944 civitatibus
1772 2900 1930 2944 vero
1994 2899 2167 2965 quae
2234 2864 2322 2942 ab

126 3010 209 3057 eo
251 2989 750 3072 detinebantur,
794 2992 1067 3059 Mutina
1097 2992 1437 3072 Atestino,
1466 2991 1755 3080 Regium
1788 2990 2141 3080 Gonzago,
2168 2990 2323 3058 Par·
2434 2980 2442 2990 ’

128 3128 237 3173 ma
279 3105 645 3198 scaligero,
675 3108 1004 3180 Cremona
1036 3110 1265 3190 Actio,
1294 3121 1364 3176 et
1395 3109 1582 3177 Luca
1612 3108 2012 3177 Florentinis
2040 3107 2321 3176 cederet.

125 3221 438 3292 Calendis
480 3229 714 3314 itaque
757 3226 1046 3295 octobris
1092 3247 1213 3293 σοι,
1265 3230 1573 3316 equitum
1602 3276 1622 3307 ,
1659 3237 1730 3292 et
1781 3225 2076 3316 plurium
2140 3208 2326 3316 pedi·

129 3350 270 3408 tum
321 3345 570 3409 coactis
616 3346 824 3432 copiis
865 3347 1158 3434 primum
1200 3343 1538 3412 Mutinam
1586 3344 2012 3412 obsederunt.
2058 3344 2325 3412 Interea

129 3453 497 3525 Ber-nardus
537 3457 1000 3548 Malapressius
1044 3484 1085 3527 a
1131 3459 1363 3550 Gypso
1381 3512 1400 3542 ,
1448 3472 1518 3528 et
1561 3460 1838 3529 Roberti
1885 3464 2054 3550 regis
2117 3458 2325 3527 frater

131 3571 457 3641 naturalis
501 3586 935 3664 cognomento
979 3575 1376 3665 Magrettus,
1420 3578 1540 3666 qui
1592 3577 1662 3643 in
1719 3600 1799 3644 eo
1845 3580 2144 3644 exercitu
2189 3600 2328 3643 me·

133 3688 394 3771 rebant,
436 3691 930 3782 quadringentis
974 3693 1342 3783 peditibus,
1409 3704 1477 3760 et
1545 3692 1830 3761 totidem
1898 3692 2237 3783 equitibus
2282 3715 2324 3759 a

140 3801 425 3871 ducibus
469 3809 765 3896 acceptis
828 3808 1036 3898 pridie
1101 3809 1252 3875 idus
1304 3808 1590 3878 octobris
1637 3810 2101 3889 Dinatianum,
2147 3806 2327 3897 quod

139 3932 327 3988 antea
367 3920 649 3991 Nicolao
684 3922 1006 3993 Folleano
1051 3949 1093 4016 a
1135 3920 1412 3995 Boemo'
1440 3926 1768 3996 donatum
1814 3923 2073 4006 fuerat,
2119 3921 2328 3991 felici-

145 4044 238 4104 ter
282 4051 626 4130 ceperunt.
673 4040 971 4125 Exinde,
1017 4041 1248 4112 relicta
1275 4045 1575 4128 Mutina,
1605 4046 1890 4140 universi
1934 4045 2006 4111 in
2050 4043 2329 4132 Regien-

143 4170 234 4220 ιω
277 4166 662 4229 moventur.
703 4156 1061 4229 Folleanus
1101 4171 1184 4228 ut
1226 4156 1413 4232 domi
1481 4170 1670 4231 tutus
1736 4171 1904 4229 esset
1963 4160 2039 4231 in
2099 4158 2329 4250 primis
