2950 5017
668 429 807 515 404
1419 441 1661 490 nunu
1702 441 2128 489 ancrmsmu

663 591 756 637 ex
782 565 1078 660 oppidis,
1108 563 1450 636 montibus
1493 576 1563 632 et
1607 565 1793 655 pagis
1824 561 2227 632 facinorosos
2256 582 2571 653 quosque
2619 560 2698 628 in
2743 582 2894 630 suas

664 697 886 775 partes
932 692 1329 762 traxerunt3
1387 686 1460 748 et‘
1513 704 1670 748 cum
1715 678 2072 770 Gnelphos
2115 702 2184 746 se
2229 689 2589 760 vocarent,
2652 701 2745 744 ex
2796 680 2897 746 vi-

664 803 830 870 cinis
875 800 1157 868 urbibus
1197 801 1482 889 insignes
1513 794 1805 865 familias
1830 796 2085 866 ¹eodem
2133 785 2357 865 furore
2398 798 2701 886 agitatas
2742 794 2894 863 illa·

664 929 962 1006 stresque
1004 918 1182 985 viros
1226 915 1356 982 sibi
1399 912 1881 1000 adjunxerunt.
1929 912 2105 980 Cato
2131 912 2625 1002 Castagnetus,
2655 909 2888 978 Alber-

669 1047 781 1101 tus
808 1033 1213 1114 Vallestrus,
1242 1029 1568 1100 Moreschi
1601 1055 1641 1100 a
1670 1030 1896 1101 Casali
1928 1030 2212 1118 majore,
2242 1030 2519 1100 Coconii
2552 1053 2605 1096 a
2638 1028 2889 1097 Castel-

666 1151 913 1230 lonovo
947 1150 1438 1230 Parmensium,
1474 1148 1776 1236 Comites
1821 1148 2155 1229 Croariae,
2199 1146 2521 1215 Gibertus
2565 1171 2615 1213 a
2662 1146 2884 1216 Monte

542 1277 550 1284 ’
625 1327 630 1334 .
665 1269 967 1350 cuculo,
1013 1267 1322 1336 Paludini
1367 1266 1679 1335 Medulae
1734 1278 1807 1333 et
1853 1265 2264 1336 Nuvolariae
2318 1267 2615 1348 domini,
2663 1264 2885 1335 Savini

665 1386 1224 1468 Mirandulenses,
1268 1384 1519 1477 aliique
1567 1407 1657 1453 ex
1697 1384 2336 1466 diversisxurhibnffi
2381 1386 2590 1452 etiam
2656 1385 2887 1475 princi·

666 1528 783 1597 pes
813 1507 971 1587 viri,
1002 1527 1163 1572 cum
1192 1503 1434 1571 iisdem
1481 1503 1887 1571 sentiebant.
1933 1502 2037 1571 Eo
2082 1502 2356 1570 tandem
2402 1526 2503 1571 res
2543 1526 2884 1593 progressa

666 1634 803 1704 est,
847 1633 928 1689 ut
971 1623 1100 1712 ipsi
1147 1623 1355 1688 etiam
1410 1619 1690 1710 gentiles
1734 1622 1911 1688 inter
1954 1643 2023 1688 se
2066 1620 2545 1687 dividerentur.
2584 1617 2887 1706 Scajoloe

667 1763 828 1809 vero
871 1739 1100 1820 Sessii,
1143 1738 1474 1819 Messorii,
1522 1737 1806 1819 Zoboli,
1850 1738 2100 1819 Fossii,
2144 1736 2454 1818 Gazzoli,
2499 1736 2884 1817 Mazucchi,

668 1855 986 1925 Calcanei
1004 1906 1025 1936 ,
1068 1854 1399 1937 Martelli,
1427 1854 1759 1939 Boccatii,
1790 1854 2179 1944 Bontiag'ni,
2211 1855 2455 1921 Anzini
2471 1904 2492 1935 ,
2521 1852 2884 1934 Cartharii,

668 1986 740 2038 et
782 1994 942 2038 cum
987 1971 1322 2062 plerisque
1366 1970 1515 2037 aliis
1559 1968 1867 2037 Saccanii
1913 1969 2407 2061 sequebantur.·
2435 1968 2550 2036 Ex
2603 1972 2882 2037 externis

669 2086 974 2178 Corrigii,
1020 2086 1343 2154 Mantuae
1385 2099 1463 2179 et·
1500 2087 1704 2177 Carpi
1751 2089 2110 2178 principes,
2142 2086 2507 2154 Scandiani
2549 2086 2879 2168 dominus,

668 2202 1047 2272 Sanvitales
1074 2202 1495 2284 Parmenses,
1512 2202 1716 2271 Vaini
1763 2228 1805 2271 a
1849 2205 2020 2273 Foro
2062 2202 2383 2284 Cornelii,
2427 2214 2501 2270 et
2543 2202 2881 2294 Raspones

669 2346 713 2390 a
756 2322 1079 2390 Ravenna
1123 2321 1359 2388 iisdem
1403 2319 1750 2390 favebant.
1796 2321 2070 2391 Mox-otti
2117 2346 2394 2413 quoque
2422 2344 2465 2389 a
2494 2321 2880 2412 Gai-pineto,

635 2441 794 2532 ¹qui
852 2442 1197 2529 ingentem
1250 2436 1611 2507 factionem
1666 2438 2111 2530 collegerant,
2154 2452 2224 2507 et
2269 2438 2382 2506 alii
2439 2462 2482 2507 a
2535 2439 2883 2530 Temporis

669 2558 1055 2624 maximum
1100 2555 1261 2645 ipsis
1305 2554 1641 2622 auxilium
1686 2569 2062 2647 opportune
2108 2555 2509 2624 attulerunt.
2554 2555 2760 2624 Urbe
2801 2560 2879 2622 its

669 2672 882 2743 divisa
902 2681 930 2756 ,'
968 2673 1325 2741 Bebiorum
1372 2670 1577 2741 factio
1622 2672 1973 2764 Guelphos
2004 2686 2248 2742 secuta
2290 2674 2525 2764 lingua
2589 2686 2878 2741 materna

678 2792 1011 2876 Tooalea>
1054 2789 1482 2877 Scajolorum
1536 2813 1694 2859 vero
1739 2814 1825 2857 ex
1869 2789 2225 2858 Gibellinis
2279 2803 2595 2860 constans
2642 2791 2879 2861 Casina

669 2908 1065 2976 vocabatur.
1111 2907 1250 2977 Has
1296 2919 1496 2975 antea
1539 2918 1894 2997 conceptas
1946 2906 2322 2973 simultates
2364 2929 2587 2974 novus
2636 2910 2714 2975 in
2758 2903 2875 2975 foro

670 3038 871 3093 natus
922 3048 1115 3093 casus
1166 3028 1238 3094 in
1292 3025 1516 3112 majus
1560 3024 1904 3092 dissidium
1966 3027 2196 3107 auxit,
2239 3036 2310 3092 et
2350 3028 2423 3092 in
2471 3029 2872 3094 teterrimam

670 3142 927 3208 civium
993 3165 1224 3208 necem
1292 3140 1640 3231 perduxit.
1698 3140 1860 3208 Tres
1928 3155 2118 3208 erant
2173 3142 2594 3230 Hieronymo
2670 3144 2871 3211 Fossio

669 3255 890 3337 liberi,
933 3254 1350 3343 Scajolorum
1396 3260 1801 3344 amicissimi,
1848 3257 2193 3340 Albertus,
2238 3257 2556 3326 Aurelius
2608 3271 2687 3326 et
2729 3258 2866 3326 Ale-

626 3371 967 3451 .xander;
1012 3375 1070 3438 is
1124 3376 1198 3439 in
1251 3369 1399 3441 foro
1446 3373 1533 3440 ad
1578 3374 1978 3443 irritandum
2024 3375 2311 3443 Paulum
2358 3373 2659 3442 Bebium
2704 3376 2870 3464 juve-

670 3485 795 3554 nili
849 3485 1123 3553 licentia
1177 3487 1526 3556 lasciviens
1576 3491 2032 3559 Balthasarem
2086 3491 2434 3580 Scajolum
2505 3492 2759 3560 Delifei
2807 3489 2868 3558 fi·

670 3602 874 3685 lium,
905 3606 1127 3671 virum
1173 3602 1585 3694 eloquentia,
1618 3625 1687 3673 et
1734 3608 2121 3676 liberalibus
2166 3609 2422 3676 artibus
2450 3612 2863 3688 instructum,

668 3719 1020 3811 magnifice
1064 3719 1423 3789 extulerat.
1466 3723 1696 3793 Altero
1740 3725 1825 3792 ad
1872 3728 2019 3812 ejus
2045 3726 2250 3793 verba
2279 3727 2586 3794 acerbius
2619 3750 2861 3819 respon-

668 3836 906 3917 dente,
951 3850 1267 3929 ortaque‚
1314 3852 1394 3907 ut
1439 3838 1556 3923 fit,
1597 3865 1684 3908 ex
1727 3842 1941 3910 verbis
1985 3841 2435 3923 contumelia,
2478 3846 2605 3909 nisi
2653 3843 2860 3910 multis

677 3953 1245 4022 intercedentibus
1290 3956 1482 4023 divisi
1541 3970 1792 4039 essent,
1840 3958 1924 4026 ad
1969 3947 2207 4026 manus
2273 3941 2557 4026 ventum
2628 3956 2855 4026 fuisset.

674 4069 856 4137 Haec
886 4073 983 4138 ira
1016 4071 1433 4162 aliquamdiu
1466 4072 1880 4143 dissimulata
1910 4077 1980 4144 in
2015 4088 2318 4166 apertum
2352 4075 2626 4143 tandem
2658 4076 2852 4145 odium

665 4191 993 4279 prorupit.
1040 4188 1218 4260 Cum
1264 4193 1444 4259 enim
1489 4193 1772 4270 Joannes
1815 4193 2104 4271 Jacobus
2149 4194 2395 4264 Bebius
2441 4191 2619 4263 forte
2660 4193 2852 4263 Nove·
