2950 5017
697 413 724 460 1
741 394 822 482 76
1039 417 1045 424 ·
1403 407 1664 470 vamum
1714 406 2133 457 ateramum

684 532 942 601 dietum
989 528 1192 598 fuisse
1236 528 1537 598 arbitror.
1582 528 1784 613 Quod
1830 525 2279 609 versicolores,
2318 536 2391 593 et
2438 530 2627 597 vario
2688 527 2867 597 bom-

685 649 836 716 bice
900 650 1179 737 virgatas
1247 657 1460 713 vestes
1526 641 1694 712 ferre
1759 646 2237 723 consuevisset,
2296 641 2868 734 licentiosioreque

685 764 953 844 habitu,
998 786 1202 853 quam
1244 759 1696 847 jurisconsulti
1739 762 2048 851 gravitati
2092 760 2472 830 conveniret
2543 774 2865 841 uteretur,

687 905 729 948 a
771 878 1115 947 Gulielmo
1160 878 1466 945 Duranto
1533 880 1816 967 graviter
1857 874 2352 966 reprehenditur
2386 877 2485 942 (ί).
2533 876 2662 944 Vir
2709 883 2864 943 certe

688 995 986 1085 alioquin
1032 995 1482 1084 gravissimus,
1549 1003 1649 1058 et.
1681 994 1907 1081 magni
1972 993 2256 1059 nominis
2326 988 2480 1056 fuit.
2528 989 2863 1057 Gulielmo

684 1110 1007 1197 Pontagio
1049 1111 1121 1175 in
1164 1106 1487 1175 ultimum
1529 1118 1839 1174 semestre
1883 1105 2191 1174 Praetore
2237 1104 2449 1174 electo
2480 1103 2689 1171 Sessii
2721 1104 2863 1172 Cae·

684 1228 1013 1320 sarianam
1056 1221 1414 1291 factionem
1482 1244 1738 1312 semper
1800 1224 2042 1302 secuti,
2100 1220 2282 1311 quod
2351 1219 2783 1289 turbulenter
2809 1244 2863 1285 se

685 1363 904 1431 gerere
967 1338 1387 1422 viderentur,
1431 1361 1473 1404 a
1516 1335 1874 1406 Pontificiis
1893 1386 1914 1417 ,
1965 1340 2085 1432 qui
2153 1347 2302 1403 tum
2340 1334 2746 1426 plurim-um
2807 1338 2861 1415 in

685 1442 852 1523 urbe
895 1466 1221 1546 poterant,
1265 1457 1425 1521 cum
1469 1455 1706 1543 viginti
1749 1465 2038 1542 quatuor
2083 1451 2437 1520 clientibus
2483 1474 2718 1519 mense
2760 1474 2864 1516 au·
2912 1491 2913 1496 κ

685 1587 878 1665 gusto
942 1573 1142 1659 ejecti
1199 1571 1584 1651 Crevariam
1652 1593 1719 1638 se
1786 1580 2205 1659 receperunt.
2275 1569 2412 1635 Alii
2477 1591 2594 1659 per
2666 1571 2861 1636 varias
2912 1659 2913 1664 γ

683 1690 881 1758 urbes
923 1688 1193 1780 dispersi
1235 1667 1616 1756 vicentiam
1638 1737 1658 1768 ,
1690 1686 2055 1768 Veronam,
2081 1685 2477 1767 Bononiam,
2519 1697 2592 1751 et
2634 1684 2860 1751 Derto-
2912 1691 2913 1700 ’

684 1830 842 1873 nam
888 1828 1280 1874 concessere.
1324 1803 1579 1873 Eorum
1626 1789 1848 1871 o'mnia
1892 1801 2166 1869 castella
2209 1804 2498 1883 incensa,
2546 1812 2615 1867 et
2664 1800 2863 1878 aedes,

685 1921 807 1988 ubi
875 1935 1105 2011 postea
1149 1921 1433 1988 Senatus
1478 1918 1815 1987 Palatium
1885 1930 1986 1985 est
2048 1893 2470 1986 aedificatum
2487 1966 2509 1999 ,
2555 1938 2859 1985 concursu
2912 1979 2913 1982 ,

689 2036 925 2127 populi
969 2037 1218 2121 dirutas
1261 2033 1467 2103 fuisse
1513 2033 1768 2102 ferunt.
1818 2110 1851 2142 ·
2912 2115 2913 2124 ἵ

820 2152 1096 2220 Interim
1143 2152 1451 2220 adversus
1497 2149 1854 2219 Saracenos
1896 2153 1972 2218 in
2015 2150 2242 2222 Africa
2286 2149 2677 2218 Ludovieus
2722 2146 2860 2216 Gal·
2912 2159 2913 2162 ’

686 2268 906 2337 lorum
949 2292 1071 2335 rex
1113 2280 1377 2335 strenue
1430 2265 1694 2333 bellum
1759 2285 1986 2356 gerens
2030 2267 2309 2334 Tunetis
2360 2279 2632 2356 portum
2652 2317 2675 2347 ,
2716 2264 2859 2335 olim

685 2384 1103 2473 Carthaginis
1166 2382 1615 2473 appellatum,
1659 2393 1970 2472 ceperat,
2013 2383 2126 2450 sed
2181 2393 2506 2450 crescente
2570 2392 2863 2448 caumate

685 2500 840 2588 julii
885 2524 1107 2567 mense
1174 2524 1261 2566 ex
1325 2499 1494 2568 coeli
1553 2499 1784 2568 ardore
1829 2510 2169 2568 contracto
2213 2500 2446 2578 morbo
2491 2499 2860 2565 decesserat.

566 2674 570 2678 .
686 2617 1040 2707 Philippus
1084 2619 1239 2685 Pius
1284 2618 1574 2707 parentis
1607 2639 1748 2685 ossa
1775 2619 1845 2684 in
1879 2615 2174 2684 Galliam
2207 2616 2537 2684 relaturus
2580 2615 2862 2705 sequenti

688 2751 862 2803 anno
906 2758 1207 2801 Mccnxxr
1252 2758 1368 2824 per
1413 2713 1651 2801 urbem
1697 2745 1990 2802 nostram
2039 2733 2246 2823 pridie
2300 2730 2610 2800 calendas
2650 2729 2862 2820 aprilis

570 2943 574 2948 ,
684 2855 810 2919 iter
854 2850 1127 2932 habuit,
1172 2853 1292 2919 etsi
1335 2853 1404 2918 in
1454 2875 1782 2919 annorum
1843 2874 2119 2919 numero
2163 2852 2330 2917 varii
2392 2854 2735 2938 scriptores
2776 2847 2867 2913 di·

688 2991 876 3036 versa
942 2972 1290 3038 sentiunt.·
1331 2967 1655 3059 Ugolinus
1723 2967 2137 3057 Savignanus
2206 2968 2600 3048 Mutinensis
2668 2971 2861 3057 primo

688 3088 981 3151 semestri
1028 3086 1205 3173 apud
1243 3108 1363 3151 nos
1394 3085 1662 3152 Praetor
1690 3088 1754 3151 ei
1786 3108 1945 3151 cum
1976 3083 2228 3150 Senatu
2275 3083 2544 3152 obviam
2572 3095 2859 3172 'egressus

690 3193 777 3264 ad
822 3201 1113 3286 episcopi
1181 3197 1510 3285 palatium
1556 3198 1966 3265 diversurum
2011 3198 2321 3265 deduxit.
2366 3198 2444 3265 In
2468 3197 2681 3264 'aliud
2727 3220 2862 3266 vero

688 3324 996 3380 semestre
1042 3325 1417 3400 praeturam
1463 3314 1657 3379 inivit
1688 3313 1910 3401 Degus
1942 3313 2392 3410 Cancellarius
2437 3313 2859 3390 Pistoriensis,

644 3422 650 3426 ’
692 3432 812 3519 qui
840 3427 1099 3496 decreto
1145 3436 1407 3495 senatus
1451 3451 1528 3494 xt
1572 3427 1899 3497 calendas'
1926 3435 2222 3521 augusti,
2252 3430 2334 3498 ad
2366 3432 2860 3521 expugnandam

690 3545 1075 3613 Crevariam
1119 3568 1161 3611 a
1205 3534 1614 3613 Caesarianis
1656 3546 1868 3635 Regio
1911 3531 2353 3615 exulantibus*
2393 3547 2745 3615 detentam
2782 3554 2862 3612 est

687 3660 1045 3753 profectus.
1078 3662 1231 3730 Situ
1262 3674 1331 3730 et
1359 3660 1858 3732 defendentium
1890 3663 2322 3732 multitudine
2353 3668 2858 3732 munitissimum

694 3790 839 3845 erat
903 3778 1295 3880 castellum,
1340 3781 1411 3846 in
1455 3780 1638 3869 quod
1690 3780 1964 3871 plurimi
2009 3780 2335 3849 Gibellini
2399 3784 2693 3870 nominis
2762 3779 2861 3849 viri
2912 3847 2913 3854 χ

680 3894 924 3985 Regio,
964 3897 1337 3987 Parmaque
1380 3897 1579 3983 ejecti
1623 3922 1779 3966 cum
1825 3924 1959 3970 uno
1995 3908 2082 3975 ex
2107 3896 2260 3969 filiis
2288 3900 2539 3979 Jacobi
2560 3924 2603 3969 a
2631 3894 2863 3968 Paluda

770 4145 853 4216 (t)
885 4146 951 4198 In
985 4147 1065 4200 tit.
1099 4147 1163 4201 de
1194 4145 1368 4226 advoc·
1403 4148 1486 4200 ub.
1509 4154 1627 4235 sup.
