<?xml version="1.0" encoding="UTF-8"?>
<!DOCTYPE html PUBLIC "-//W3C//DTD XHTML 1.0 Transitional//EN"
    "http://www.w3.org/TR/xhtml1/DTD/xhtml1-transitional.dtd">
<html xmlns="http://www.w3.org/1999/xhtml" xml:lang="en" lang="en">
 <head>
  <title>
</title>
<meta http-equiv="Content-Type" content="text/html;charset=utf-8" />
  <meta name='ocr-system' content='tesseract 3.04.00' />
  <meta name='ocr-capabilities' content='ocr_page ocr_carea ocr_par ocr_line ocrx_word'/>
</head>
<body>
  <div class='ocr_page' id='page_1' title='image "./rerumhistoricar00unkngoog_0379.png"; bbox 0 0 2950 5017; ppageno 0'>
   <div class='ocr_carea' id='block_1_1' title="bbox 925 407 2291 482">
    <p class='ocr_par' dir='ltr' id='par_1_1' title="bbox 925 407 2291 482">
     <span class='ocr_line' id='line_1_1' title="bbox 925 407 2291 482; baseline 0.007 -13"><span class='ocrx_word' id='word_1_1' title='bbox 925 421 1128 470; x_wconf 69' lang='lat' dir='ltr'><strong>mann</strong></span> <span class='ocrx_word' id='word_1_2' title='bbox 1172 422 1466 482; x_wconf 66' lang='lat' dir='ltr'><strong>curm-us</strong></span> <span class='ocrx_word' id='word_1_3' title='bbox 2161 407 2291 478; x_wconf 78' lang='lat'><strong>365</strong></span> 
     </span>
    </p>
   </div>
   <div class='ocr_carea' id='block_1_2' title="bbox 71 529 2298 4018">
    <p class='ocr_par' dir='ltr' id='par_1_2' title="bbox 72 529 2295 3183">
     <span class='ocr_line' id='line_1_2' title="bbox 74 529 2291 637; baseline 0.003 -25"><span class='ocrx_word' id='word_1_4' title='bbox 74 542 373 624; x_wconf 67' lang='lat' dir='ltr'><strong>Han-titis,</strong></span> <span class='ocrx_word' id='word_1_5' title='bbox 406 564 595 634; x_wconf 82' lang='lat' dir='ltr'><strong>quae</strong></span> <span class='ocrx_word' id='word_1_6' title='bbox 622 565 877 634; x_wconf 85' lang='lat' dir='ltr'><strong>paucae</strong></span> <span class='ocrx_word' id='word_1_7' title='bbox 904 557 1118 629; x_wconf 88' lang='lat' dir='ltr'><strong>erant,</strong></span> <span class='ocrx_word' id='word_1_8' title='bbox 1145 546 1550 617; x_wconf 78' lang='lat' dir='ltr'><strong>coenobium</strong></span> <span class='ocrx_word' id='word_1_9' title='bbox 1596 529 2088 637; x_wconf 72' lang='lat' dir='ltr'><strong>permutarunt.</strong></span> <span class='ocrx_word' id='word_1_10' title='bbox 2134 547 2291 633; x_wconf 82' lang='lat' dir='ltr'><strong>Quo</strong></span> 
     </span>
     <span class='ocr_line' id='line_1_3' title="bbox 74 658 2291 755; baseline 0.004 -29"><span class='ocrx_word' id='word_1_11' title='bbox 74 671 359 749; x_wconf 72' lang='lat' dir='ltr'><strong>tempore</strong></span> <span class='ocrx_word' id='word_1_12' title='bbox 393 658 715 750; x_wconf 82' lang='lat' dir='ltr'><strong>Copriaci</strong></span> <span class='ocrx_word' id='word_1_13' title='bbox 743 659 1029 730; x_wconf 87' lang='lat' dir='ltr'><strong>dominis</strong></span> <span class='ocrx_word' id='word_1_14' title='bbox 1070 662 1159 730; x_wconf 87' lang='lat' dir='ltr'><strong>de</strong></span> <span class='ocrx_word' id='word_1_15' title='bbox 1201 660 1452 731; x_wconf 89' lang='lat' dir='ltr'><strong>finibus</strong></span> <span class='ocrx_word' id='word_1_16' title='bbox 1480 685 1639 730; x_wconf 88' lang='lat' dir='ltr'><strong>cum</strong></span> <span class='ocrx_word' id='word_1_17' title='bbox 1668 662 2104 755; x_wconf 80' lang='lat' dir='ltr'><strong>Regiensibus</strong></span> <span class='ocrx_word' id='word_1_18' title='bbox 2133 686 2291 733; x_wconf 91' lang='lat' dir='ltr'><strong>con·</strong></span> 
     </span>
     <span class='ocr_line' id='line_1_4' title="bbox 74 776 2293 872; baseline 0.004 -30"><span class='ocrx_word' id='word_1_19' title='bbox 74 776 534 859; x_wconf 71' lang='lat' dir='ltr'><strong>tendentibus,</strong></span> <span class='ocrx_word' id='word_1_20' title='bbox 577 777 878 869; x_wconf 75' lang='lat' dir='ltr'><strong>Baptista</strong></span> <span class='ocrx_word' id='word_1_21' title='bbox 944 802 985 848; x_wconf 93' lang='lat' dir='ltr'><strong>a</strong></span> <span class='ocrx_word' id='word_1_22' title='bbox 1052 778 1303 871; x_wconf 75' lang='lat' dir='ltr'><strong>caligis</strong></span> <span class='ocrx_word' id='word_1_23' title='bbox 1373 777 1786 871; x_wconf 80' lang='lat' dir='ltr'><strong>praefectus,</strong></span> <span class='ocrx_word' id='word_1_24' title='bbox 1841 792 1912 849; x_wconf 87' lang='lat' dir='ltr'><strong>et</strong></span> <span class='ocrx_word' id='word_1_25' title='bbox 1965 780 2293 872; x_wconf 80' lang='lat' dir='ltr'><strong>Georgius</strong></span> 
     </span>
     <span class='ocr_line' id='line_1_5' title="bbox 72 883 2289 988; baseline 0.003 -30"><span class='ocrx_word' id='word_1_26' title='bbox 72 889 338 982; x_wconf 83' lang='lat' dir='ltr'><strong>Spinola</strong></span> <span class='ocrx_word' id='word_1_27' title='bbox 385 883 703 976; x_wconf 79' lang='lat' dir='ltr'><strong>Praetor,</strong></span> <span class='ocrx_word' id='word_1_28' title='bbox 744 894 1247 987; x_wconf 81' lang='lat' dir='ltr'><strong>Rainaldusque</strong></span> <span class='ocrx_word' id='word_1_29' title='bbox 1297 893 1798 988; x_wconf 80' lang='lat' dir='ltr'><strong>Mediaprillus,</strong></span> <span class='ocrx_word' id='word_1_30' title='bbox 1839 896 2033 984; x_wconf 78' lang='lat' dir='ltr'><strong>jussu</strong></span> <span class='ocrx_word' id='word_1_31' title='bbox 2070 896 2289 967; x_wconf 86' lang='lat' dir='ltr'><strong>Borsii</strong></span> 
     </span>
     <span class='ocr_line' id='line_1_6' title="bbox 72 1008 2287 1094; baseline 0.004 -19"><span class='ocrx_word' id='word_1_32' title='bbox 72 1008 200 1077; x_wconf 86' lang='lat' dir='ltr'><strong>lata</strong></span> <span class='ocrx_word' id='word_1_33' title='bbox 226 1013 601 1094; x_wconf 81' lang='lat' dir='ltr'><strong>sententia,</strong></span> <span class='ocrx_word' id='word_1_34' title='bbox 623 1015 1135 1082; x_wconf 80' lang='lat' dir='ltr'><strong>controversiam</strong></span> <span class='ocrx_word' id='word_1_35' title='bbox 1155 1012 1579 1084; x_wconf 84' lang='lat' dir='ltr'><strong>dirimemnt.</strong></span> <span class='ocrx_word' id='word_1_36' title='bbox 1612 1013 1869 1082; x_wconf 89' lang='lat' dir='ltr'><strong>Verum</strong></span> <span class='ocrx_word' id='word_1_37' title='bbox 1900 1037 2034 1083; x_wconf 92' lang='lat' dir='ltr'><strong>non</strong></span> <span class='ocrx_word' id='word_1_38' title='bbox 2065 1013 2287 1084; x_wconf 81' lang='lat' dir='ltr'><strong>multo</strong></span> 
     </span>
     <span class='ocr_line' id='line_1_7' title="bbox 72 1105 2293 1220; baseline 0.003 -28"><span class='ocrx_word' id='word_1_39' title='bbox 72 1136 210 1214; x_wconf 81' lang='lat' dir='ltr'><strong>post</strong></span> <span class='ocrx_word' id='word_1_40' title='bbox 250 1124 624 1194; x_wconf 86' lang='lat' dir='ltr'><strong>castellum</strong></span> <span class='ocrx_word' id='word_1_41' title='bbox 666 1127 839 1196; x_wconf 88' lang='lat' dir='ltr'><strong>illud</strong></span> <span class='ocrx_word' id='word_1_42' title='bbox 882 1151 1042 1196; x_wconf 87' lang='lat' dir='ltr'><strong>cum</strong></span> <span class='ocrx_word' id='word_1_43' title='bbox 1087 1126 1462 1198; x_wconf 82' lang='lat' dir='ltr'><strong>latifundiis</strong></span> <span class='ocrx_word' id='word_1_44' title='bbox 1490 1130 1562 1197; x_wconf 88' lang='lat' dir='ltr'><strong>in</strong></span> <span class='ocrx_word' id='word_1_45' title='bbox 1590 1127 2030 1220; x_wconf 72' lang='lat' dir='ltr'><strong>calcagninus</strong></span> <span class='ocrx_word' id='word_1_46' title='bbox 2044 1145 2061 1168; x_wconf 43' lang='lat'><strong>2</strong></span> <span class='ocrx_word' id='word_1_47' title='bbox 2076 1105 2293 1198; x_wconf 81' lang='lat' dir='ltr'><strong>trans-</strong></span> 
     </span>
     <span class='ocr_line' id='line_1_8' title="bbox 72 1237 2280 1336; baseline 0.003 -31"><span class='ocrx_word' id='word_1_48' title='bbox 72 1237 274 1307; x_wconf 87' lang='lat' dir='ltr'><strong>latum</strong></span> <span class='ocrx_word' id='word_1_49' title='bbox 318 1238 494 1309; x_wconf 85' lang='lat' dir='ltr'><strong>fuit.</strong></span> <span class='ocrx_word' id='word_1_50' title='bbox 543 1242 702 1311; x_wconf 86' lang='lat' dir='ltr'><strong>Post</strong></span> <span class='ocrx_word' id='word_1_51' title='bbox 746 1242 915 1311; x_wconf 90' lang='lat' dir='ltr'><strong>haec</strong></span> <span class='ocrx_word' id='word_1_52' title='bbox 955 1267 1133 1314; x_wconf 83' lang='lat' dir='ltr'><strong>nova</strong></span> <span class='ocrx_word' id='word_1_53' title='bbox 1178 1242 1613 1313; x_wconf 76' lang='lat' dir='ltr'><strong>molientibus</strong></span> <span class='ocrx_word' id='word_1_54' title='bbox 1655 1241 1957 1336; x_wconf 77' lang='lat' dir='ltr'><strong>finitimis</strong></span> <span class='ocrx_word' id='word_1_55' title='bbox 2001 1256 2280 1334; x_wconf 89' lang='lat' dir='ltr'><strong>ceptum</strong></span> 
     </span>
     <span class='ocr_line' id='line_1_9' title="bbox 72 1353 2294 1444; baseline 0.003 -23"><span class='ocrx_word' id='word_1_56' title='bbox 72 1353 310 1425; x_wconf 83' lang='lat' dir='ltr'><strong>bellum</strong></span> <span class='ocrx_word' id='word_1_57' title='bbox 357 1354 645 1425; x_wconf 84' lang='lat' dir='ltr'><strong>felicem</strong></span> <span class='ocrx_word' id='word_1_58' title='bbox 697 1361 960 1430; x_wconf 74' lang='lat' dir='ltr'><strong>exitum</strong></span> <span class='ocrx_word' id='word_1_59' title='bbox 1023 1358 1297 1427; x_wconf 88' lang='lat' dir='ltr'><strong>habuit.</strong></span> <span class='ocrx_word' id='word_1_60' title='bbox 1341 1358 1695 1444; x_wconf 77' lang='lat' dir='ltr'><strong>Quaedam</strong></span> <span class='ocrx_word' id='word_1_61' title='bbox 1746 1361 1927 1428; x_wconf 87' lang='lat' dir='ltr'><strong>enim</strong></span> <span class='ocrx_word' id='word_1_62' title='bbox 1977 1357 2294 1441; x_wconf 84' lang='lat' dir='ltr'><strong>castella,</strong></span> 
     </span>
     <span class='ocr_line' id='line_1_10' title="bbox 72 1471 2292 1563; baseline 0.002 -24"><span class='ocrx_word' id='word_1_63' title='bbox 72 1493 230 1561; x_wconf 81' lang='lat' dir='ltr'><strong>quae</strong></span> <span class='ocrx_word' id='word_1_64' title='bbox 273 1474 344 1541; x_wconf 90' lang='lat' dir='ltr'><strong>in</strong></span> <span class='ocrx_word' id='word_1_65' title='bbox 391 1471 807 1563; x_wconf 83' lang='lat' dir='ltr'><strong>Carfignana</strong></span> <span class='ocrx_word' id='word_1_66' title='bbox 849 1475 939 1543; x_wconf 91' lang='lat' dir='ltr'><strong>ab</strong></span> <span class='ocrx_word' id='word_1_67' title='bbox 983 1475 1306 1544; x_wconf 80' lang='lat' dir='ltr'><strong>Atestinis</strong></span> <span class='ocrx_word' id='word_1_68' title='bbox 1348 1473 1756 1558; x_wconf 70' lang='lat' dir='ltr'><strong>defecerant,</strong></span> <span class='ocrx_word' id='word_1_69' title='bbox 1802 1474 2292 1544; x_wconf 72' lang='lat' dir='ltr'><strong>mutinensium</strong></span> 
     </span>
     <span class='ocr_line' id='line_1_11' title="bbox 76 1586 2287 1683; baseline 0.003 -29"><span class='ocrx_word' id='word_1_70' title='bbox 76 1586 640 1682; x_wconf 82' lang='lat' dir='ltr'><strong>Regiensiumque</strong></span> <span class='ocrx_word' id='word_1_71' title='bbox 708 1593 908 1659; x_wconf 87' lang='lat' dir='ltr'><strong>armis</strong></span> <span class='ocrx_word' id='word_1_72' title='bbox 975 1594 1155 1661; x_wconf 86' lang='lat' dir='ltr'><strong>intra</strong></span> <span class='ocrx_word' id='word_1_73' title='bbox 1222 1614 1473 1683; x_wconf 86' lang='lat' dir='ltr'><strong>paucos</strong></span> <span class='ocrx_word' id='word_1_74' title='bbox 1525 1591 1679 1659; x_wconf 70' lang='lat' dir='ltr'><strong>dies</strong></span> <span class='ocrx_word' id='word_1_75' title='bbox 1743 1603 2009 1682; x_wconf 85' lang='lat' dir='ltr'><strong>recepta</strong></span> <span class='ocrx_word' id='word_1_76' title='bbox 2074 1589 2287 1672; x_wconf 78' lang='lat' dir='ltr'><strong>fuere.</strong></span> 
     </span>
     <span class='ocr_line' id='line_1_12' title="bbox 75 1703 2295 1799; baseline 0.001 -26"><span class='ocrx_word' id='word_1_77' title='bbox 75 1703 339 1795; x_wconf 81' lang='lat' dir='ltr'><strong>Corrigii</strong></span> <span class='ocrx_word' id='word_1_78' title='bbox 381 1730 673 1799; x_wconf 83' lang='lat' dir='ltr'><strong>quoque</strong></span> <span class='ocrx_word' id='word_1_79' title='bbox 709 1719 914 1799; x_wconf 80' lang='lat' dir='ltr'><strong>‘capto</strong></span> <span class='ocrx_word' id='word_1_80' title='bbox 958 1706 1221 1799; x_wconf 87' lang='lat' dir='ltr'><strong>Popilio</strong></span> <span class='ocrx_word' id='word_1_81' title='bbox 1286 1721 1505 1778; x_wconf 85' lang='lat' dir='ltr'><strong>castro</strong></span> <span class='ocrx_word' id='word_1_82' title='bbox 1570 1719 1983 1799; x_wconf 85' lang='lat' dir='ltr'><strong>acceptaque</strong></span> <span class='ocrx_word' id='word_1_83' title='bbox 2035 1708 2125 1775; x_wconf 88' lang='lat' dir='ltr'><strong>ab</strong></span> <span class='ocrx_word' id='word_1_84' title='bbox 2171 1707 2295 1776; x_wconf 80' lang='lat' dir='ltr'><strong>Al-</strong></span> 
     </span>
     <span class='ocr_line' id='line_1_13' title="bbox 79 1817 2292 1918; baseline 0.003 -33"><span class='ocrx_word' id='word_1_85' title='bbox 79 1817 246 1892; x_wconf 82' lang='lat' dir='ltr'><strong>sonso</strong></span> <span class='ocrx_word' id='word_1_86' title='bbox 273 1823 621 1918; x_wconf 53' lang='lat' dir='ltr'><strong>Aragfflio</strong></span> <span class='ocrx_word' id='word_1_87' title='bbox 666 1826 949 1915; x_wconf 90' lang='lat' dir='ltr'><strong>pecunia</strong></span> <span class='ocrx_word' id='word_1_88' title='bbox 995 1846 1111 1914; x_wconf 92' lang='lat' dir='ltr'><strong>per</strong></span> <span class='ocrx_word' id='word_1_89' title='bbox 1147 1823 1498 1892; x_wconf 85' lang='lat' dir='ltr'><strong>biennium</strong></span> <span class='ocrx_word' id='word_1_90' title='bbox 1526 1823 1840 1891; x_wconf 87' lang='lat' dir='ltr'><strong>Parmam</strong></span> <span class='ocrx_word' id='word_1_91' title='bbox 1866 1822 2053 1892; x_wconf 87' lang='lat' dir='ltr'><strong>bello</strong></span> <span class='ocrx_word' id='word_1_92' title='bbox 2083 1845 2292 1892; x_wconf 81' lang='lat' dir='ltr'><strong>vexa-</strong></span> 
     </span>
     <span class='ocr_line' id='line_1_14' title="bbox 85 1936 2285 2031; baseline 0.002 -28"><span class='ocrx_word' id='word_1_93' title='bbox 85 1948 243 2004; x_wconf 84' lang='lat' dir='ltr'><strong>runt.</strong></span> <span class='ocrx_word' id='word_1_94' title='bbox 287 1936 422 2006; x_wconf 85' lang='lat' dir='ltr'><strong>Sed</strong></span> <span class='ocrx_word' id='word_1_95' title='bbox 467 1962 639 2030; x_wconf 88' lang='lat' dir='ltr'><strong>pace</strong></span> <span class='ocrx_word' id='word_1_96' title='bbox 681 1943 752 2008; x_wconf 92' lang='lat' dir='ltr'><strong>in</strong></span> <span class='ocrx_word' id='word_1_97' title='bbox 796 1961 1006 2031; x_wconf 84' lang='lat' dir='ltr'><strong>quam</strong></span> <span class='ocrx_word' id='word_1_98' title='bbox 1053 1941 1257 2007; x_wconf 90' lang='lat' dir='ltr'><strong>etiam</strong></span> <span class='ocrx_word' id='word_1_99' title='bbox 1301 1938 1570 2009; x_wconf 87' lang='lat' dir='ltr'><strong>Borsius</strong></span> <span class='ocrx_word' id='word_1_100' title='bbox 1611 1951 1714 2008; x_wconf 87' lang='lat' dir='ltr'><strong>est</strong></span> <span class='ocrx_word' id='word_1_101' title='bbox 1756 1951 2059 2030; x_wconf 85' lang='lat' dir='ltr'><strong>receptus</strong></span> <span class='ocrx_word' id='word_1_102' title='bbox 2101 1941 2285 2008; x_wconf 90' lang='lat' dir='ltr'><strong>inter</strong></span> 
     </span>
     <span class='ocr_line' id='line_1_15' title="bbox 84 2050 2284 2147; baseline 0.003 -29"><span class='ocrx_word' id='word_1_103' title='bbox 84 2050 381 2138; x_wconf 81' lang='lat' dir='ltr'><strong>Venetos,</strong></span> <span class='ocrx_word' id='word_1_104' title='bbox 423 2067 500 2124; x_wconf 88' lang='lat' dir='ltr'><strong>et</strong></span> <span class='ocrx_word' id='word_1_105' title='bbox 546 2055 980 2125; x_wconf 83' lang='lat' dir='ltr'><strong>Franciscum</strong></span> <span class='ocrx_word' id='word_1_106' title='bbox 1026 2054 1351 2126; x_wconf 84' lang='lat' dir='ltr'><strong>Sfortiam</strong></span> <span class='ocrx_word' id='word_1_107' title='bbox 1396 2058 1786 2147; x_wconf 72' lang='lat' dir='ltr'><strong>composita,</strong></span> <span class='ocrx_word' id='word_1_108' title='bbox 1806 2055 2165 2147; x_wconf 75' lang='lat' dir='ltr'><strong>‚quidquid</strong></span> <span class='ocrx_word' id='word_1_109' title='bbox 2207 2058 2284 2126; x_wconf 90' lang='lat' dir='ltr'><strong>in</strong></span> 
     </span>
     <span class='ocr_line' id='line_1_16' title="bbox 86 2166 2292 2264; baseline 0.002 -30"><span class='ocrx_word' id='word_1_110' title='bbox 86 2166 396 2239; x_wconf 88' lang='lat' dir='ltr'><strong>Parmensi</strong></span> <span class='ocrx_word' id='word_1_111' title='bbox 443 2184 943 2264; x_wconf 83' lang='lat' dir='ltr'><strong>occupaverant</strong></span> <span class='ocrx_word' id='word_1_112' title='bbox 986 2171 1443 2242; x_wconf 87' lang='lat' dir='ltr'><strong>restituerunt.</strong></span> <span class='ocrx_word' id='word_1_113' title='bbox 1496 2173 1622 2240; x_wconf 85' lang='lat' dir='ltr'><strong>His</strong></span> <span class='ocrx_word' id='word_1_114' title='bbox 1677 2175 1844 2240; x_wconf 85' lang='lat' dir='ltr'><strong>actis</strong></span> <span class='ocrx_word' id='word_1_115' title='bbox 1898 2169 2153 2263; x_wconf 79' lang='lat' dir='ltr'><strong>Ugutio</strong></span> <span class='ocrx_word' id='word_1_116' title='bbox 2198 2172 2292 2239; x_wconf 72' lang='lat' dir='ltr'><strong>ab</strong></span> 
     </span>
     <span class='ocr_line' id='line_1_17' title="bbox 90 2282 2287 2380; baseline 0.003 -30"><span class='ocrx_word' id='word_1_117' title='bbox 90 2282 344 2369; x_wconf 72' lang='lat' dir='ltr'><strong>Abatia,</strong></span> <span class='ocrx_word' id='word_1_118' title='bbox 386 2292 511 2380; x_wconf 90' lang='lat' dir='ltr'><strong>qui</strong></span> <span class='ocrx_word' id='word_1_119' title='bbox 561 2291 636 2357; x_wconf 90' lang='lat' dir='ltr'><strong>in</strong></span> <span class='ocrx_word' id='word_1_120' title='bbox 680 2290 889 2359; x_wconf 90' lang='lat' dir='ltr'><strong>Borsii</strong></span> <span class='ocrx_word' id='word_1_121' title='bbox 934 2288 1212 2360; x_wconf 82' lang='lat' dir='ltr'><strong>consilio</strong></span> <span class='ocrx_word' id='word_1_122' title='bbox 1254 2300 1431 2372; x_wconf 87' lang='lat' dir='ltr'><strong>erat,</strong></span> <span class='ocrx_word' id='word_1_123' title='bbox 1477 2288 1726 2358; x_wconf 84' lang='lat' dir='ltr'><strong>arbiter</strong></span> <span class='ocrx_word' id='word_1_124' title='bbox 1767 2286 2019 2356; x_wconf 86' lang='lat' dir='ltr'><strong>electus</strong></span> <span class='ocrx_word' id='word_1_125' title='bbox 2064 2286 2287 2356; x_wconf 87' lang='lat' dir='ltr'><strong>canali</strong></span> 
     </span>
     <span class='ocr_line' id='line_1_18' title="bbox 90 2402 2286 2497; baseline 0.002 -30"><span class='ocrx_word' id='word_1_126' title='bbox 90 2402 250 2488; x_wconf 86' lang='lat' dir='ltr'><strong>quod</strong></span> <span class='ocrx_word' id='word_1_127' title='bbox 279 2403 361 2470; x_wconf 87' lang='lat' dir='ltr'><strong>ad</strong></span> <span class='ocrx_word' id='word_1_128' title='bbox 391 2404 629 2474; x_wconf 86' lang='lat' dir='ltr'><strong>Herba</strong></span> <span class='ocrx_word' id='word_1_129' title='bbox 672 2411 918 2475; x_wconf 80' lang='lat' dir='ltr'><strong>vocarit</strong></span> <span class='ocrx_word' id='word_1_130' title='bbox 962 2429 1082 2497; x_wconf 90' lang='lat' dir='ltr'><strong>pro</strong></span> <span class='ocrx_word' id='word_1_131' title='bbox 1127 2408 1416 2474; x_wconf 87' lang='lat' dir='ltr'><strong>termino</strong></span> <span class='ocrx_word' id='word_1_132' title='bbox 1446 2407 1661 2497; x_wconf 84' lang='lat' dir='ltr'><strong>posito</strong></span> <span class='ocrx_word' id='word_1_133' title='bbox 1688 2404 2018 2487; x_wconf 84' lang='lat' dir='ltr'><strong>Mutinae,</strong></span> <span class='ocrx_word' id='word_1_134' title='bbox 2049 2403 2286 2494; x_wconf 76' lang='lat' dir='ltr'><strong>Carpi,</strong></span> 
     </span>
     <span class='ocr_line' id='line_1_19' title="bbox 96 2501 2287 2615; baseline 0.001 -31"><span class='ocrx_word' id='word_1_135' title='bbox 96 2501 656 2613; x_wconf 77' lang='lat' dir='ltr'><strong>adiacentiumque</strong></span> <span class='ocrx_word' id='word_1_136' title='bbox 686 2523 1108 2615; x_wconf 81' lang='lat' dir='ltr'><strong>oppidorum,</strong></span> <span class='ocrx_word' id='word_1_137' title='bbox 1138 2535 1208 2592; x_wconf 87' lang='lat' dir='ltr'><strong>et</strong></span> <span class='ocrx_word' id='word_1_138' title='bbox 1235 2524 1662 2614; x_wconf 84' lang='lat' dir='ltr'><strong>Regiensium</strong></span> <span class='ocrx_word' id='word_1_139' title='bbox 1680 2520 1858 2589; x_wconf 67' lang='lat' dir='ltr'><strong>‘fines</strong></span> <span class='ocrx_word' id='word_1_140' title='bbox 1887 2519 2287 2602; x_wconf 78' lang='lat' dir='ltr'><strong>declaravit3</strong></span> 
     </span>
     <span class='ocr_line' id='line_1_20' title="bbox 96 2637 2293 2734; baseline 0.001 -34"><span class='ocrx_word' id='word_1_141' title='bbox 96 2656 164 2701; x_wconf 82' lang='lat' dir='ltr'><strong>ac</strong></span> <span class='ocrx_word' id='word_1_142' title='bbox 200 2650 581 2709; x_wconf 87' lang='lat' dir='ltr'><strong>nostrorum</strong></span> <span class='ocrx_word' id='word_1_143' title='bbox 632 2642 884 2709; x_wconf 82' lang='lat' dir='ltr'><strong>civium</strong></span> <span class='ocrx_word' id='word_1_144' title='bbox 946 2640 1217 2734; x_wconf 86' lang='lat' dir='ltr'><strong>praedia</strong></span> <span class='ocrx_word' id='word_1_145' title='bbox 1281 2664 1443 2710; x_wconf 89' lang='lat' dir='ltr'><strong>cum</strong></span> <span class='ocrx_word' id='word_1_146' title='bbox 1512 2637 1814 2731; x_wconf 78' lang='lat' dir='ltr'><strong>agricolis</strong></span> <span class='ocrx_word' id='word_1_147' title='bbox 1878 2640 1951 2706; x_wconf 90' lang='lat' dir='ltr'><strong>in</strong></span> <span class='ocrx_word' id='word_1_148' title='bbox 2007 2637 2293 2728; x_wconf 73' lang='lat' dir='ltr'><strong>Corrigii</strong></span> 
     </span>
     <span class='ocr_line' id='line_1_21' title="bbox 98 2754 2293 2851; baseline 0.001 -30"><span class='ocrx_word' id='word_1_149' title='bbox 98 2756 391 2827; x_wconf 82' lang='lat' dir='ltr'><strong>territorio</strong></span> <span class='ocrx_word' id='word_1_150' title='bbox 456 2761 797 2832; x_wconf 85' lang='lat' dir='ltr'><strong>immunia</strong></span> <span class='ocrx_word' id='word_1_151' title='bbox 860 2783 998 2829; x_wconf 86' lang='lat' dir='ltr'><strong>esse</strong></span> <span class='ocrx_word' id='word_1_152' title='bbox 1063 2759 1585 2851; x_wconf 60' lang='lat' dir='ltr'><strong>pronuntiavit„</strong></span> <span class='ocrx_word' id='word_1_153' title='bbox 1622 2754 1965 2847; x_wconf 85' lang='lat' dir='ltr'><strong>Sequente</strong></span> <span class='ocrx_word' id='word_1_154' title='bbox 2017 2777 2293 2846; x_wconf 85' lang='lat' dir='ltr'><strong>quoque</strong></span> 
     </span>
     <span class='ocr_line' id='line_1_22' title="bbox 101 2871 2293 2971; baseline 0.001 -32"><span class='ocrx_word' id='word_1_155' title='bbox 101 2889 250 2941; x_wconf 70' lang='lat' dir='ltr'><strong>anno</strong></span> <span class='ocrx_word' id='word_1_156' title='bbox 310 2874 754 2968; x_wconf 81' lang='lat' dir='ltr'><strong>Regiensibus</strong></span> <span class='ocrx_word' id='word_1_157' title='bbox 817 2877 906 2946; x_wconf 91' lang='lat' dir='ltr'><strong>ad</strong></span> <span class='ocrx_word' id='word_1_158' title='bbox 970 2876 1296 2971; x_wconf 88' lang='lat' dir='ltr'><strong>pubblica</strong></span> <span class='ocrx_word' id='word_1_159' title='bbox 1369 2875 1719 2966; x_wconf 78' lang='lat' dir='ltr'><strong>gymnasia</strong></span> <span class='ocrx_word' id='word_1_160' title='bbox 1781 2871 2293 2964; x_wconf 86' lang='lat' dir='ltr'><strong>disciplinarum</strong></span> 
     </span>
     <span class='ocr_line' id='line_1_23' title="bbox 99 2989 2294 3162; baseline 0.002 -106"><span class='ocrx_word' id='word_1_161' title='bbox 99 2991 282 3075; x_wconf 85' lang='lat' dir='ltr'><strong>gratia</strong></span> <span class='ocrx_word' id='word_1_162' title='bbox 311 2993 889 3084; x_wconf 83' lang='lat' dir='ltr'><strong>proficiscentibus</strong></span> <span class='ocrx_word' id='word_1_163' title='bbox 932 3016 1054 3085; x_wconf 91' lang='lat' dir='ltr'><strong>pro</strong></span> <span class='ocrx_word' id='word_1_164' title='bbox 1098 2993 1317 3076; x_wconf 85' lang='lat' dir='ltr'><strong>libris,</strong></span> <span class='ocrx_word' id='word_1_165' title='bbox 1345 3006 1417 3061; x_wconf 91' lang='lat' dir='ltr'><strong>et</strong></span> <span class='ocrx_word' id='word_1_166' title='bbox 1444 2990 1746 3062; x_wconf 83' lang='lat' dir='ltr'><strong>vestibus</strong></span> <span class='ocrx_word' id='word_1_167' title='bbox 1788 2994 1862 3060; x_wconf 89' lang='lat' dir='ltr'><strong>in</strong></span> <span class='ocrx_word' id='word_1_168' title='bbox 1908 3013 2065 3162; x_wconf 80' lang='lat' dir='ltr'><strong>agro</strong></span> <span class='ocrx_word' id='word_1_169' title='bbox 2095 2989 2294 3060; x_wconf 77' lang='lat' dir='ltr'><strong>Man-</strong></span> 
     </span>
     <span class='ocr_line' id='line_1_24' title="bbox 103 3108 1388 3216; baseline 0.002 -43"><span class='ocrx_word' id='word_1_170' title='bbox 103 3115 282 3175; x_wconf 82' lang='lat' dir='ltr'><strong>tuano</strong></span> <span class='ocrx_word' id='word_1_171' title='bbox 322 3113 725 3216; x_wconf 84' lang='lat' dir='ltr'><strong>immunitas</strong></span> <span class='ocrx_word' id='word_1_172' title='bbox 768 3134 1079 3183; x_wconf 86' lang='lat' dir='ltr'><strong>concessa</strong></span> <span class='ocrx_word' id='word_1_173' title='bbox 1122 3108 1257 3179; x_wconf 82' lang='lat' dir='ltr'><strong>fuit</strong></span> <span class='ocrx_word' id='word_1_174' title='bbox 1286 3110 1388 3179; x_wconf 78' lang='lat'><strong>(1).</strong></span> 
     </span>
    </p>

    <p class='ocr_par' dir='ltr' id='par_1_3' title="bbox 71 3203 2298 4018">
     <span class='ocr_line' id='line_1_25' title="bbox 71 3203 2294 3319; baseline 0 -29"><span class='ocrx_word' id='word_1_175' title='bbox 71 3263 74 3272; x_wconf 92' lang='lat'><em>·</em></span> <span class='ocrx_word' id='word_1_176' title='bbox 215 3220 354 3292; x_wconf 88' lang='lat' dir='ltr'><strong>Sub</strong></span> <span class='ocrx_word' id='word_1_177' title='bbox 406 3203 477 3295; x_wconf 66' lang='lat' dir='ltr'><strong>iil</strong></span> <span class='ocrx_word' id='word_1_178' title='bbox 534 3240 800 3319; x_wconf 87' lang='lat' dir='ltr'><strong>tempus</strong></span> <span class='ocrx_word' id='word_1_179' title='bbox 845 3225 1125 3298; x_wconf 85' lang='lat' dir='ltr'><strong>Alfonso</strong></span> <span class='ocrx_word' id='word_1_180' title='bbox 1170 3224 1489 3317; x_wconf 86' lang='lat' dir='ltr'><strong>Neapolis</strong></span> <span class='ocrx_word' id='word_1_181' title='bbox 1554 3248 1748 3317; x_wconf 84' lang='lat' dir='ltr'><strong>rege.</strong></span> <span class='ocrx_word' id='word_1_182' title='bbox 1756 3235 2080 3306; x_wconf 89' lang='lat' dir='ltr'><strong>mortuo,</strong></span> <span class='ocrx_word' id='word_1_183' title='bbox 2131 3246 2294 3292; x_wconf 89' lang='lat' dir='ltr'><strong>cum</strong></span> 
     </span>
     <span class='ocr_line' id='line_1_26' title="bbox 104 3333 2297 3432; baseline 0.003 -30"><span class='ocrx_word' id='word_1_184' title='bbox 104 3333 381 3410; x_wconf 74' lang='lat' dir='ltr'><strong>adversus</strong></span> <span class='ocrx_word' id='word_1_185' title='bbox 446 3344 948 3414; x_wconf 87' lang='lat' dir='ltr'><strong>Ferdinandum</strong></span> <span class='ocrx_word' id='word_1_186' title='bbox 1016 3343 1163 3431; x_wconf 87' lang='lat' dir='ltr'><strong>ejus</strong></span> <span class='ocrx_word' id='word_1_187' title='bbox 1229 3342 1447 3410; x_wconf 89' lang='lat' dir='ltr'><strong>filium</strong></span> <span class='ocrx_word' id='word_1_188' title='bbox 1494 3341 1770 3410; x_wconf 87' lang='lat' dir='ltr'><strong>Tarenti</strong></span> <span class='ocrx_word' id='word_1_189' title='bbox 1839 3341 2153 3432; x_wconf 80' lang='lat' dir='ltr'><strong>Princeps</strong></span> <span class='ocrx_word' id='word_1_190' title='bbox 2222 3350 2297 3408; x_wconf 85' lang='lat' dir='ltr'><strong>et</strong></span> 
     </span>
     <span class='ocr_line' id='line_1_27' title="bbox 106 3448 2296 3551; baseline 0.001 -30"><span class='ocrx_word' id='word_1_191' title='bbox 106 3448 247 3521; x_wconf 87' lang='lat' dir='ltr'><strong>Dux</strong></span> <span class='ocrx_word' id='word_1_192' title='bbox 295 3455 575 3530; x_wconf 66' lang='lat' dir='ltr'><strong>Sumne</strong></span> <span class='ocrx_word' id='word_1_193' title='bbox 643 3460 730 3529; x_wconf 87' lang='lat' dir='ltr'><strong>ad</strong></span> <span class='ocrx_word' id='word_1_194' title='bbox 793 3460 1120 3538; x_wconf 76' lang='lat' dir='ltr'><strong>Ioannem</strong></span> <span class='ocrx_word' id='word_1_195' title='bbox 1167 3459 1715 3551; x_wconf 82' lang='lat' dir='ltr'><strong>Andegavensem</strong></span> <span class='ocrx_word' id='word_1_196' title='bbox 1769 3456 2053 3526; x_wconf 86' lang='lat' dir='ltr'><strong>Gallum</strong></span> <span class='ocrx_word' id='word_1_197' title='bbox 2118 3455 2296 3526; x_wconf 87' lang='lat' dir='ltr'><strong>illud</strong></span> 
     </span>
     <span class='ocr_line' id='line_1_28' title="bbox 107 3573 2295 3666; baseline 0 -25"><span class='ocrx_word' id='word_1_198' title='bbox 107 3589 352 3658; x_wconf 63' lang='lat' dir='ltr'><strong>regnum</strong></span> <span class='ocrx_word' id='word_1_199' title='bbox 417 3576 874 3647; x_wconf 81' lang='lat' dir='ltr'><strong>vindicantem</strong></span> <span class='ocrx_word' id='word_1_200' title='bbox 925 3576 1344 3657; x_wconf 76' lang='lat' dir='ltr'><strong>defecissent,</strong></span> <span class='ocrx_word' id='word_1_201' title='bbox 1390 3577 1657 3645; x_wconf 88' lang='lat' dir='ltr'><strong>Borsius</strong></span> <span class='ocrx_word' id='word_1_202' title='bbox 1710 3573 2075 3666; x_wconf 83' lang='lat' dir='ltr'><strong>Neapolim</strong></span> <span class='ocrx_word' id='word_1_203' title='bbox 2123 3574 2295 3641; x_wconf 86' lang='lat' dir='ltr'><strong>Her-</strong></span> 
     </span>
     <span class='ocr_line' id='line_1_29' title="bbox 112 3683 2298 3785; baseline 0 -29"><span class='ocrx_word' id='word_1_204' title='bbox 112 3683 306 3756; x_wconf 81' lang='lat' dir='ltr'><strong>culem</strong></span> <span class='ocrx_word' id='word_1_205' title='bbox 348 3689 622 3763; x_wconf 82' lang='lat' dir='ltr'><strong>fratrem</strong></span> <span class='ocrx_word' id='word_1_206' title='bbox 668 3717 756 3762; x_wconf 82' lang='lat' dir='ltr'><strong>ex</strong></span> <span class='ocrx_word' id='word_1_207' title='bbox 797 3692 1103 3785; x_wconf 84' lang='lat' dir='ltr'><strong>legitimo</strong></span> <span class='ocrx_word' id='word_1_208' title='bbox 1148 3693 1344 3764; x_wconf 82' lang='lat' dir='ltr'><strong>thoro</strong></span> <span class='ocrx_word' id='word_1_209' title='bbox 1387 3705 1629 3761; x_wconf 81' lang='lat' dir='ltr'><strong>natum</strong></span> <span class='ocrx_word' id='word_1_210' title='bbox 1664 3691 1754 3759; x_wconf 87' lang='lat' dir='ltr'><strong>ad</strong></span> <span class='ocrx_word' id='word_1_211' title='bbox 1783 3688 2145 3760; x_wconf 81' lang='lat' dir='ltr'><strong>Alfonsnm</strong></span> <span class='ocrx_word' id='word_1_212' title='bbox 2188 3711 2298 3756; x_wconf 76' lang='lat' dir='ltr'><strong>re·</strong></span> 
     </span>
     <span class='ocr_line' id='line_1_30' title="bbox 111 3804 2296 3900; baseline -0.006 -13"><span class='ocrx_word' id='word_1_213' title='bbox 111 3818 240 3887; x_wconf 67' lang='lat'><strong>80¹³</strong></span> <span class='ocrx_word' id='word_1_214' title='bbox 279 3807 601 3900; x_wconf 73' lang='lat' dir='ltr'><strong>stipendio</strong></span> <span class='ocrx_word' id='word_1_215' title='bbox 644 3811 1095 3882; x_wconf 87' lang='lat' dir='ltr'><strong>militaturum</strong></span> <span class='ocrx_word' id='word_1_216' title='bbox 1127 3812 1418 3880; x_wconf 85' lang='lat' dir='ltr'><strong>miserat.</strong></span> <span class='ocrx_word' id='word_1_217' title='bbox 1460 3807 1808 3880; x_wconf 81' lang='lat' dir='ltr'><strong>Sexcentis</strong></span> <span class='ocrx_word' id='word_1_218' title='bbox 1835 3804 2296 3898; x_wconf 76' lang='lat' dir='ltr'><strong>cataphractis</strong></span> 
     </span>
     <span class='ocr_line' id='line_1_31' title="bbox 114 3917 2294 4018; baseline 0.003 -34"><span class='ocrx_word' id='word_1_219' title='bbox 114 3917 455 4002; x_wconf 80' lang='lat' dir='ltr'><strong>praefectus</strong></span> <span class='ocrx_word' id='word_1_220' title='bbox 496 3929 568 3997; x_wconf 89' lang='lat' dir='ltr'><strong>in</strong></span> <span class='ocrx_word' id='word_1_221' title='bbox 611 3950 877 4000; x_wconf 85' lang='lat' dir='ltr'><strong>summa</strong></span> <span class='ocrx_word' id='word_1_222' title='bbox 921 3926 1101 4018; x_wconf 86' lang='lat' dir='ltr'><strong>apud</strong></span> <span class='ocrx_word' id='word_1_223' title='bbox 1142 3948 1302 3996; x_wconf 88' lang='lat' dir='ltr'><strong>eum</strong></span> <span class='ocrx_word' id='word_1_224' title='bbox 1332 3927 1732 3994; x_wconf 85' lang='lat' dir='ltr'><strong>auctoritate</strong></span> <span class='ocrx_word' id='word_1_225' title='bbox 1762 3921 2022 4005; x_wconf 78' lang='lat' dir='ltr'><strong>fuerat3</strong></span> <span class='ocrx_word' id='word_1_226' title='bbox 2053 3944 2294 3992; x_wconf 81' lang='lat' dir='ltr'><strong>verum</strong></span> 
     </span>
    </p>
   </div>
   <div class='ocr_carea' id='block_1_3' title="bbox 178 4177 1282 4264">
    <p class='ocr_par' dir='ltr' id='par_1_4' title="bbox 178 4177 1282 4264">
     <span class='ocr_line' id='line_1_32' title="bbox 178 4177 1282 4264; baseline -0.005 -19"><span class='ocrx_word' id='word_1_227' title='bbox 178 4177 256 4250; x_wconf 77' lang='grc' dir='ltr'><strong>(Ι)</strong></span> <span class='ocrx_word' id='word_1_228' title='bbox 281 4180 344 4236; x_wconf 83' lang='lat' dir='ltr'><strong>Iu</strong></span> <span class='ocrx_word' id='word_1_229' title='bbox 375 4188 542 4243; x_wconf 77' lang='lat' dir='ltr'><strong>arcula</strong></span> <span class='ocrx_word' id='word_1_230' title='bbox 575 4189 773 4264; x_wconf 73' lang='lat' dir='ltr'><strong>jurium</strong></span> <span class='ocrx_word' id='word_1_231' title='bbox 804 4205 953 4246; x_wconf 79' lang='lat' dir='ltr'><strong>cavae</strong></span> <span class='ocrx_word' id='word_1_232' title='bbox 983 4204 1282 4241; x_wconf 69' lang='lat' dir='ltr'><strong>xccccwu.</strong></span> 
     </span>
    </p>
   </div>
  </div>
 </body>
</html>
