2950 5017
651 447 812 534 486·
1398 459 1639 505 annun
1682 453 2104 502 anclanetum

787 586 870 654 In
911 579 1255 651 montibus
1296 543 1456 650 vlero
1498 577 2058 648 latrocinantibus
2086 573 2487 645 Morottanis
2533 574 2733 643 nulli
2778 589 2881 643 tn-

660 717 812 773 tum
870 702 1000 768 iter
1040 710 1217 779 erat,
1260 699 1510 789 passim
1567 693 1798 763 caedes
1855 691 2036 775 fieri,
2079 716 2169 760 ex
2210 693 2531 760 Hetruria
2574 691 2876 782 Regium

653 820 997 888 venientes
1021 812 1316 905 spoliari,
1344 814 1759 903 pecuniaque
1788 833 1830 878 a
1858 808 2215 879 ditioribus
2242 809 2591 878 montium
2651 808 2877 878 ineolis

648 932 1057 1025 extorqueri.
1086 928 1425 999 Morottus
1468 927 1589 994 ubi
1634 924 1930 995 facinora
1972 926 2045 993 iu
2087 947 2279 993 suam
2321 923 2683 993 invidiam
2733 948 2873 993 con-

647 1050 822 1121 verti
864 1046 1102 1129 ceruit,
1145 1044 1232 1113 ad
1275 1039 1860 1125 Guicciardinum,
1904 1065 2109 1134 quem
2151 1040 2283 1108 sub
2324 1038 2523 1107 nulla
2569 1038 2731 1108 fide
2767 1064 2870 1130 pu·

649 1166 834 1237 blica
873 1187 1179 1257 uuquam
1223 1174 1422 1231 antea
1468 1159 1944 1242 adirevoluit,
1990 1183 2233 1250 magno
2290 1181 2462 1226 ausu
2517 1160 2595 1225 in
2668 1172 2866 1224 castra

650 1280 1038 1354 contendit:
1081 1281 1371 1371 rapinas,
1413 1300 1487 1344 se
1530 1279 1765 1358 inscio,
1793 1289 1915 1343 aut
1945 1277 2157 1344 invito
2200 1275 2595 1354 committi,
2648 1270 2870 1340 nefan-

651 1400 907 1492 dasque
971 1396 1205 1466 caedes
1271 1397 1638 1487 perpetrari
1700 1396 2051 1486 queritur:
2097 1394 2153 1460 si
2195 1388 2634 1483 praefectura
2695 1414 2871 1460 mou-

652 1532 856 1587 tause
905 1516 1186 1607 regionis
1234 1512 1364 1582 sibi
1411 1514 1917 1595 committatur,
1961 1508 2303 1579 facturum
2370 1522 2456 1577 ut
2517 1509 2870 1591 omnibus,

650 1657 790 1726 quo
834 1631 1071 1716 velint,
1106 1629 1528 1702 commeandi
1573 1642 1804 1698 tutum
1848 1630 1938 1697 sit
1980 1628 2357 1709 arbitrium,
2385 1639 2463 1694 et
2494 1626 2867 1696 Morottum

651 1773 786 1819 nou
830 1734 1216 1840 rapinarum
1285 1758 1630 1815 auctorem
1693 1744 1811 1816 sed
1878 1743 2178 1814 bostium
2250 1754 2531 1810 tantum
2587 1742 2870 1811 ultorem

649 1889 790 1934 esse
829 1864 1185 1956 intelligat.
1230 1864 1745 1933 Guicciardiuus
1786 1865 1856 1931 in
1902 1866 2245 1955 proximos
2289 1884 2665 1928 conversus
2714 1884 2858 1927 eum

648 1982 777 2050 sibi
842 1980 1027 2049 haud
1090 1984 1420 2049 rusticum
1483 1981 1690 2051 videri
1732 1979 1960 2061 dixit3
2007 1977 2511 2068 ulciscendique
2580 1978 2862 2045 hominis

646 2097 924 2167 consilio
962 2100 1035 2164 in
1078 2100 1518 2187 opportunius
1561 2108 1828 2188 tempus
1868 2096 2120 2178 dilato,
2166 2095 2349 2186 quod
2394 2108 2554 2161 tum
2613 2098 2859 2184 gravio-

652 2214 837 2283 ribus
879 2214 1165 2306 negotiis
1221 2214 1590 2303 occupatus
1650 2216 2033 2282 innumeros
2078 2211 2372 2280 latrones
2413 2211 2702 2301 perdere
2741 2236 2861 2279 uon

649 2342 910 2421 posset,
962 2331 1254 2419 petitum
1310 2332 1774 2418 magistratum
1836 2353 1953 2420 per
2000 2349 2300 2396 mensem
2352 2330 2707 2395 concessit.
2749 2327 2866 2394 Ille

648 2469 787 2513 non
841 2441 1065 2512 multo
1117 2445 1282 2534 post'
1317 2443 1580 2535 aliquot
1633 2458 1867 2534 captos
1909 2443 2196 2535 Regium
2244 2441 2493 2533 laqueo
2537 2443 2865 2511 necandos

649 2564 871 2644 misit,
911 2573 980 2630 et
1022 2560 1577 2653 Valletemporios
1628 2559 1991 2631 latrociniis
2042 2562 2335 2644 deditos,
2402 2564 2525 2652 qui
2592 2561 2866 2629 Petrum

647 2678 1155 2769 Cameguonum
1186 2690 1588 2747 montanum
1617 2676 1881 2748 facibus
1910 2678 2149 2747 domui
2177 2676 2394 2746 illatis
2434 2700 2593 2745 cum
2637 2677 2869 2746 liberis

649 2794 1188 2877 combusserant,
1231 2794 1324 2861 ab
1365 2794 1514 2861 aliis
1558 2796 1970 2886 gravioribus
1998 2793 2442 2863 -facinoribus
2491 2793 2863 2886 prohibuit.

648 2910 969 2978 Ceterum
1015 2913 1156 3001 ipse
1200 2910 1555 2978 Herculem
1603 2910 2005 2980 Canu‘ssium
2050 2911 2468 2979 Montisvetri
2512 2910 2864 2979 domiuum

650 3026 832 3117 apud
876 3024 952 3094 S.
990 3024 1187 3093 Pauli
1237 3026 1568 3116 oppidum
1617 3029 1972 3096 inventum
2023 3027 2285 3096 hostem
2342 3026 2732 3096 trucidavit.
2782 3028 2857 3095 Iu

649 3142 820 3210 urbe
849 3164 1006 3210 vero
1035 3144 1226 3210 nonis
1254 3142 1632 3211 novembris
1659 3142 2085 3234 quatermille
2115 3142 2408 3213 Helvetii
2451 3166 2572 3233 per
2610 3145 2855 3212 civium

646 3259 881 3328 domos
923 3259 1121 3327 divisi
1161 3259 1399 3328 decem
1441 3260 1680 3329 diebus
1738 3274 2083 3353 praesente
2143 3286 2293 3329 aere
2353 3259 2581 3330 omnia
2625 3260 2856 3329 libera·

643 3374 802 3443 liter
831 3380 1133 3458 mercati,
1175 3401 1311 3446 non
1353 3378 1759 3446 mediocrem
1804 3382 2158 3469 pecuniam
2203 3378 2460 3447 civibus
2507 3377 2854 3470 reliquere.

642 3491 809 3560 Plus
851 3505 1126 3558 centum
1170 3497 1348 3561 enim
1394 3501 1466 3565 in
1513 3494 1808 3566 inferiori
1852 3495 1978 3568 fori
2023 3509 2214 3589 parte
2250 3508 2527 3587 paratae
2565 3521 2854 3579 mensae,

641 3634 813 3703 quas
851 3634 1012 3679 cum
1057 3610 1330 3702 plurimi
1373 3615 1445 3683 iu
1489 3618 1801 3706 quintam
1845 3618 2058 3686 noctis
2101 3616 2334 3684 horam
2382 3638 2630 3707 magna
2673 3617 2851 3685 cibo-

641 3754 797 3798 rum
863 3733 1075 3821 copia·
1121 3744 1452 3822 protracto
1520 3738 1824 3804 convivio
1894 3746 2353 3817 vescerentur,
2399 3707 2536 3803 non
2594 3734 2849 3805 modico

642 3846 830 3934 lucro
869 3871 1205 3939 caupones
1248 3850 1661 3920 ditabantur.
1703 3852 1868 3922 Mox
1915 3851 2031 3920 alii
2060 3852 2375 3920 Bondeno
2423 3867 2851 3943 supervenere

642 3963 966 4046 Helvetii,
1009 3978 1078 4032 et
1120 3989 1279 4034 cum
1324 3993 1569 4059 magno
1613 3973 1921 4061 equitatu
1966 3982 2203 4060 quater
2251 3967 2438 4036 mille
2474 3968 2666 4050 Itali,
2692 3973 2846 4060 qui,

639 4085 970 4151 sexcentis
1014 4095 1283 4152 tantum
1332 4087 1660 4155 militibus
1726 4088 1849 4155 ad·
1881 4087 2065 4155 urbis
2122 4100 2382 4157 nostrae
2445 4087 2838 4177 praesidium

642 4198 927 4284 relictis,
991 4202 1064 4269 in
1130 4214 1343 4272 castra
1393 4204 1898 4276 contenderunt.
1966 4205 2154 4275 Inter
2218 4206 2578 4297 utriusque
2645 4206 2832 4297 partis
