2950 5017
875 513 888 526 ι
924 438 1123 486 mm
1170 438 1491 485 summis
2158 414 2292 516 467

56 566 465 626 :istrorum
509 557 630 648 qui
673 579 784 626 eos
828 555 1003 626 alere
1069 558 1477 649 cogebantur
1543 558 1965 630 incommodo
2033 573 2135 628 et·
2168 564 2294 630 im-

56 696 311 754 enza,
358 676 810 764 incompositis
856 676 1234 763 agminibus
1286 698 1401 766 per
1458 675 1829 765 Regiensea,
1866 679 2292 748 transierunt.

56 802 343 866 nterea
392 794 643 859 civium
690 789 1011 882 factiones
1081 818 1212 862 non
1269 793 1698 862 ,mediocriter
1742 794 1977 864 urbem
2023 818 2296 890 suspen-

54 931 190 974 ιω
259 908 616 977 tenebant.
662 907 841 977 Cum
877 908 996 977 vel
1026 908 1316 979 Zo'bolos
1357 931 1633 994 suorum
1678 910 1949 980 caedem
1998 912 2292 982 vindica,

54 1046 287 1107 που,
334 1023 444 1098 vel
487 1024 727 1093 Bebios
769 1024 1008 1093 urbem
1051 1028 1298 1094 iterum
1346 1026 1731 1096 turbatur-os
1775 1026 2078 1118 plerique
2107 1051 2291 1098 vere·

52 1152 336 1234 ὐἱῆες
373 1139 859 1232 vigilantissimi
879 1154 1117 1210 tamen
1147 1140 1468 1234 praefecti
1501 1142 1872 1233 diligentia,
1896 1146 2019 1233 qui
2047 1146 2292 1214 utriun-

53 1278 188 1342 ue
272 1259 484 1347 partis
545 1256 823 1326 consilia
889 1256 1319 1347 explorabat,
1387 1261 1698 1328 omnium
1765 1272 2047 1327 conatus
2115 1259 2292 1328 elusi

52 1395 288 1441 uere.
335 1374 563 1442 Firmo
610 1375 793 1442 enim
834 1373 1163 1464 praesidio
1207 1375 1377 1444 urbe
1421 1377 1715 1456 munita,
1758 1398 1921 1442 curn
1967 1399 2037 1443 se
2084 1377 2157 1445 in
2200 1379 2294 1443 ci-

51 1486 334 1556 ’ilibus
376 1490 690 1579 negotiis,
735 1500 808 1556 et
851 1492 1308 1559 controversiis
1353 1491 1833 1579 aequissimum
1878 1490 2173 1578 judicem
2220 1504 2291 1560 et

50 1604 433 1672 »uniendis
499 1605 881 1674 facinorosis
945 1629 1252 1674 severum
1311 1608 1673 1680 criminum
1720 1607 2056 1676 vindicem
2104 1628 2294 1700 prae-

50 1735 285 1804 teret,
333 1726 589 1791 nemini
642 1723 1102 1795 novandarum
1161 1727 1851 1794 rerum-occasionem
1899 1724 2293 1794 dedit..De-

48 1863 265 1908 num
319 1853 401 1909 ut
442 1838 751 1910 factiosos
795 1841 1110 1912 radicitus
1137 1844 1502 1932 extirparet
1536 1842 1782 1912 crebris
1828 1842 2065 1912 litteris
2107 1842 2292 1912 solli-

48 1959 361 2025 :itatn'm
406 1956 802 2027 Pontificem
870 1958 1143 2026 tandem
1210 1958 1487 2050 impulit
1504 2010 1527 2042 ‚
1593 1971 1678 2027 ut
1742 1955 1899 2027 crim
1968 1960 2290 2029 Mantuae
2366 2025 2369 2028 ,

48 2074 417 2165 Principe,
461 2088 532 2142 et
574 2074 792 2143 Gallis
845 2087 1116 2164 ageret‚·
1151 2099 1238 2143 ne
1299 2078 1410 2144 cui
1478 2077 1570 2144 ab
1635 2074 1978 2144 Ecclesiae
2042 2074 2291 2146 finibus

46 2192 383 2261 sxulanti
425 2191 761 2288 refugium
805 2192 988 2282 apud
1035 2216 1147 2262 eos
1189 2204 1467 2286 pateret.
1513 2193 1595 2260 Id
1639 2217 1755 2284 per
1794 2193 2056 2285 aliquot
2101 2215 2286 2263 men-

46 2332 164 2378 ies
211 2310 672 2392 observatum,
701 2324 773 2378 et
799 2310 1111 2390 nonnulli
1154 2313 1500 2402 intercepti
1518 2363 1540 2393 ,
1577 2314 1752 2382 inter
1792 2333 1961 2404 quos
1989 2312 2288 2381 Posterla

44 2427 352 2517 quidam
385 2427 745 2497 Bebiorum
792 2427 1047 2500 assecla.
1086 2441 1325 2519 captus
1355 2428 1663 2510 Parmae,
1689 2439 1758 2498 et
1802 2453 1917 2518 per
1963 2431 2286 2509 inimicos,

44 2547 337 2636 quibus
380 2546 692 2616 venditus
735 2544 1002 2628 fuerat,
1043 2546 1330 2639 Regium
1379 2547 1661 2629 ductus,
1711 2547 1958 2636 laqueo
2018 2570 2287 2636 suspen*

44 2671 186 2730 aus‘
229 2659 389 2730 fuit.
2274 2729 2281 2736 .

205 2780 441 2856 Rebus
470 2803 606 2849 non
637 2779 837 2870 Regii
867 2792 1175 2860 tanturn,
1208 2778 1324 2848 sed
1369 2781 1443 2847 in
1487 2781 1795 2848 universa
1839 2782 2041 2846 etiam
2087 2776 2286 2846 Italia

45 2901 365 2989 pacatis,
409 2896 572 2966 alibi
629 2921 878 2988 magno
946 2871 1124 2968 cum·
1175 2894 1585 2986 reipublicae
1637 2894 2060 2972 christianae,
2084 2895 2285 2965 detri-

48 3027 302 3084 mento
345 3018 646 3106 ingentes
689 3013 1028 3082 tumultus
1069 3017 1140 3081 in
1183 3012 1507 3096 Saxonia,
1549 3015 1671 3104 qui
1713 3024 1937 3102 totum
1983 3012 2283 3080 christia-

53 3156 238 3200 num
306 3133 536 3202 orbem
604 3132 1120 3224 perturbarunt,
1169 3143 1333 3198 sunt
1394 3132 1702 3200 excitati.
1746 3129 2000 3198 Eorum
2047 3142 2283 3200 auctor

54 3247 208 3317 fuit
247 3249 578 3318 Martinus
621 3249 962 3318 Lutberns
1001 3272 1090 3316 ex
1132 3247 1776 3339 Augustinianornm
1826 3246 2079 3314 Ordine
2123 3247 2285 3316 hae-

59 3366 471 3448 resiarchus,
512 3370 634 3457 qui
699 3367 869 3434 dum
934 3363 1161 3435 nobile
1204 3367 1278 3434 in
1319 3362 1618 3434 Saxonia
1686 3362 2019 3455 templum
2086 3365 2287 3433 condi

65 3499 364 3567 curaret,
406 3488 882 3576 superveniens
914 3482 1255 3554 Pontificis
1320 3486 1605 3553 nuncius
1671 3507 1808 3551 non
1874 3482 2285 3553 mediocrem

65 3625 199 3693 pro
242 3600 632 3692 temploxD.
678 3602 860 3669 Petri
902 3602 1156 3670 Romae
1200 3600 1573 3669 extruendo
1619 3601 1972 3688 pecuniam
2019 3601 2280 3685 exegit:

68 3721 176 3786 ita
221 3695 477 3787 factnm
517 3731 629 3788 -est
671 3732 787 3802 ut,
831 3717 970 3788 alio
1009 3721 1337 3789 conversis
1390 3718 1727 3797 nummis,
1768 3712 2142 3790 aedificatio
2172 3736 2285 3784 ,re-

71 3836 470 3905 tardaretnr.
517 3837 632 3906 Ob
673 3860 826 3906 eam
872 3861 1009 3906 rem
1055 3840 1124 3905 in
1172 3838 1401 3925 primis
1453 3857 1615 3901 cum
1663 3833 1911 3899 nuncio
1955 3828 2285 3900 Martinus

71 3955 367 4036 rixatus,
407 3977 583 4025 nova
627 3967 857 4047 postea
903 3955 1145 4024 tradita
1187 3954 1519 4032 doctrina,
1563 3974 1603 4016 a
1648 3946 1967 4018 Pontifice
1996 3946 2281 4015 Germa-⁴

73 4094 315 4140 norum
368 4074 625 4142 animos
690 4075 954 4163 penitus
997 4072 1261 4140 avertit.
1308 4068 1491 4157 Ejus*
1522 4064 1834 4157 exemplo
1881 4064 1997 4133 alii
2037 4062 2279 4131 deinde

75 4188 334 4276 majora
377 4192 523 4260 ausi
568 4189 964 4260 absurdiora.
993 4202 1224 4259 contra
1268 4185 1717 4258 orthodoxam
1761 4181 1988 4265 fidem,
2016 4203 2192 4273 quae
2237 4203 2280 4247 a
