2950 5017
765 442 848 508 70
1495 438 1728 482 RERUM
1771 437 2181 481 nssolwsmu

759 564 989 628 vicisti
1018 561 1307 643 tandem,
1350 557 1634 626 Gallilee
1651 581 1675 623 .·
1726 560 1821 623 ita
1872 559 2051 623 enim
2108 555 2446 623 Christum
2508 551 2911 644 appellaba:

759 677 919 744 Post
962 675 1139 741 hunc
1181 674 1493 751 Iovianus
1534 696 1761 762 genere
1805 673 2211 751 Pannonius,
2254 672 2373 760 qui
2416 669 2690 760 legionis
2735 670 2911 737 Fra<

759 789 967 858 fectus
1010 786 1250 868 fuerat,
1292 791 1393 856 vir
1438 790 1608 878 pius,
1636 786 1874 853 deinde
1905 785 2428 864 Valentinianus,
2467 797 2535 850 et
2576 787 2726 874 ipse
2761 785 2911 851 Pan

758 907 994 972 nonius
1024 927 1109 970 ex
1138 901 1302 969 urbe
1331 901 1603 980 Cibala,
1646 904 2072 989 imperarunt.
2118 900 2182 965 Is
2212 898 2477 966 Valenti
2509 896 2703 965 fratri
2739 899 2911 966 Asia

758 1032 826 1085 et
858 1017 1145 1109 AEgypto
1190 1017 1478 1098 traditis,
1510 1018 1885 1106 Hesperiam
1931 1015 2056 1082 sibi
2101 1016 2392 1082 retinuit.
2437 1014 2616 1082 Cum
2645 1036 2911 1084 veroa·

755 1133 996 1202 Severa
1038 1132 1181 1220 conj
1193 1156 1314 1222 nge
1355 1130 1786 1210 Gratianum,
1832 1153 2033 1220 quem
2074 1129 2417 1198 Caesarem
2464 1126 2660 1212 fecit,
2707 1152 2911 1198 susce

752 1253 990 1338 pisset‚
1030 1260 1261 1316 contra
1321 1246 1581 1325 divina,
1625 1245 2047 1335 humanaque
2112 1244 2262 1331 jura
2317 1245 2647 1321 Justiuam
2717 1243 2911 1311 alian

752 1385 1024 1429 uxorem
1067 1359 1554 1449 superinduxit.
1596 1357 1794 1426 Haec
1831 1365 2018 1447 virgo
2064 1373 2267 1426 antea
2311 1362 2381 1440 in
2413 1360 2680 1447 palatio
2710 1358 2911 1447 fami

750 1481 982 1545 liar-ius
1014 1474 1421 1556 versabatur,
1442 1487 1688 1561 postea
1720 1474 2122 1561 Magnentio
2154 1486 2371 1561 nupta
2397 1479 2537 1540 viro
2566 1472 2911 1561 defuncto

749 1605 820 1658 et
863 1613 1021 1656 cum
1066 1591 1133 1654 in
1180 1586 1415 1655 balneo
1453 1611 1610 1653 cum
1641 1588 1945 1676 Augusta
1989 1586 2346 1666 lavaretur,
2375 1585 2615 1654 Severa
2643 1590 2911 1677 virgini:

746 1705 1027 1775 formam
1072 1703 1414 1784 admirata,
1460 1702 1721 1794 puellae
1763 1702 2321 1793 pulchritudinem
2366 1704 2546 1793 apud
2590 1707 2911 1773 maritum

741 1820 1178 1890 inconsultius
1226 1820 1563 1901 laudavit,
1605 1832 1684 1886 ut
1734 1821 1937 1885 etiam
1982 1841 2051 1885 se
2096 1818 2444 1887 mulierem
2494 1819 2638 1906 ejus
2686 1844 2911 1889 amore

745 1949 1010 2026 captam
1055 1958 1190 2002 esse
1219 1932 1560 2002 fateretur.
1593 1934 1705 2000 Ad
1736 1934 1900 2001 haec
1923 1933 2128 2011 ‚verba
2155 1936 2695 2025 intemperantius
2729 1960 2911 2005 com-

741 2065 964 2140 motus
1009 2049 1548 2128 Valentinianus,
1589 2048 1734 2138 lege
1774 2049 1944 2129 lata,
1987 2073 2123 2139 qua
2165 2049 2329 2116 duas
2382 2073 2618 2118 uxores
2660 2051 2911 2119 habere

742 2164 1278 2256 permittebatur,
1322 2159 1647 2230 nefarium
1700 2186 1853 2230 cum
1898 2164 2157 2241 Justina
2205 2166 2698 2233 matrimonium
2756 2190 2911 2235 con-

743 2283 979 2361 traxit,
1010 2304 1097 2346 ex
1126 2303 1263 2370 quo
1290 2278 1799 2347 Valentinianus
1841 2279 2093 2366 junior,
2121 2281 2157 2357 J
2163 2292 2339 2361 usta,
2372 2281 2579 2348 Grata
2606 2294 2672 2348 et
2697 2282 2906 2351 Galla

738 2394 916 2462 filiae
973 2407 1169 2462 natae
1237 2392 1453 2462 fuere.
1517 2394 1658 2463 Illis
1716 2397 2007 2485 innuptis
2077 2398 2641 2486 permanentibus,
2698 2397 2905 2468 Galla

739 2509 1115 2579 Theodosio
1162 2509 1394 2595 majori
1438 2513 1683 2599 nupsit.
1729 2510 1861 2577 Sed
1903 2535 2035 2579 non
2071 2510 2284 2579 multo
2321 2525 2467 2602 post
2495 2512 2901 2582 Valentinia-

736 2648 863 2692 nus
907 2638 1090 2714 pater
1116 2639 1499 2714 erumpente
1544 2649 1630 2691 ex
1675 2631 1857 2693 venis
1899 2629 2211 2714 sanguine
2257 2650 2427 2695 auno
2471 2630 2730 2718 imperii
2776 2653 2900 2697 un·

732 2740 990 2808 decimo
1031 2743 1400 2822 extinctus,
1441 2743 1987 2831 intemperantiae
2028 2765 2184 2809 suae
2227 2766 2467 2832 poenas
2510 2744 2714 2813 dedit.
2760 2745 2898 2815 Sed

733 2858 855 2923 alii
908 2861 1166 2941 verius,
1208 2856 1449 2925 Severa
1480 2859 1630 2945 jam
1681 2872 1933 2925 mortua
1945 2907 1971 2941 ,
2034 2859 2501 2929 Valentiniano
2553 2860 2889 2939 Iustinum

733 2976 1036 3059 nupsisse
1079 2978 1407 3039 sentiunt:
1446 2973 1849 3040 Praetoriani
1880 2971 2421 3041 Valentinianum
2466 2974 2681 3042 filium
2724 2976 2888 3045 Gra-

730 3088 910 3152 tiano
955 3084 1174 3164 fratri,
1219 3087 1290 3151 id
1335 3109 1521 3174 aegre
1567 3087 1796 3154 ferenti
1814 3138 1833 3168 ‚
1875 3091 2135 3178 imperii
2177 3092 2433 3157 socium
2478 3090 2882 3161 addiderunt.

859 3203 1040 3268 Inter
1093 3200 1256 3266 haec
1300 3200 1548 3281 Gothi,
1588 3206 1707 3291 qui
1764 3226 1849 3269 ex
1891 3202 2143 3272 Gothia
2198 3206 2372 3274 ultra
2439 3209 2878 3297 Hyperboreos

726 3327 983 3383 montes
1030 3315 1242 3384 insula
1286 3316 1769 3397 descenderant,
1804 3331 1873 3385 et
1900 3342 2054 3386 cum
2099 3324 2452 3391 innumeris
2499 3326 2875 3394 mortalibus

730 3442 907 3497 trans
951 3431 1193 3496 Istrum
1222 3431 1405 3499 sedes
1433 3444 1806 3521 posuerant,
1836 3434 2278 3506 Romanorum
2310 3441 2678 3530 principum
2709 3454 2877 3510 tran-

723 3543 1128 3634 quillitatem
1172 3546 1629 3615 turbaverunt.
1673 3549 1794 3638 His
1835 3550 1967 3617 duo
2013 3566 2197 3620 erant
2238 3555 2432 3622 duces
2462 3556 2868 3647 Fridigernus

723 3673 792 3726 et
838 3660 1283 3744 Athalaricus,
1315 3666 1486 3729 inter
1512 3688 1677 3754 quos
1721 3677 1864 3735 orto
1908 3683 2181 3737 cruento
2226 3670 2494 3759 praelio,
2537 3686 2868 3763 superatus

719 3776 1128 3865 Fridigernus
1168 3780 1252 3844 ad
1287 3779 1632 3847 Valentem
1665 3783 1732 3848 iu
1764 3781 2032 3870 Oriente
2077 3788 2508 3875 imperantem
2551 3788 2865 3880 confugit3

717 3890 931 3976 cujus—
973 3892 1239 3981 opibus,
1285 3907 1485 3985 atque
1530 3900 1723 3963 armis
1782 3898 2083 3980 adiutus,
2128 3915 2440 3972 renovato
2490 3910 2863 3987 certamine,

715 4004 973 4072 hostem
1022 4010 1199 4074 vicit.
1247 4007 1380 4077 Sed
1427 4036 1557 4079 non
1603 4011 1817 4081 multo
1846 4027 1995 4103 post
2025 4015 2231 4083 Gothi
2263 4018 2350 4084 ab
2382 4019 2635 4087 Hunnis
2666 4021 2862 4111 pulsi,

714 4144 867 4188 cum
913 4147 1114 4191 novas
1157 4127 1334 4193 sedes
1363 4151 1674 4217 quaerere
1704 4143 2107 4219 cogerentur,
2137 4156 2178 4199 a
2208 4132 2487 4203 Valente
2516 4135 2855 4206 Thraciam
