2950 5017
738 395 826 463 26
1476 412 1713 460 annun
1753 411 2172 459 uminum

738 535 1028 623 superati
1049 584 1069 603 .
1112 535 1276 604 Mox
1305 538 1606 627 sequenti
1655 557 1830 603 anno
1882 557 2013 602 non
2068 529 2297 623 procul
2339 554 2381 598 a
2422 529 2630 601 Porta
2663 526 2849 601 colli

739 673 784 720 a
824 653 912 737 Q.
941 650 1222 722 Servilio
1251 646 1452 732 Hala,
1481 648 1718 722 deinde
1753 673 1795 717 a
1823 648 1906 718 0.
1936 646 2225 739 Sulpitio
2253 647 2594 716 Dictatore
2652 667 2851 714 cruer

739 767 991 860 praelio
1030 770 1206 837 caesi
1232 769 1339 848 (¹),
1387 766 1657 834 tandem
1710 787 1870 857 paoe
1921 787 2077 834 cum
2127 764 2443 833 Romanis
2492 766 2711 845 inita,
2766 763 2851 832 int

739 904 896 951 suos
939 880 1103 951 fines
1143 881 1261 949 diu
1318 905 1391 949 se
1432 885 1928 951 continuerunt.
1975 880 2231 949 Interea
2290 880 2618 948 intestinis
2669 878 2851 969 prae]

739 996 991 1082 afflicti,
1014 1022 1171 1067 cum
1195 997 1579 1090 Subalpinis
1602 1001 1970 1067 vicinorum
1994 996 2239 1087 gloriae
2267 1007 2335 1063 et
2362 995 2601 1086 opibus
2627 996 2853 1065 invidt

742 1115 950 1195 tibus,
993 1112 1326 1185 nonnullis
1355 1112 1548 1186 factis
1578 1114 2091 1193 incursionibus,
2121 1112 2587 1181 conflixerunt.
2620 1113 2853 1203 Deniq

630 1329 639 1336 ξ
740 1231 1052 1302 omnibus
1071 1280 1091 1314 ,
1132 1234 1253 1323 qui
1299 1231 1691 1300 ‘luctuosum
1756 1253 1913 1298 cum
1964 1230 2279 1299 Romanis
2341 1228 2601 1297 bellum
2681 1253 2855 1319 expe

742 1345 1031 1429 fuerant,
1069 1348 1211 1434 jam
1261 1344 1619 1426 defunctis,
1638 1358 1758 1413 aut
1785 1357 2005 1413 aetate
2024 1345 2660 1436 ingravescentibus,
2705 1347 2852 1411 insa

739 1458 1094 1530 succedens
1112 1461 1424 1548 juventus
1451 1466 1523 1529 in
1544 1472 1841 1530 vetustos
1869 1463 2120 1550 paterni
2150 1462 2431 1530 nominis
2460 1459 2695 1528 hostes
2751 1457 2855 1526 bel

741 1600 890 1645 cam
934 1579 1251 1645 virtutem
1296 1578 1636 1644 ostendere
1678 1576 2029 1667 gestiebat:
2076 1575 2190 1644 sed
2236 1588 2318 1643 ut
2349 1575 2726 1662 majoribus
2759 1598 2857 1641 au«

742 1697 979 1785 copiis,
1009 1695 1367 1764 certiorem
1410 1696 1759 1763 victoriam
1801 1692 2143 1774 baberent,
2188 1695 2368 1783 prius
2413 1706 2739 1781 cognatos
2781 1715 2855 1761 su

751 1814 968 1900 gentis
999 1810 1306 1904 populos,
1347 1811 1749 1901 quibuscum
1795 1808 2309 1899 praeliabantur,
2331 1808 2459 1876 sibi
2482 1807 2857 1898 adiungend

744 1950 883 1993 esse
901 1939 1313 2008 censuerunt,
1331 1949 1498 2015 quos
1520 1926 1662 1995 Boii
1692 1925 1983 1993 simulet
2004 1924 2297 1994 Senones
2321 1923 2592 1992 tandem
2617 1925 2858 2015 precib

747 2046 987 2123 victos,
1031 2045 1400 2132 opimisque
1443 2042 1827 2110 muneribus
1867 2040 2185 2133 placatos,
2218 2044 2598 2111 communia
2629 2064 2820 2109 arma

748 2156 1074 2248 populum
1118 2157 1496 2225 Romanum
1540 2169 1919 2225 convertere
1960 2155 2453 2246 compulerunt.
2499 2156 2707 2225 Anno
2738 2158 2860 2245 igit*

750 2273 840 2340 ab
870 2274 1034 2340 urbe
1063 2272 1333 2341 condita
1360 2272 1953 2363 quadrigentesimo
1981 2285 2247 2363 quarto,
2277 2284 2347 2338 et
2375 2271 2599 2359 ejectis
2629 2272 2861 2361 Regib=

750 2391 1110 2458 centesimo
1161 2393 1591 2479 sexagesimo,
1646 2389 1947 2480 plurimis
1999 2379 2329 2459 sociorum
2378 2389 2586 2478 copiis
2638 2389 2772 2457 sibi
2820 2410 2860 2453 a¹

749 2508 956 2587 scitis,
976 2510 1387 2597 repentinam
1416 2510 1490 2573 in
1519 2527 1749 2596 agrum
1772 2507 2150 2584 Romanum
2179 2508 2623 2574 incursionem
2650 2505 2863 2573 faciun

750 2623 1001 2690 Praeda
1042 2627 1293 2714 ingenti
1340 2621 1543 2704 facta,
1584 2615 1862 2692 domum
1906 2611 2165 2706 reversi,
2208 2624 2402 2706 dum,
2443 2635 2589 2693 orta
2620 2626 2694 2691 in
2727 2623 2859 2690 bon

751 2761 903 2805 rum
948 2738 1272 2807 divisione
1316 2739 1662 2819 discordia,
1694 2738 2121 2819 altercantur,
2152 2742 2442 2828 primum
2478 2761 2519 2803 a
2548 2738 2645 2806 M.
2673 2736 2861 2827 Popil

754 2851 1006 2921 Lenate
1049 2853 1341 2922 Consule
1385 2856 1584 2934 caesi,
1612 2852 1694 2923 (⁸)
1736 2855 1972 2922 deinde
2014 2878 2056 2922 a
2085 2854 2165 2920 L.
2196 2855 2400 2923 Furio
2429 2853 2722 2922 Camillo
2767 2853 2860 2919 Co

755 2968 897 3036 sule
941 2972 1010 3038 in
1069 2969 1352 3039 Pontino
1411 2993 1565 3060 agro
1622 2968 1980 3061 profligati,
2039 2981 2109 3035 et
2159 2972 2418 3060 imperii
2462 2983 2650 3059 parte
2694 2971 2863 3059 privs

757 3083 951 3152 fuere
993 3084 1113 3154 (3).
1159 3086 1302 3153 Boii
1346 3109 1503 3152 cum
1548 3085 1837 3154 Senones
1879 3085 2155 3177 propr-iis
2197 3086 2445 3153 finibus
2488 3087 2798 3177 expulsos
2842 3106 2863 3146 τ

758 3200 1009 3280 derent,
1052 3200 1353 3265 eamdem
1398 3212 1467 3266 et
1494 3202 1615 3288 ipsi
1646 3203 1785 3267 vim
1818 3203 2030 3280 veriti,
2059 3213 2292 3269 coacto
2322 3205 2614 3270 exercitu
2646 3196 2863 3289 'Pyrrh

761 3320 992 3405 nisque
1036 3316 1345 3383 omnibus
1390 3318 1458 3381 in
1501 3315 1869 3383 subsidium
1899 3318 2173 3397 vocatis,
2204 3316 2518 3386 Romanis
2550 3318 2804 3384 bellum
2838 3316 2857 3377 i

761 3427 1021 3510 ferunt,
1072 3430 1471 3520 quibuscum
1544 3433 1762 3517 (anno
1816 3430 1904 3497 ab
1959 3430 2123 3500 urbe
2178 3433 2440 3501 condita
2485 3434 2863 3522 quadrigem

763 3550 932 3614 simo
975 3549 1457 3636 septuagesimo
1501 3550 1760 3638 quinto,
1806 3551 1928 3638 qui
1971 3547 2105 3616 fuit
2135 3564 2283 3639 post
2314 3549 2545 3639 Pyrrhi
2575 3552 2644 3617 in
2675 3545 2863 3616 Italia

766 3666 1119 3731 transitum
1174 3668 1433 3745 tertius,
1500 3675 1569 3730 et
1633 3666 1909 3755 quintus
1975 3677 2125 3757 post
2180 3665 2464 3748 cladem,
2511 3689 2717 3756 quam
2762 3682 2863 3751 apl

842 3949 926 4012 (ι)
961 3946 1075 3999 Liv.
1106 3947 1196 3998 lib.
1230 3966 1279 4017 7,
1309 3947 1494 4001 decade
1530 3967 1574 4001 r.

843 4040 927 4112 (α)
961 4039 1127 4092 Polib.
1158 4040 1245 4091 ubi
1280 4058 1444 4109 supra.

845 4133 927 4204 (3)
958 4134 1072 4189 Liv.
1105 4132 1193 4186 lib.
1227 4153 1277 4203 7,
1306 4136 1415 4189 dec.
1451 4153 1494 4188 ι.
