2950 5017
891 423 975 489 38
1633 441 1865 484 annum
1911 439 2326 484 nacrznsnm

886 566 1063 630 :nius
1107 586 1263 628 cum
1327 555 1558 652 paucis
1620 565 1690 628 in
1759 565 2061 652 proximo
2117 577 2351 650 ponte,
2399 560 2481 626 ad
2526 585 2744 651 quem

887 676 1318 757 interclusae,
1341 676 1502 743 dum
1534 700 1617 742 ne
1651 678 1842 743 vivus
1873 680 2198 766 capiatur,
2221 675 2476 743 fortiter
2508 691 2765 766 pugnat

888 809 1022 863 est.
1070 795 1210 864 Boii
1255 796 1575 863 Praetoris
1643 794 2072 883 ejusdemque
2117 794 2438 883 designati
2482 793 2765 862 Consuli

889 915 1215 1002 praeciso,
1261 914 1552 1001 primum
1616 909 1903 998 templo,
1949 923 2027 977 ut
2073 913 2416 1000 ipsis'mos
2461 923 2639 990 erat,
2690 912 2765 979 ol

887 1052 965 1095 eo
1009 1041 1366 1117 purgatum
1397 1029 1700 1093 cranium
1749 1050 1910 1093 auro
1956 1025 2332 1107 caelarunt,
2365 1026 2560 1096 utad
2589 1028 2765 1095 Deot

887 1147 1105 1225 mina,
1134 1148 1264 1211 ritu
1295 1144 1579 1212 barbaro
1612 1141 1926 1233 poculum
1961 1157 2151 1210 esset.
2183 1143 2507 1212 Universa
2535 1168 2765 1234 quoqu

886 1263 1084 1349 potiti
1131 1284 1216 1340 ex
1263 1256 1555 1329 bostium
1603 1260 1830 1349 spoliis
1861 1259 2061 1326 simul
2095 1262 2468 1326 amicissimi
2496 1264 2760 1351 quique

884 1387 1040 1443 sunt
1083 1377 1449 1453 convivati.
1499 1378 1644 1441 Hac
1699 1373 1930 1463 strage
1959 1375 2242 1442 Romam
2303 1365 2650 1454 nuntiata,
2700 1377 2760 1442 cl

882 1491 1104 1558 bernis
1134 1488 1325 1557 ‘velut
1364 1505 1693 1558 nocturna
1740 1491 2030 1559 solitudo
2073 1494 2143 1557 in
2190 1491 2356 1557 urbe
2402 1489 2569 1571 fuit;
2618 1491 2765 1559 don«

885 1620 1190 1675 meuntes
1220 1606 1469 1674 AEdiles
1514 1608 1767 1697 ubique
1813 1604 2110 1676 officinas
2142 1611 2407 1698 aperiri,
2440 1621 2508 1674 et
2541 1615 2765 1700 moesti

879 1723 1093 1791 blicae
1140 1727 1424 1813 speciem
1473 1723 1674 1790 abiici
1720 1724 2084 1811 jusserunt.
2130 1724 2352 1790 Aliam
2401 1725 2581 1812 apud
2626 1724 2765 1791 Can

879 1840 1137 1906 ximam
1181 1840 1438 1907 cladem
1487 1839 1718 1907 eodem
1767 1855 2088 1930 tempore,
2134 1838 2340 1906 ferme
2385 1843 2725 1930 octoginta

793 1983 800 1992 ·
882 1959 1156 2037 amissis,
1200 1957 1486 2026 Romani
1533 1971 1946 2047 acceperant.
2001 1958 2222 2041 Quare
2269 1957 2522 2026 Punico
2554 1957 2749 2026 bello

880 2071 1233 2142 Gallorum
1280 2074 1539 2142 ultione
1585 2077 1655 2141 in
1702 2073 1885 2140 aliud
1935 2088 2199 2163 tempus
2254 2078 2692 2165 opportunius
2736 2076 2765 2139 d

832 2188 1144 2255 ,nullum
1217 2188 1299 2255 ad
1366 2201 1659 2257 nostram
1729 2191 2056 2278 regionem
2120 2215 2199 2258 eo
2237 2181 2425 2270 ,anno
2494 2190 2763 2259 Praetor

879 2317 1127 2371 serunt.
1173 2305 1284 2371 Ex
1328 2318 1618 2395 quatuor
1682 2295 1890 2373 enim'
1924 2320 2088 2374 tunc
2140 2310 2371 2374 creatis
2417 2307 2764 2392 Praetoribj

879 2420 1131 2487 Romae
1174 2420 1282 2507 jus
1328 2421 1677 2503 dixerunt,
1710 2423 1878 2490 alius
1924 2426 1992 2490 in
2038 2422 2373 2503 Siciliam,
2413 2439 2689 2513 quartus
2734 2430 2764 2489 i*

877 2540 1054 2603 niam
1091 2550 1189 2605 est
1220 2538 1571 2628 profectus.
1617 2540 1794 2607 Cum
1828 2544 2305 2630 primum‘vero
2336 2544 2648 2630 respirare
2678 2517 2763 2606 ca·

877 2652 1127 2720 viribus
1175 2657 1487 2744 receptis,
1533 2655 1628 2722 M.
1676 2655 2079 2745 Pomponius
2130 2659 2201 2723 in
2247 2679 2476 2745 agrum
2523 2654 2763 2722 Gallim

874 2768 1135 2837 duabus
1179 2770 1594 2862 legionibus,
1641 2772 1726 2838 ad
1784 2772 2214 2841 continendos
2258 2784 2338 2840 ut
2394 2785 2650 2862 poterat
2713 2776 2763 2838 it

873 2886 1183 2976 populos,
1251 2888 1464 2955 venit.
1513 2888 1918 2978 Pomponio,
1971 2888 2053 2955 Τ.
2101 2863 2530 2978 Sempronius
2571 2888 2763 2955 Grac<

876 3003 1101 3071 aedilis
1151 3009 1464 3072 successit
1525 3004 1737 3092 (ille,
1803 3008 1921 3095 qui
1988 3006 2317 3073 Cannensi
2385 2983 2626 3095 praelio
2694 3030 2761 3094 pt

873 3119 1181 3185 omnibus
1247 3144 1362 3208 per
1428 3120 1680 3187 medios
1742 3120 1965 3215 bostes
2033 3124 2100 3188 vi
2170 3123 2521 3210 eruperat)
2568 3120 2761 3188 duabu

869 3232 1235 3321 Pomponio
1279 3232 1647 3322 legionibus
1694 3237 2001 3322 acceptis,
2044 3240 2469 3325 septuaginta
2514 3237 2758 3325 ampliu

872 3348 1220 3414 hominum
1289 3351 1490 3437 cepit,
1534 3361 1603 3414 et
1646 3347 2021 3437 Cliternum
2067 3350 2388 3439 oppidum
2457 3377 2756 3442 expugna

872 3463 960 3529 ob
1005 3487 1144 3528 rem
1178 3486 1480 3554 prospere
1522 3477 1772 3553 gestam
1803 3489 1959 3531 cum
1992 3470 2290 3534 exercitu
2321 3472 2390 3535 in
2423 3469 2754 3536 biennium

870 3593 1290 3668 prorogatum
1338 3598 1436 3647 est
1483 3586 1840 3671 imperium
1871 3584 1970 3649 (²).

1004 3697 1319 3787 Sequenti
1366 3722 1539 3766 auno
1593 3701 1673 3766 L.
1722 3700 1999 3770 Veturio
2043 3705 2111 3768 in
2157 3702 2455 3770 Galliam
2509 3707 2728 3793 misso,

868 3816 1085 3919 nensis
1128 3828 1196 3880 et
1239 3813 1631 3882 Placentina
1684 3817 2015 3898 coloniae,
2058 3841 2235 3908 quae
2282 3819 2500 3886 adbuc
2541 3823 2604 3887 in
2648 3819 2759 3887 fide

941 4072 1019 4138 (ι)
1053 4071 1171 4138 biv..
1201 4072 1284 4122 ubi
1322 4091 1430 4142 sup.

939 4164 1023 4233 (a)
1056 4164 1170 4215 Liv.
1203 4165 1291 4215 lib.
1328 4166 1359 4217 5
1393 4174 1444 4217 et
1477 4167 1529 4233 6,
1563 4168 1731 4220 decad.
1768 4170 1814 4220 3.
