2950 5017
705 394 836 458 208
1435 406 1674 453 amum
1727 406 2145 457 meramnum

702 543 924 600 rantes
967 529 1375 599 discurrunt.
1421 530 1557 614 Qui
1599 552 1686 596 ex
1726 529 1980 598 diversa
2022 528 2313 598 factione
2366 540 2600 613 eraut,
2648 543 2722 600 et
2765 535 2891 624 ipsi

702 648 977 734 arreptis
1042 647 1238 711 armis
1301 647 1370 711 in
1437 641 1661 712 forum
1729 658 2197 734 properarunt,
2259 644 2381 712 ubi
2445 669 2734 714 vessana
2794 651 2895 716 ira

704 762 992 852 odioque
1057 764 1301 828 incensi
1372 772 1563 829 atrox
1630 760 1955 851 praelium
2015 764 2511 831 commiserunt.
2554 763 2725 832 Non
2764 769 2891 833 nisi

700 881 1023 967 gemitus,
1066 875 1344 956 clamor',
1391 857 1861 966 armorumque
1927 879 2238 966 strepitus
2304 877 2547 958 audiri,
2614 878 2891 968 plurimi

705 993 929 1072 caedi,
973 1015 1095 1061 nec
1138 995 1476 1081 pauciores
1526 990 1888 1073 vulnerari,
1930 994 2407 1082 universaeque
2468 990 2604 1062 fori
2672 1008 2889 1084 partes

702 1133 932 1178 cruore
975 1110 1247 1196 irrigari.
1294 1107 1674 1198 Superiores
1719 1109 1837 1175 uhi
1883 1122 2148 1176 noctem
2190 1112 2429 1176 instare
2471 1112 2888 1181 animadver-

704 1238 861 1291 tunt
902 1228 972 1290 in
1018 1223 1331 1313 Episcopi
1375 1234 1447 1289 et
1490 1223 1809 1291 Praetoris
1850 1222 2182 1312 palatium
2248 1247 2320 1291 se
2377 1227 2741 1315 recipiunt.
2787 1227 2884 1292 Ibi

702 1339 1121 1406 crudescente
1181 1360 1404 1428 pugna
1473 1360 1542 1404 se
1604 1337 1891 1404 flammis
1934 1338 2124 1404 aedes
2167 1353 2677 1428 consumpturos
2718 1339 2890 1407 Infe-

700 1459 897 1524 riores
942 1458 1226 1523 nominis
1286 1454 1507 1523 hostes
1553 1459 1724 1521 truci
1768 1454 1966 1524 vultu
2013 1458 2533 1525 comminantur.
2585 1458 2889 1527 Maxima

700 1575 1002 1660 impensa
1048 1594 1124 1637 ea
1169 1569 1462 1637 aedificia
1509 1581 1816 1637 extructa
1859 1568 2156 1651 fuerant,
2188 1585 2256 1637 et
2283 1573 2569 1661 impium
2619 1575 2888 1663 utriqne

700 1690 874 1776 parti
919 1686 1269 1755 videbatur
1314 1697 1426 1754 tot·
1460 1687 1789 1753 mensium
1836 1706 2034 1775 opus,
2081 1698 2150 1752 et
2193 1697 2381 1752 tanta
2425 1691 2715 1776 pecunia
2759 1688 2892 1755 ela-

697 1803 1011 1871 boratum
1057 1826 1191 1870 una
1233 1801 1394 1870 hora
1437 1802 1633 1869 dirui.
1680 1804 1901 1884 Quare
1946 1802 2146 1868 multi
2189 1825 2260 1869 se
2303 1804 2595 1871 invicem
2661 1827 2887 1893 rogare

695 1931 779 1983 ,ut
823 1918 1055 2007 gladiis
1085 1942 1221 1984 rem
1255 1929 1544 2006 agentes,
1576 1917 1914 1984 nobilibus
1946 1921 2139 1984 tectis
2171 1920 2592 2008 ignoscerent.
2647 1919 2890 1988 Insana

702 2046 933 2098 tamen
979 2033 1159 2098 rabie
1205 2031 1510 2098 nonnulli
1554 2033 1637 2098 de
1680 2032 1870 2120 plebe
1917 2031 2217 2122 opifices,
2244 2044 2341 2099 ut
2383 2037 2729 2124 egregium
2779 2036 2891 2102 ali-

701 2149 886 2240 quod
932 2160 1331 2238 perpetrasse
1374 2149 1781 2231 viderentur5
1809 2150 2052 2235 injecto
2079 2152 2255 2239 igne,
2287 2161 2508 2219 totum
2550 2152 2890 2240 palatium

705 2287 912 2352 usque
958 2263 1044 2328 ad
1086 2265 1177 2329 D.
1223 2262 1567 2332 Michaelis
1636 2264 1965 2353 templum
2029 2264 2481 2333 incenderunt.
2532 2266 2891 2334 Taurellus

702 2378 974 2447 Praetor
1017 2379 1200 2469 quod
1259 2403 1414 2445 cum
1461 2378 1919 2468 Superioribus
1988 2384 2387 2469 conspirasse
2451 2383 2636 2449 visus
2690 2397 2891 2464 esset,

698 2508 769 2561 et
839 2498 978 2584 ipse
1041 2518 1222 2567 cum,
1260 2494 1515 2561 familia
1559 2508 1627 2562 et
1671 2485 2152 2584 apparitoribus
2219 2496 2386 2562 urbe
2451 2496 2709 2582 ejectus
2778 2523 2892 2587 per
2940 2558 2941 2569 ,

696 2611 928 2679 Pontis
984 2613 1257 2679 Levonii
1325 2624 1586 2701 portam
1654 2634 1940 2700 egressus
2015 2625 2166 2692 est3
2210 2635 2367 2679 cum
2419 2636 2499 2680 eo
2551 2613 2894 2695 Folleani,

698 2727 1015 2810 Roberti,
1080 2727 1445 2808 Manfredi,
1513 2741 1581 2795 et
1649 2731 1889 2795 caeteri
1955 2726 2336 2818 Superiores
2405 2730 2557 2821 sub,
2590 2731 2894 2798 mediam

607 2826 615 2832 ’
698 2857 965 2912 noctem
1020 2844 1277 2935 expulsi
1326 2845 1755 2925 Herberiam,
1800 2844 2113 2912 Castrum
2158 2845 2558 2912 Arianorum
2620 2858 2703 2912 et·
2757 2846 2896 2913 Re-

698 2961 949 3050 giclum
1007 2985 1077 3029 se
1125 2962 1498 3030 contulere.
1545 2961 1708 3028 Mox
1753 2975 1963 3029 castro
2006 2960 2237 3028 Plebis·
2279 2961 2364 3026 de
2408 2962 2611 3029 Prato
2658 2974 2890 3051 capto,
2940 2970 2941 3047 ζ

696 3080 1022 3156 Ioannem
1053 3090 1120 3144 et
1150 3077 1633 3146 Thomasinum
1665 3078 1990 3146 Robertos
2009 3129 2029 3159 ,
2060 3081 2180 3166 qui
2210 3076 2591 3173 Alexandro
2621 3076 2694 3144 S.
2718 3079 2889 3146 Mar·
2940 3058 2941 3139 Ῠ

659 3197 828 3271 ‚tini
872 3194 1160 3260 Domino
1205 3206 1445 3281 agnato
1490 3191 1904 3260 infensissimi
1953 3193 2171 3260 hostes
2216 3207 2442 3274 erant,
2473 3177 2646 3259 'cum
2702 3218 2887 3283 prae-

699 3308 865 3376 sidio
911 3306 1387 3397 praefecerunt.
1433 3309 1875 3376 Bernardinus
1930 3332 2088 3376 vero
2146 3308 2503 3375 Folleanus
2549 3309 2886 3399 Carpinati

701 3423 1008 3491 ecclesiae
1054 3425 1469 3515 Praepositus
1515 3448 1673 3492 cum
1719 3424 2052 3492 Canussiis
2096 3425 2287 3514 Regii
2337 3429 2717 3516 principatu
2775 3450 2887 3516 po·

700 3543 865 3609 titus
909 3542 1072 3609 urbe
1109 3543 1369 3633 'direpta
1412 3541 1661 3611 Sessics
1706 3545 1917 3611 socios
1960 3545 2210 3632 patrias
2253 3546 2573 3625 restituit,
2603 3548 2724 3634 qui
2749 3547 2885 3610 illis

684 3659 897 3749 fidem
927 3661 1272 3747 jurarunt.
1338 3698 1349 3707 -

837 3776 972 3844 Tot
1017 3776 1421 3844 tumultibus
1467 3775 1712 3845 afflicta
1755 3780 2028 3845 civitate
2083 3800 2239 3843 cum
2292 3774 2520 3844 nullus
2565 3776 2661 3844 ob
2703 3775 2882 3845 nobi-
2940 3826 2941 3831 κ

702 3891 873 3957 lium
912 3892 1301 3961 seditionem
1335 3894 1639 3961 caedium
1669 3893 1818 3961 finis
1846 3892 2133 3988 futurus⁴
2163 3879 2530 3974 videretur,
2560 3903 2640 3959 ut
2667 3894 2725 3958 si
2753 3913 2881 3980 qua

700 4009 954 4083 ratione
1012 4006 1151 4075 fieri
1221 4020 1436 4098 posset
1483 4009 1641 4077 huic
1685 4010 1918 4078 morbo
1963 4008 2380 4076 mederentur
2422 4010 2495 4075 in
2539 4007 2872 4075 Palatium

703 4125 938 4193 moesti
981 4125 1157 4199 cives.
1202 4120 1628 4195 conveniunt.
1689 4126 1795 4194 Ibi
1817 4178 1821 4183 .
1847 4126 1930 4195 de
1982 4123 2389 4217 reprimenda
2453 4122 2875 4195 factiosorum
