2950 5017
876 406 1074 455 mnu
1117 405 1410 463 omnus
2091 413 2217 484 ²9¹

58 522 374 593 infirmia
454 521 750 592 Luchini
790 520 1219 597 vicecomitis
1283 524 1542 618 praelfis
1575 512 1771 619 'pene
1834 528 2225 622 consumpta

58 660 192 729 gre
269 639 749 735 retinebatur.
794 640 1012 725 Quare
1054 665 1096 709 a
1139 640 1418 711 Giberto
1460 640 1786 712 Sanvitali
1840 662 2222 735 persuasus,

56 766 78 819 t
118 777 212 820 ea.
263 754 469 822 urbe
513 754 909 825 vicecomiti
947 756 1232 825 »vendita
1281 781 1322 825 a
1367 756 1548 827 bello
1592 758 1977 842 discederet,
2019 760 2222 829 Vero-

56 892 162 937 am
237 870 344 937 ad
427 868 835 963 Scaligerum
898 871 1351 963 proficiscitur,
1395 873 1516 942 ubi
1561 875 1799 953 Joanni
1863 876 2236 956 Mediolani,

57 983 499 1075 rchipresuli
542 997 613 1053 et
654 986 958 1057 Luchino
986 985 1174 1057 fratri
1203 989 1511 1056 Parmam
1543 993 1881 1098 sexaginta
1926 990 2224 1059 millibus

54 1123 481 1182 orenorum,
507 1124 701 1191 paee
768 1105 972 1185 inita,
1035 1086 1366 1176 vendidit.
1440 1101 1634 1193 eujus
1699 1109 1794 1174 rei
1861 1109 2227 1177 etiamnum

54 1216 371 1283 rancisci
459 1217 844 1294 Petbrarcae
918 1232 1066 1287 tum
1131 1221 1404 1289 Parmae
1473 1221 1959 1290 Archiflaminis
2036 1235 2226 1290 extat
2288 1249 2296 1259 ·

54 1329 308 1420 pistola
325 1380 348 1398 .
401 1330 699 1399 civitate
743 1356 914 1423 quae
966 1334 1127 1401 belli
1169 1358 1366 1403 causa
1409 1334 1632 1403 fuerat
1685 1348 1988 1425 accepta,
2032 1336 2227 1404 Vice-

53 1449 309 1517 omitea
354 1446 603 1517 Obicio
638 1448 936 1523 Atestino
968 1447 1177 1517 ,facile
1221 1450 1563 1540 Gonzagos
1604 1451 2061 1519 conciliarunt.
2111 1451 2223 1518 Ex

52 1567 208 1630 iacis
249 1562 535 1654 legibus
579 1568 923 1655 proscripti
951 1566 1327 1657 Regienses,
1356 1580 1616 1657 praeter
1659 1591 1903 1657 paucos
1947 1567 2228 1650 nobiles,

52 1680 148 1768 {ui
185 1679 526 1754 Mantuae
570 1679 868 1747 habitare
912 1680 1075 1767 jussi
1118 1692 1308 1762 sunt,
1369 1682 1458 1748 ab
1525 1680 1732 1750 exilio
1796 1686 1867 1749 in
1933 1686 2227 1773 patriam

50 1798 356 1877 revocati,
395 1795 842 1886 ademptaque
885 1796 1159 1864 castella‘
1203 1809 1358 1864 sunt
1400 1801 1748 1865 restituta:
1784 1810 1852 1865 et
1879 1798 2231 1888 Gonzagus

50 1910 110 1977 in
152 1909 483 1995 Bortiani,
522 1925 591 1978 et
634 1910 862 1979 Sancti
900 1913 1172 1979 Martini
1215 1892 1332 1979 ubi
1378 1916 1586 1979 etiam
1631 1937 1850 2009 arcem
1901 1921 2224 1996 extruxit,

50 2023 322 2094 castellis
400 2028 684 2116 receptis
756 2027 1080 2116 praesidia
1149 2029 1494 2116 imposuit.
1568 2027 1819 2095 Contra
1884 2028 2230 2095 Atestinus

49 2138 415 2207 Castellum
486 2139 877 2210 Arianorum
946 2154 1025 2212 et.
1085 2140 1421 2230 Campum
1493 2139 1833 2228 Gajanum
1901 2145 2227 2229 munivit.

49 2250 141 2321 Eo
178 2265 484 2345 tempore
526 2254 903 2345 pluviarum
932 2257 1121 2345 copia
1151 2255 1576 2343 Crustumius
1616 2279 1965 2346 erumpens
2009 2280 2227 2346 usque

56 2370 129 2436 ad
167 2368 497 2440 Sanctum
541 2352 930 2441 Micbaelem
975 2396 1016 2440 a
1058 2396 1322 2453 nemore
1362 2377 1588 2441 'omnia
1631 2373 2014 2454 inundavit,
2042 2354 2226 2464 quod

61 2480 306 2554 futurae
335 2487 742 2555 calamitatis
780 2487 1152 2577 prodigium
1195 2485 1394 2555 fuisse
1438 2486 1736 2578 plerique
1779 2488 2224 2582 crediderunt.

61 2597 160 2667 Ex
211 2600 414 2692 Syria
472 2605 647 2670 enim
715 2627 844 2670 non
913 2602 1129 2670 multo
1195 2614 1341 2694 post
1407 2626 1695 2671 reversae
1764 2596 2226 2671 Genuensium

66 2717 328 2784 triremes
373 2731 628 2808 pestem
671 2720 740 2784 in
785 2716 1051 2785 Italiam
1083 2716 1496 2797 attulerunt;
1525 2740 1699 2815 quae
1727 2715 1929 2782 latius
1952 2738 2224 2807 serpeus

67 2832 246 2899 etiam
289 2835 358 2899 in
413 2832 708 2901 Galliam
752 2830 1192 2922 Cisalpinam,
1223 2833 1645 2922 Hispaniam,
1676 2830 2109 2909 Britanniam,
2151 2840 2223 2896 et

70 2942 476 3015 Germaniam
523 2972 730 3038 usque
774 2932 1093 3038 pervenit.
1139 2947 1274 3014 Sed
1321 2950 1392 3014 in
1436 2947 1637 3013 Italia
1681 2958 1938 3036 praeter
1974 2945 2227 3038 Medio-

70 3055 305 3145 lanum,
347 3077 427 3132 et
471 3065 772 3145 Parmam
847 3086 1097 3154 paucae
1150 3065 1446 3130 civitates
1513 3062 1602 3128 ab
1667 3084 1745 3128 ea
1798 3060 1913 3129 lue
1957 3060 2222 3129 illaesae

76 3193 577 3261 permanserunt,
604 3193 672 3246 et
701 3176 895 3269 Regii
938 3178 1210 3269 plurimi
1253 3191 1409 3246 sunt
1454 3180 1866 3267 consumpti:
1899 3176 2222 3247 Bertonus

79 3312 313 3383 quoque
355 3296 683 3363 Robertus
726 3300 792 3362 in
841 3296 998 3363 Divi
1044 3295 1310 3362 Martini
1366 3292 1641 3361 castello
1684 3292 1979 3360 decessit.
2025 3291 2220 3361 Novo

80 3408 260 3476 morbi
322 3435 559 3503 genere
623 3415 1003 3501 sanguinem
1047 3411 1482 3501 expuebant,
1526 3433 1602 3477 ac
1667 3410 1885 3479 triduo
1951 3407 2214 3481 nullam

86 3522 191 3590 sihi
217 3544 414 3618 'opem
462 3525 791 3606 medicina
846 3525 1120 3596 ferente·
1155 3527 1568 3617 expirabant.
1612 3525 1749 3592 Alii
1792 3527 1861 3591 in
1906 3526 2222 3613 sanguine

84 3636 172 3704 vel
208 3643 324 3710 sub
366 3643 476 3711 ala
520 3656 676 3715 nata
720 3642 955 3734 glande
984 3646 1180 3733 pauci
1211 3641 1602 3710 evadebant.
1644 3641 1951 3729 Denique
1983 3638 2221 3704 medici

90 3753 292 3825 eodem
365 3752 636 3829 morbo·
670 3761 943 3827 extincti
1018 3757 1343 3825 auxilium
1425 3756 1918 3848 aegrotantibus
1991 3751 2221 3820 afferre

90 3865 402 3944 detiemnt.
433 3876 603 3947 Sine
645 3877 1083 3946 sacerdotibus
1126 3873 1446 3943 destituta
1507 3872 1829 3941 cadavera
1888 3870 2222 3960 relinque·

91 3982 322 4077 bantur,
356 4019 530 4086 quae
573 3994 844 4063 demum
887 3997 1308 4064 morientium
1355 4016 1636 4063 numero
1678 4001 2026 4082 superante
2069 4011 2218 4079 pas·
2324 4010 2329 4015 ·

95 4102 198 4170 ⁸1¹¹!
241 4109 644 4179 inhumata·
621 4136 901 4197 Jacuere.
935 4110 1184 4193 Amici,
1209 4108 1461 4192 affines,
1492 4111 1790 4200 cognati,
1817 4119 1883 4174 et
1913 4104 2219 4195 conjuges
