2950 5017
957 450 1153 497 LIBER
1197 451 1439 499 PRIMUS
2198 458 2241 501 2
2251 459 2275 501 1

112 596 287 642 versa
327 571 483 642 loo·
528 572 783 650 tenuit;
826 567 942 636 alii
982 569 1243 659 longius
1287 574 1595 661 progressi
1641 573 1813 638 inter
1857 584 2113 640 montes
2154 572 2282 662 Py-

112 711 331 757 reneos
364 699 441 755 et
470 685 673 776 Alpes
713 696 999 766 nostras,
1043 689 1446 775 provinciam
1478 685 1770 754 Galliam
1800 687 2043 754 dictam
2090 711 2283 756 oocu-

108 816 431 895 pnverunt
452 803 552 869 (τ).
600 801 925 869 Nonnulli
968 800 1323 869 Comerum
1346 802 1414 866 (2)
1457 801 1733 869 Gallum
1778 807 1993 892 primo
2040 806 2105 871 in
2153 805 2288 870 Ita-

107 919 261 987 liam
316 922 582 989 venisse
610 969 630 999 ,
675 941 836 985 mox
892 917 1096 1008 Alpes
1155 930 1632 1008 trangressum,
1676 923 2075 1009 provinciam
2098 972 2119 1001 ,
2164 922 2283 987 uhi

110 1035 322 1103 sedem
391 1037 646 1125 posuit,
697 1057 738 1099 a
788 1056 860 1101 se
916 1032 1212 1102 Galliam
1259 1036 1590 1102 vocavisse
1640 1034 1956 1102 scribunt.
2004 1034 2134 1103 Sed
2180 1013 2324 1102 ut·-

114 1172 395 1239 oumque
435 1148 608 1216 haec
647 1172 716 1214 se
759 1171 829 1214 se
874 1148 1207 1231 habeant,
1270 1160 1531 1218 constat
1597 1151 1886 1239 primum
1937 1174 2021 1217 ex
2074 1149 2288 1218 Gallis

118 1264 524 1334 Bellovesum
569 1287 743 1332 anno
790 1275 940 1355 post
980 1263 1264 1332 Romam
1316 1265 1656 1333 conditam
1715 1267 1971 1331 circiter
2014 1288 2176 1346 cmx,
2219 1277 2288 1332 et

119 1395 265 1449 ante
325 1382 614 1450 salutem
680 1381 1047 1448 humanam
1118 1379 1329 1449 ferme
1370 1404 1495 1461 no,
1541 1393 1616 1448 et
1659 1404 1698 1448 o
1740 1405 1946 1471 quam
1992 1405 2030 1446 a
2076 1382 2289 1449 Gallis

120 1497 324 1566 Roma
378 1510 755 1587 caperetur,
806 1496 1016 1586 pulsis
1067 1497 1378 1577 Thusois‚
1433 1497 1922 1578 Mediolanum,
1966 1496 2288 1579 Comum,

119 1624 185 1679 et
222 1614 620 1703 Bergomum
667 1616 738 1679 in
781 1611 1086 1679 Insubria
1131 1616 1414 1680 tenuisse
1442 1612 1542 1678 (3).
1587 1613 1740 1679 Alia
1771 1613 2007 1680 deinde
2051 1635 2290 1679 manus

120 1727 205 1794 ab
241 1729 466 1796 eodem
519 1726 861 1795 Belloveso
918 1729 1265 1807 accersita,
1319 1726 1619 1795 Elioovio
1678 1728 1873 1807 duce,
1928 1727 2048 1794 ubi
2104 1749 2285 1793 nuno

126 1843 341 1909 Brixia
371 1856 438 1909 et
464 1843 727 1911 Verona
773 1842 1304 1932 opulentissimae
1348 1842 1544 1909 urbes
1586 1841 1856 1923 florent,
1902 1841 2052 1910 loca
2097 1866 2288 1911 occu-

124 1960 328 2047 pavit.
371 1960 515 2026 Hos
561 1956 854 2038 Saluvii‚
898 1961 1017 2046 qui
1060 1956 1475 2025 Salutiorum
1523 1957 1765 2046 oppido
1811 1980 2048 2026 nomen
2094 1958 2291 2025 dede-

122 2084 268 2140 runt
292 2123 311 2154 ,
351 2084 512 2142 sunt
553 2075 759 2141 secuti
781 2120 798 2138 .
844 2072 1168 2162 Lingones
1231 2073 1514 2161 denique
1573 2084 1641 2137 et
1706 2072 1850 2140 Boii
1919 2076 2291 2141 vicinorum

121 2188 448 2278 exemplo,
492 2200 564 2255 et
622 2190 748 2278 ipsi
789 2190 1123 2255 montium
1168 2188 1329 2277 juga
1384 2186 1943 2268 transcendentes,
2001 2190 2291 2276 antiquis

121 2300 533 2393 Regiensium
579 2317 646 2370 et
688 2301 992 2370 Felsinae
1035 2302 1315 2368 Thusois
1373 2301 1626 2369 colonis
1680 2301 1939 2387 ejectis,
1991 2314 2289 2368 nostrum

124 2439 341 2508 agrum
380 2429 761 2486 tenuerunt.
806 2417 885 2484 Id
931 2441 1016 2483 ex
1062 2415 1369 2498 aliorum,
1414 2429 1484 2482 et
1522 2417 1696 2484 Livii
1726 2415 1792 2482 ‹4›
1841 2416 2058 2484 verbis
2110 2441 2294 2506 aper-

125 2536 352 2603 tissime
391 2535 985 2626 depraehenditur,
1028 2537 1147 2624 qui
1192 2534 1494 2600 Mutinae
1548 2544 1619 2599 et
1680 2533 1956 2599 Parmae
2016 2533 2290 2623 praedia

127 2665 265 2719 ante
311 2652 766 2732 Thuscorum,
821 2663 1054 2741 postea
1110 2650 1420 2718 Boiorum
1482 2648 1680 2715 fuisse
1735 2649 2060 2716 scribunt.
2112 2651 2292 2732 Quin

127 2779 192 2833 et
252 2767 407 2837 villa
453 2766 650 2836 hodie
695 2768 872 2856 apud
914 2791 1036 2835 nos
1080 2790 1119 2832 a
1164 2767 1474 2834 Boiorum
1537 2768 1802 2832 nomine
1851 2765 1952 2851 (si
1997 2777 2135 2830 tam
2183 2788 2294 2832 ve·

131 2893 329 2951 tutae
364 2885 647 2974 'originis
711 2895 1145 2952 monumenta
1213 2895 1441 2949 extare
1499 2878 1902 2947 credendum
1974 2880 2118 2967 est)
2164 2881 2291 2946 sub

131 2995 462 3066 secundiani
490 2999 734 3090 oppido
767 2999 1091 3068 Boionum
1140 2996 1501 3088 appellata,
1534 2999 1848 3083 antiquae
1893 2997 2108 3082 gentis
2151 3018 2292 3061 me-

131 3115 393 3180 moriam
433 3136 807 3183 oonservare
849 3114 1118 3181 dicitur.
1165 3113 1383 3179 Tanta
1429 3133 1658 3178 eorum
1702 3107 1835 3175 fuit
1885 3108 2288 3190 multitudo,
2409 3135 2422 3158 ν

126 3240 203 3295 ut
239 3252 278 3297 a
306 3230 530 3299 Laude
561 3231 904 3320 Pompeia,
934 3253 1139 3321 quam
1185 3232 1310 3321 ipsi
1354 3230 1556 3295 etiam
1589 3225 2049 3306 condiderunt,
2081 3250 2291 3315 usque

126 3346 187 3412 in
218 3345 589 3430 Urbinates,
633 3349 1021 3416 auctoribus
1064 3347 1343 3428 Catone,
1371 3358 1440 3413 et
1470 3344 1682 3413 Plinio
1714 3345 1816 3424 (5),
1861 3368 1976 3432 per
2017 3356 2290 3410 eentum

126 3473 192 3526 et
228 3462 574 3533 duodecim
619 3464 863 3546 tribus,
906 3467 1044 3531 sive
1086 3464 1214 3530 hae
1257 3463 1485 3543 urbes,
1544 3464 1679 3529 sive
1731 3460 2002 3528 clariora
2046 3459 2287 3548 oppida

128 3573 398 3662 fuerint,
423 3579 563 3648 late
594 3578 1141 3647 diffunderentur.
1187 3580 1406 3647 Primo
1439 3565 1730 3645 adventu
1776 3600 1932 3643 cum
1980 3575 2294 3666 indigenis

188 3812 266 3879 (ι)
294 3811 435 3864 min.
463 3813 555 3866 ubi
586 3829 700 3883 sup.

190 3902 269 3975 (a)
298 3904 474 3959 Beot-
510 3905 601 3958 ubi
633 3923 747 3975 sup.

190 3995 265 4065 (3)
296 3996 429 4050 nin.
460 3998 553 4051 lib.
586 3998 638 4065 3,
670 4014 780 4069 cap.
810 3999 860 4051 6.

194 4087 269 4158 (ᾗ)
298 4089 412 4142 Lib.
442 4091 497 4159 5,
528 4090 718 4145 Doud-

196 4181 272 4251 (5)
300 4181 435 4237 nin.
464 4183 558 4238 lib.
592 4184 644 4252 3,
677 4201 784 4254 cap.
824 4202 881 4237 ιι
916 4192 967 4239 et
1003 4185 1080 4237 15.
