2950 5017
619 406 757 490 430
1363 417 1604 463 annun
1646 385 2069 463 ancrmsrtin

620 544 939 633 Gonzago
982 537 1390 610 indixerunt.
1436 536 1537 605 Ut
1579 555 1825 606 aurum
1866 560 2027 607 vero
2069 532 2342 606 facilius
2378 535 2848 627 colligeretur,
2918 565 2919 620 3

620 660 921 728 Caesaris
964 656 1209 725 litteris
1264 654 1624 723 clientibus
1691 652 2216 735 concedebatur,
2263 665 2344 721 ut
2388 677 2481 721 ex
2533 657 2847 722 omnium

620 775 1082 861 subjectorum
1125 774 1294 862 agris
1338 773 1627 861 pecunia
1671 773 1975 868 conquiri
2024 784 2274 861 posset,
2322 783 2392 837 et
2433 794 2679 839 eorum
2721 774 2842 861 qui

617 889 1060 981 negligentius
1101 888 1446 958 solvissent
1505 888 1928 978 praediorum
1984 884 2246 956 fructus
2300 910 2456 954 cum
2512 887 2842 973 jumentis

619 1007 896 1075 distrahi
941 1006 1379 1094 jubebantur.
1426 1004 1781 1098 Gonzagus
1852 1006 2086 1095 itaque
2149 1009 2222 1072 in
2267 1028 2400 1074 eos
2476 1004 2839 1094 Regienses

619 1146 995 1204 conversus,
1039 1125 1161 1214 qui
1195 1120 1594 1190 Nivolariae
1638 1133 1708 1188 et
1751 1119 2034 1211 Bagnoll
2079 1116 2347 1189 fundos
2368 1120 2838 1211 possidebant,

625 1252 847 1316 ternos
890 1241 962 1305 in
1006 1236 1270 1329 singula
1306 1238 1539 1328 jugera
1576 1236 1810 1307 obolos
1840 1239 2223 1327 imperavit.
2252 1238 2359 1306 Ac
2386 1234 2841 1304 Videfrustius

617 1379 761 1423 rem
790 1355 1088 1422 Caesaris
1134 1376 1333 1444 agens
1377 1377 1508 1423 non
1558 1376 1778 1444 pauca
1822 1354 2118 1434 civium,
2145 1340 2548 1443 qui’stipem
2593 1352 2842 1421 solvere

620 1472 1033 1554 renuebant,
1075 1471 1383 1558 jumenta
1426 1471 1868 1556 distracturus
1931 1471 2178 1560 abegit.
2248 1468 2428 1536 Cum
2502 1492 2667 1537 vero
2733 1492 2847 1559 per

619 1587 861 1655 duram
906 1588 1323 1656 exactionem
1377 1609 1418 1654 a
1487 1587 1823 1678 plerisque
1890 1587 2099 1656 etiam
2163 1584 2315 1675 plus
2360 1585 2577 1683 duplo
2627 1595 2848 1651 extor-

622 1699 973 1796 queretur,
1001 1704 1354 1795 Regienses
1398 1704 1482 1771 de
1529 1706 1762 1794 iniquo
1791 1725 1988 1771 onere
2016 1701 2195 1792 apud
2230 1699 2644 1769 Pontificem
2693 1724 2846 1769 con-

622 1823 845 1911 questi
909 1820 1346 1889 obtinuerun't
1408 1831 1491 1887 ut
1557 1821 2078 1888 controversiam
2143 1817 2529 1886 Gozadinus
2595 1815 2843 1884 finiret.

604 1913 843 2021 ⁸Quare
888 1936 972 2004 ad
1016 1961 1174 2006 eum
1220 1940 1466 2005 citatus
1504 1937 1799 2014 Joannes
1854 1935 2088 2004 Petrus
2143 1947 2220 2000 ut
2254 1947 2588 2002 exactam
2651 1956 2845 2024 pecu-

622 2055 806 2122 niam
837 2033 1253 2133 restitueret,
1281 2077 1355 2120 se
1386 2052 1685 2120 Caesaris
1728 2051 1966 2121 litteris
2011 2050 2361 2117 tuebatur.
2384 2049 2647 2120 Contra
2679 2052 2846 2117 cives

621 2167 931 2237 Pontifici
974 2167 1314 2256 subjectos
1362 2170 1450 2235 ab
1494 2169 1904 2260 Imperatore
1959 2170 2213 2239 onerari
2261 2192 2399 2235 non
2440 2190 2639 2257 posse
2699 2190 2847 2235 con·

625 2287 1015 2358 tendebant.
1060 2287 1189 2356 Pro
1231 2287 1670 2378 Regiensibus
1717 2287 1991 2355 tandem
2038 2309 2127 2353 ex
2183 2289 2428 2375 scripto
2462 2284 2644 2351 ‘lata
2708 2309 2848 2352 sen-

623 2406 863 2485 tentia,
909 2404 996 2470 ad
1038 2402 1435 2472 Pontificem
1484 2417 1586 2471 est
1630 2415 2110 2493 provocatum3
2156 2425 2238 2469 ac
2280 2401 2410 2469 sub
2452 2401 2593 2467 dies
2646 2399 2844 2469 festos

622 2526 834 2591 nostri
878 2521 1250 2591 Servatoris
1293 2522 1721 2612 Resurgentis
1788 2535 2078 2624 utraque
2144 2543 2294 2610 pars
2344 2519 2644 2588 Romam
2703 2543 2847 2589 con-

623 2638 868 2719 tendit,
900 2639 1021 2705 uhi
1052 2637 1407 2707 Leonellus
1437 2640 1745 2724 Fontana
1789 2650 2057 2709 strenue
2103 2660 2377 2704 eausam
2418 2639 2689 2705 civium
2736 2637 2847 2703 de-

622 2745 864 2854 fendit.
909 2757 1209 2840 Demum
1251 2756 1637 2838 Iulianum,
1682 2780 1831 2847 quo,
1870 2770 2165 2847 tempore
2231 2753 2692 2845 praefecturae
2736 2754 2848 2821 a'd·

624 2878 1181 2943 ministrationem
1250 2875 1645 2965 susciperet,
1695 2872 1891 2942 litem
1945 2874 2255 2942 dirimere
2323 2872 2607 2963 placuit.
2665 2874 2845 2940 Haec

625 2994 1071 3060 controversia
1117 3015 1435 3083 magnum
1484 2991 1830 3062 dissidium
1878 2995 2227 3070 excitavit,
2271 3013 2429 3057 eum
2469 3013 2613 3057 nou
2654 2989 2845 3058 Bebii

626 3123 937 3190 tantum,
981 3109 1096 3176 sed
1141 3114 1349 3177 etiam
1396 3112 1780 3201 proscripti,
1824 3112 1945 3201 qui
1989 3107 2378 3178 Nivolariae
2431 3109 2640 3198 recipi
2697 3131 2844 3176 con-

625 3239 1006 3307 sueverant,
1050 3225 1380 3320 Gonzagis
1424 3225 1782 3309 faverent3
1827 3227 1943 3294 alii
1987 3249 2147 3295 vero
2191 3227 2536 3316 aequiores
2588 3227 2842 3314 patriae

625 3342 778 3428 jura
823 3365 1204 3410 conservare
1249 3341 1684 3411 nitebantur:
1733 3343 1849 3410 sed
1903 3342 2109 3434 paulo
2172 3337 2322 3433 post
2365 3342 2640 3409 Mutina
2687 3365 2842 3433 qua·

628 3459 940 3548 draginta
1001 3459 1304 3526 millibus
1359 3484 1712 3546 aureorum
1764 3461 1848 3528 de
1891 3459 2357 3530 Maximiliano
2401 3460 2732 3542 Caesare,
2775 3472 2842 3526 ut

535 3613 542 3617 -
626 3577 915 3686 mori-ens
958 3573 1182 3653 Julius
1234 3575 1695 3667 praeceperat,
1744 3590 2012 3670 empta,
2057 3576 2197 3659 vel,
2253 3588 2334 3643 ut
2377 3576 2496 3644 alii
2543 3576 2839 3655 malunt,

583 3696 888 3784 ‘pignori
933 3705 1248 3784 accepta,
1305 3695 1444 3789 Leo
1505 3720 1735 3765 omues
1803 3719 1913 3764 eas
1982 3695 2448 3786 altercationes
2518 3694 2840 3773 sustulit3

625 3808 1215 3902 Videfrustiusque
1244 3814 1392 3900 ejus
1409 3814 1603 3884 ,urbis
1634 3812 2008 3905 praefectus
2025 3866 2046 3897 ‚
2075 3817 2196 3904 qui
2226 3816 2493 3882 avarius
2531 3837 2603 3880 se
2631 3833 2840 3904 gerere

627 3927 1001 4012 dicebatur,
1045 3947 1165 4020 per
1207 3917 1561 4022 Ran'gonos
1604 3935 1674 4002 vi
1720 3932 2039 4024 expulsus
2082 3944 2203 3999 est.
2294 3996 2311 4000 -

765 4047 1026 4116 Interea
1077 4049 1513 4119 Pentecostes‘
1556 4050 1966 4122 solemnibus
2013 4050 2356 4118 transactis
2375 4100 2395 4130 ,
2441 4051 2836 4116 nunciatum

630 4174 763 4246 est,
827 4165 1258 4236 Franciscum
1329 4155 1696 4260 Angulemi
1763 4170 2027 4238 Ducem
2047 4217 2068 4251 ,
2135 4169 2255 4258 qui
2319 4168 2393 4235 in
2462 4165 2836 4235 Galliarum
