2950 5017
750 429 793 496 6
1656 447 2017 496 manno

737 566 982 667 paucis
1025 589 1266 641 earum
1312 564 1680 642 annalibus
1725 563 2151 657 extantibus,
2194 588 2475 643 omnem
2531 593 2779 644 rerum
2808 594 2909 668 ge-

735 705 998 763 starum
1025 688 1431 763 memoriam
1456 688 1832 762 amiserint.
1862 689 2053 762 Inter
2081 686 2253 763 alios
2282 704 2518 763 autem
2544 714 2909 789 oppressos

739 808 1040 909 populos
1084 810 1461 909 praecipue
1506 808 1812 907 lugenda
1857 801 2305 907 Regiensium
2360 810 2728 886 calamitas
2772 812 2909 898 fuit

736 931 863 1032 qui
906 930 1275 1007 Gallorum
1321 933 1395 1003 in
1440 931 1682 1030 primis
1735 931 2051 1030 Potentia
2107 929 2411 1021 subacti,
2466 932 2739 1007 deinde
2794 932 2909 1010 Ro

736 1078 1100 1128 manorum
1156 1052 1361 1128 armis
1425 1052 1673 1141 deleti,
1735 1054 2005 1126 tamdiu
2068 1055 2383 1152 jacuere,
2445 1054 2684 1129 donec
2735 1080 2781 1129 a
2823 1054 2909 1127 M

737 1173 1017 1249 AEmilio
1062 1174 1338 1273 Lepido
1383 1172 1598 1249 Cous.
1666 1175 1870 1272 cujus
1937 1197 2197 1248 nomen
2251 1174 2464 1248 etiam
2518 1198 2718 1258 nunc
2766 1174 2909 1249 reti·

733 1314 930 1389 nent,
972 1296 1246 1373 colonia
1275 1294 1504 1371 isthuc
1532 1296 1836 1370 deducta
1849 1286 1888 1385 ,‘
1901 1296 2202 1372 restituti
2228 1296 2447 1371 fuere.
2479 1296 2761 1372 Verum
2788 1322 2909 1372 non

728 1417 954 1495 multo
998 1433 1161 1517 post
1205 1416 1509 1492 subortis
1553 1415 1882 1493 civilibus
1926 1415 2164 1508 bellis,
2198 1416 2477 1517 saepius
2515 1417 2790 1509 vexati,
2817 1417 2909 1493 di-

731 1541 1093 1642 versisque
1156 1540 1651 1640 imperantium
1714 1538 2138 1617 factionibus
2202 1540 2450 1631 attriti,
2506 1540 2810 1617 tandem
2853 1540 2909 1613 in

726 1660 1133 1755 Erulorum,
1177 1686 1264 1737 ac
1317 1660 1750 1751 Gothorum,
1804 1686 1970 1739 mox
2022 1659 2459 1737 Graecorum
2508 1661 2909 1762 principum

732 1802 1160 1886 potestatem
1204 1809 1616 1886 pervenere.
1646 1782 1835 1859 Cum
1861 1809 2033 1863 vero
2062 1782 2513 1885 Longobardi
2541 1809 2585 1860 a
2615 1782 2909 1861 Nax-sete

729 1910 938 1984 acciti
983 1935 1147 1983 cum
1191 1924 1342 1985 tota
1387 1906 1625 1983 Gallia
1669 1907 1938 2005 Togata
1997 1907 2212 1982 etiam
2267 1924 2575 1984 nostram
2624 1906 2909 2008 patriam

727 2029 852 2104 diu
895 2028 1255 2105 subditam
1302 2029 1717 2119 tenuissent,
1762 2052 1848 2102 ea
1906 2045 2153 2127 postea
2199 2054 2243 2103 a
2286 2027 2665 2104 Germanis
2709 2051 2909 2106 occu-

725 2169 894 2253 pata
939 2152 1103 2228 fuit·
1150 2178 1452 2254 quorum
1497 2156 1667 2254 jugo
1714 2151 2102 2229 vicinarum
2146 2152 2514 2227 civitatum
2559 2150 2909 2251 conspira-

725 2275 920 2351 tione
961 2274 1258 2351 feliciter
1283 2301 1606 2366 excusso,
1632 2299 1793 2349 cum
1821 2275 2207 2375 jucundam
2249 2274 2660 2349 libertatem
2691 2270 2909 2372 acqui·

725 2397 1024 2490 sivisset,
1069 2426 1212 2501 quo
1260 2416 1578 2498 tempore
1604 2396 1999 2498 paullulum
2031 2396 2274 2473 oculos
2303 2395 2661 2487 attollere,
2691 2412 2767 2472 et
2795 2392 2909 2467 ali-

725 2521 1146 2619 quantulum
1210 2522 1547 2621 respirare
1612 2519 1998 2610 debuisset,
2063 2519 2407 2594 intestinis
2455 2515 2907 2594 seditionibus

723 2644 976 2720 misere
1019 2644 1325 2720 lacerata
1372 2668 1457 2717 ac
1498 2667 1686 2742 pene
1716 2641 2056 2732 extincta,
2081 2645 2316 2716 rursus
2343 2640 2747 2741 principum
2773 2639 2907 2712 Ita-

723 2763 955 2840 lorum
999 2768 1294 2866 imperio
1339 2791 1418 2841 se
1442 2764 1783 2840 subiecit.
1858 2766 2138 2839 Interea
2201 2763 2468 2839 crebris
2519 2762 2908 2846 Gallorum,

723 2886 1226 2985 Hispanorum,
1270 2889 1707 2989 aliarumque
1752 2889 2064 2986 gentium
2093 2886 2600 2986 irruptionibus
2630 2884 2907 2981 fatigata

723 3010 848 3082 vix
891 3034 1208 3106 unquam
1249 3012 1663 3107 quiescendi
1734 3012 2024 3112 aliquod
2080 3011 2390 3110 spatium
2438 3009 2737 3084 invenit.
2784 3002 2905 3077 His

725 3126 929 3201 malis
972 3125 1305 3200 effecmm
1350 3147 1512 3215 est,
1528 3150 1612 3203 ut
1675 3131 1884 3206 nullis
1947 3149 2378 3206 vetustarum
2432 3155 2669 3204 rerum
2714 3120 2905 3219 Regii

726 3238 1130 3324 extantibus
1198 3248 1701 3336 monumentis,
1759 3254 1975 3328 etiam
2037 3254 2162 3353 qui
2227 3252 2627 3350 posterioris
2673 3243 2905 3323 aetatis

727 3387 923 3469 gesta
967 3367 1355 3442 scriberent
1398 3369 1521 3444 vix
1566 3372 1854 3468 reperiri
1902 3374 2276 3468 potuerint.
2308 3374 2580 3446 Primus
2626 3368 2903 3471 quidem

728 3493 1047 3591 Sagatius
1065 3491 1311 3566 Mutus
1337 3512 1800 3589 cognomento
1821 3492 2175 3567 Gazadius
2203 3521 2343 3570 non
2373 3520 2602 3593 pauca
2629 3512 2903 3569 suorum

727 3638 1128 3715 temporum
1172 3640 1398 3717 usque
1445 3617 1540 3689 ad
1589 3642 1847 3689 annum
1893 3617 2239 3693 humanae
2282 3618 2523 3692 salutis
2560 3633 2903 3697 MGGCLIII,

727 3767 871 3839 quo
918 3741 1063 3838 jam
1111 3738 1612 3835 nonagenarius
1656 3737 1899 3813 oculos
1927 3739 2212 3829 amisit,
2242 3765 2382 3815 non
2429 3740 2711 3838 penitus
2751 3738 2902 3807 inu-

654 3879 663 3888 *
728 3862 838 3935 tili
881 3861 1163 3935 historia
1210 3860 1644 3959 composuit3
1678 3886 1892 3961 quam
1935 3882 2181 3960 postea
2209 3862 2460 3936 Petrus
2483 3865 2638 3962 ejus
2668 3877 2901 3957 nepo&

728 3984 979 4082 insigni
1021 3982 1409 4081 relligione,
1454 4007 1539 4056 ac
1586 3983 1908 4059 doctrina
1948 3983 2367 4075 Monachus,
2409 3984 2743 4059 continua
2786 3974 2900 4051 ali-

729 4127 906 4209 quot
953 4123 1291 4186 annorum
1336 4107 1518 4184 serie
1562 4122 1670 4183 est
1715 4126 2142 4206 prosecutus.
2175 4106 2324 4185 Sed
2369 4126 2666 4209 uterque
2709 4104 2900 4184 dum,
