<?xml version="1.0" encoding="UTF-8"?>
<!DOCTYPE html PUBLIC "-//W3C//DTD XHTML 1.0 Transitional//EN"
    "http://www.w3.org/TR/xhtml1/DTD/xhtml1-transitional.dtd">
<html xmlns="http://www.w3.org/1999/xhtml" xml:lang="en" lang="en">
 <head>
  <title>
</title>
<meta http-equiv="Content-Type" content="text/html;charset=utf-8" />
  <meta name='ocr-system' content='tesseract 3.04.00' />
  <meta name='ocr-capabilities' content='ocr_page ocr_carea ocr_par ocr_line ocrx_word'/>
</head>
<body>
  <div class='ocr_page' id='page_1' title='image "./rerumhistoricar00unkngoog_0458.png"; bbox 0 0 2950 5017; ppageno 0'>
   <div class='ocr_carea' id='block_1_1' title="bbox 647 416 2106 504">
    <p class='ocr_par' dir='ltr' id='par_1_1' title="bbox 647 416 2106 504">
     <span class='ocr_line' id='line_1_1' title="bbox 647 416 2106 504; baseline -0.003 -18"><span class='ocrx_word' id='word_1_1' title='bbox 647 416 782 504; x_wconf 70' lang='lat'><strong>436</strong></span> <span class='ocrx_word' id='word_1_2' title='bbox 1101 465 1110 482; x_wconf 30' lang='lat' dir='ltr'>x</span> <span class='ocrx_word' id='word_1_3' title='bbox 1397 429 1641 483; x_wconf 70' lang='lat' dir='ltr'><strong>aaron</strong></span> <span class='ocrx_word' id='word_1_4' title='bbox 1682 429 2106 483; x_wconf 66' lang='lat' dir='ltr'><strong>armannum</strong></span> 
     </span>
    </p>
   </div>
   <div class='ocr_carea' id='block_1_2' title="bbox 563 519 2925 4267">
    <p class='ocr_par' dir='ltr' id='par_1_2' title="bbox 563 519 2925 4267">
     <span class='ocr_line' id='line_1_2' title="bbox 783 519 2925 646; baseline -0.001 -19"><span class='ocrx_word' id='word_1_5' title='bbox 783 555 1104 627; x_wconf 78' lang='lat' dir='ltr'><strong>Ceterum</strong></span> <span class='ocrx_word' id='word_1_6' title='bbox 1156 553 1351 646; x_wconf 80' lang='lat' dir='ltr'><strong>Regii</strong></span> <span class='ocrx_word' id='word_1_7' title='bbox 1419 555 1507 624; x_wconf 87' lang='lat' dir='ltr'><strong>ad</strong></span> <span class='ocrx_word' id='word_1_8' title='bbox 1571 557 1887 625; x_wconf 81' lang='lat' dir='ltr'><strong>intestina</strong></span> <span class='ocrx_word' id='word_1_9' title='bbox 1920 554 2107 625; x_wconf 81' lang='lat' dir='ltr'><strong>&#39;odia</strong></span> <span class='ocrx_word' id='word_1_10' title='bbox 2170 554 2347 624; x_wconf 68' lang='lat' dir='ltr'><strong>cives</strong></span> <span class='ocrx_word' id='word_1_11' title='bbox 2410 562 2853 624; x_wconf 73' lang='lat' dir='ltr'><strong>reverterunt:</strong></span> <span class='ocrx_word' id='word_1_12' title='bbox 2924 519 2925 554; x_wconf 39' lang='lat'>¹</span> 
     </span>
     <span class='ocr_line' id='line_1_3' title="bbox 646 670 2857 762; baseline -0 -20"><span class='ocrx_word' id='word_1_13' title='bbox 646 674 981 744; x_wconf 85' lang='lat' dir='ltr'><strong>Robertus</strong></span> <span class='ocrx_word' id='word_1_14' title='bbox 1024 675 1203 742; x_wconf 89' lang='lat' dir='ltr'><strong>enim</strong></span> <span class='ocrx_word' id='word_1_15' title='bbox 1246 672 1605 745; x_wconf 82' lang='lat' dir='ltr'><strong>Messorius</strong></span> <span class='ocrx_word' id='word_1_16' title='bbox 1643 671 2095 762; x_wconf 73' lang='lat' dir='ltr'>implacabilis</span> <span class='ocrx_word' id='word_1_17' title='bbox 2121 670 2258 740; x_wconf 87' lang='lat' dir='ltr'><strong>odii</strong></span> <span class='ocrx_word' id='word_1_18' title='bbox 2287 673 2427 754; x_wconf 71' lang='lat' dir='ltr'><strong>vir,</strong></span> <span class='ocrx_word' id='word_1_19' title='bbox 2444 671 2857 761; x_wconf 76' lang='lat' dir='ltr'><strong>Hieronymo</strong></span> 
     </span>
     <span class='ocr_line' id='line_1_4' title="bbox 645 775 2853 881; baseline -0.002 -24"><span class='ocrx_word' id='word_1_20' title='bbox 645 775 980 881; x_wconf 67' lang='lat' dir='ltr'><strong>Rugge‘rio</strong></span> <span class='ocrx_word' id='word_1_21' title='bbox 1025 790 1449 871; x_wconf 81' lang='lat' dir='ltr'><strong>obtruncato,</strong></span> <span class='ocrx_word' id='word_1_22' title='bbox 1495 788 1659 857; x_wconf 82' lang='lat' dir='ltr'><strong>exul</strong></span> <span class='ocrx_word' id='word_1_23' title='bbox 1703 788 2094 856; x_wconf 85' lang='lat' dir='ltr'><strong>Herberiam</strong></span> <span class='ocrx_word' id='word_1_24' title='bbox 2116 793 2122 808; x_wconf 88' lang='lat'>&#39;</span> <span class='ocrx_word' id='word_1_25' title='bbox 2141 787 2226 855; x_wconf 92' lang='lat' dir='ltr'><strong>ad</strong></span> <span class='ocrx_word' id='word_1_26' title='bbox 2267 788 2605 865; x_wconf 84' lang='lat' dir='ltr'><strong>Joannem</strong></span> <span class='ocrx_word' id='word_1_27' title='bbox 2638 787 2853 873; x_wconf 65' lang='lat' dir='ltr'><strong>Boiat-</strong></span> 
     </span>
     <span class='ocr_line' id='line_1_5' title="bbox 644 902 2854 995; baseline -0.002 -21"><span class='ocrx_word' id='word_1_28' title='bbox 644 904 818 974; x_wconf 85' lang='lat' dir='ltr'><strong>dum</strong></span> <span class='ocrx_word' id='word_1_29' title='bbox 875 928 949 974; x_wconf 81' lang='lat' dir='ltr'><strong>se</strong></span> <span class='ocrx_word' id='word_1_30' title='bbox 1004 904 1319 975; x_wconf 86' lang='lat' dir='ltr'><strong>contulit.</strong></span> <span class='ocrx_word' id='word_1_31' title='bbox 1376 905 1486 972; x_wconf 88' lang='lat' dir='ltr'><strong>Ibi</strong></span> <span class='ocrx_word' id='word_1_32' title='bbox 1550 908 1625 972; x_wconf 87' lang='lat' dir='ltr'><strong>in</strong></span> <span class='ocrx_word' id='word_1_33' title='bbox 1689 928 1998 995; x_wconf 84' lang='lat' dir='ltr'><strong>caupona</strong></span> <span class='ocrx_word' id='word_1_34' title='bbox 2055 902 2451 980; x_wconf 76' lang='lat' dir='ltr'><strong>Michaelem</strong></span> <span class='ocrx_word' id='word_1_35' title='bbox 2500 903 2854 972; x_wconf 86' lang='lat' dir='ltr'><strong>Casottum</strong></span> 
     </span>
     <span class='ocr_line' id='line_1_6' title="bbox 643 1019 2855 1112; baseline -0.002 -21"><span class='ocrx_word' id='word_1_36' title='bbox 643 1021 950 1091; x_wconf 83' lang='lat' dir='ltr'><strong>Bononia</strong></span> <span class='ocrx_word' id='word_1_37' title='bbox 993 1024 1418 1102; x_wconf 81' lang='lat' dir='ltr'><strong>venien-tem;</strong></span> <span class='ocrx_word' id='word_1_38' title='bbox 1459 1019 1693 1112; x_wconf 81' lang='lat' dir='ltr'><strong>procul</strong></span> <span class='ocrx_word' id='word_1_39' title='bbox 1737 1022 2188 1111; x_wconf 82' lang='lat' dir='ltr'><strong>conspicatus,</strong></span> <span class='ocrx_word' id='word_1_40' title='bbox 2215 1043 2390 1110; x_wconf 87' lang='lat' dir='ltr'><strong>equo</strong></span> <span class='ocrx_word' id='word_1_41' title='bbox 2417 1019 2855 1087; x_wconf 68' lang='lat' dir='ltr'><strong>deturbamur</strong></span> 
     </span>
     <span class='ocr_line' id='line_1_7' title="bbox 631 1135 2853 1230; baseline -0.001 -23"><span class='ocrx_word' id='word_1_42' title='bbox 631 1160 805 1207; x_wconf 81' lang='lat' dir='ltr'><strong>cum</strong></span> <span class='ocrx_word' id='word_1_43' title='bbox 871 1139 1065 1208; x_wconf 78' lang='lat' dir='ltr'><strong>sociis</strong></span> <span class='ocrx_word' id='word_1_44' title='bbox 1130 1137 1497 1230; x_wconf 80' lang='lat' dir='ltr'><strong>jugulavit.</strong></span> <span class='ocrx_word' id='word_1_45' title='bbox 1554 1137 1668 1205; x_wconf 90' lang='lat' dir='ltr'><strong>Ob</strong></span> <span class='ocrx_word' id='word_1_46' title='bbox 1734 1138 1805 1205; x_wconf 87' lang='lat' dir='ltr'><strong>id</strong></span> <span class='ocrx_word' id='word_1_47' title='bbox 1870 1135 2132 1212; x_wconf 71' lang='lat' dir='ltr'><strong>facinus</strong></span> <span class='ocrx_word' id='word_1_48' title='bbox 2184 1160 2241 1205; x_wconf 90' lang='lat' dir='ltr'><strong>a.</strong></span> <span class='ocrx_word' id='word_1_49' title='bbox 2268 1138 2528 1215; x_wconf 87' lang='lat' dir='ltr'><strong>Joanne</strong></span> <span class='ocrx_word' id='word_1_50' title='bbox 2574 1136 2853 1223; x_wconf 74' lang='lat' dir='ltr'><strong>Bojardo</strong></span> 
     </span>
     <span class='ocr_line' id='line_1_8' title="bbox 643 1254 2854 1345; baseline -0.001 -21"><span class='ocrx_word' id='word_1_51' title='bbox 643 1256 897 1343; x_wconf 85' lang='lat' dir='ltr'><strong>ejectus</strong></span> <span class='ocrx_word' id='word_1_52' title='bbox 942 1256 1028 1324; x_wconf 87' lang='lat' dir='ltr'><strong>ad</strong></span> <span class='ocrx_word' id='word_1_53' title='bbox 1072 1255 1405 1325; x_wconf 87' lang='lat' dir='ltr'><strong>Sanctum</strong></span> <span class='ocrx_word' id='word_1_54' title='bbox 1451 1254 1852 1336; x_wconf 74' lang='lat' dir='ltr'><strong>Martinam,</strong></span> <span class='ocrx_word' id='word_1_55' title='bbox 1898 1256 1986 1323; x_wconf 89' lang='lat' dir='ltr'><strong>ab</strong></span> <span class='ocrx_word' id='word_1_56' title='bbox 2017 1254 2274 1345; x_wconf 80' lang='lat' dir='ltr'><strong>Angela</strong></span> <span class='ocrx_word' id='word_1_57' title='bbox 2315 1254 2629 1324; x_wconf 80' lang='lat' dir='ltr'><strong>Herculis</strong></span> <span class='ocrx_word' id='word_1_58' title='bbox 2674 1255 2854 1322; x_wconf 76' lang='lat' dir='ltr'><strong>Ates-</strong></span> 
     </span>
     <span class='ocr_line' id='line_1_9' title="bbox 563 1364 2856 1463; baseline -0.001 -22"><span class='ocrx_word' id='word_1_59' title='bbox 563 1432 571 1450; x_wconf 83' lang='lat'><strong>,</strong></span> <span class='ocrx_word' id='word_1_60' title='bbox 645 1375 774 1441; x_wconf 84' lang='lat' dir='ltr'><strong>tini</strong></span> <span class='ocrx_word' id='word_1_61' title='bbox 833 1396 1056 1442; x_wconf 85' lang='lat' dir='ltr'><strong>uxore·</strong></span> <span class='ocrx_word' id='word_1_62' title='bbox 1085 1376 1160 1441; x_wconf 90' lang='lat' dir='ltr'><strong>in</strong></span> <span class='ocrx_word' id='word_1_63' title='bbox 1207 1364 1411 1440; x_wconf 85' lang='lat' dir='ltr'><strong>fidem</strong></span> <span class='ocrx_word' id='word_1_64' title='bbox 1463 1384 1805 1463; x_wconf 85' lang='lat' dir='ltr'><strong>receptus,</strong></span> <span class='ocrx_word' id='word_1_65' title='bbox 1852 1376 2202 1442; x_wconf 83' lang='lat' dir='ltr'><strong>concessit.</strong></span> <span class='ocrx_word' id='word_1_66' title='bbox 2244 1372 2657 1442; x_wconf 74' lang='lat' dir='ltr'><strong>Civibus&#39;in</strong></span> <span class='ocrx_word' id='word_1_67' title='bbox 2702 1370 2856 1439; x_wconf 81' lang='lat' dir='ltr'><strong>urhe</strong></span> 
     </span>
     <span class='ocr_line' id='line_1_10' title="bbox 642 1488 2855 1579; baseline -0.002 -20"><span class='ocrx_word' id='word_1_68' title='bbox 642 1489 736 1560; x_wconf 83' lang='lat' dir='ltr'><strong>ob</strong></span> <span class='ocrx_word' id='word_1_69' title='bbox 777 1502 1109 1557; x_wconf 76' lang='lat' dir='ltr'>recentem</span> <span class='ocrx_word' id='word_1_70' title='bbox 1155 1490 1552 1579; x_wconf 78' lang='lat' dir='ltr'>Hieronymi</span> <span class='ocrx_word' id='word_1_71' title='bbox 1594 1490 1866 1559; x_wconf 86' lang='lat' dir='ltr'><strong>caedem</strong></span> <span class='ocrx_word' id='word_1_72' title='bbox 1911 1489 2518 1576; x_wconf 73' lang='lat' dir='ltr'><strong>tumultuantibus,</strong></span> <span class='ocrx_word' id='word_1_73' title='bbox 2562 1488 2855 1566; x_wconf 80' lang='lat' dir='ltr'><strong>Ioannes</strong></span> 
     </span>
     <span class='ocr_line' id='line_1_11' title="bbox 642 1604 2860 1699; baseline 0 -24"><span class='ocrx_word' id='word_1_74' title='bbox 642 1630 916 1699; x_wconf 83' lang='lat' dir='ltr'><strong>quoque</strong></span> <span class='ocrx_word' id='word_1_75' title='bbox 959 1607 1345 1677; x_wconf 72' lang='lat' dir='ltr'><strong>Gozadinus</strong></span> <span class='ocrx_word' id='word_1_76' title='bbox 1389 1607 1558 1675; x_wconf 89' lang='lat' dir='ltr'><strong>dum</strong></span> <span class='ocrx_word' id='word_1_77' title='bbox 1601 1608 1845 1675; x_wconf 90' lang='lat' dir='ltr'><strong>Parma</strong></span> <span class='ocrx_word' id='word_1_78' title='bbox 1887 1607 2177 1698; x_wconf 85' lang='lat' dir='ltr'><strong>Regium</strong></span> <span class='ocrx_word' id='word_1_79' title='bbox 2220 1610 2436 1688; x_wconf 79' lang='lat' dir='ltr'><strong>venit,</strong></span> <span class='ocrx_word' id='word_1_80' title='bbox 2486 1631 2531 1673; x_wconf 88' lang='lat' dir='ltr'><strong>a</strong></span> <span class='ocrx_word' id='word_1_81' title='bbox 2572 1604 2860 1675; x_wconf 80' lang='lat' dir='ltr'><strong>Nicolao</strong></span> 
     </span>
     <span class='ocr_line' id='line_1_12' title="bbox 640 1723 2860 1822; baseline -0.001 -30"><span class='ocrx_word' id='word_1_82' title='bbox 640 1723 977 1793; x_wconf 85' lang='lat' dir='ltr'><strong>Caleaneo</strong></span> <span class='ocrx_word' id='word_1_83' title='bbox 1020 1724 1350 1793; x_wconf 83' lang='lat' dir='ltr'><strong>exulante</strong></span> <span class='ocrx_word' id='word_1_84' title='bbox 1399 1728 1599 1792; x_wconf 86' lang='lat' dir='ltr'><strong>armis</strong></span> <span class='ocrx_word' id='word_1_85' title='bbox 1659 1726 1914 1814; x_wconf 86' lang='lat' dir='ltr'><strong>petitus</strong></span> <span class='ocrx_word' id='word_1_86' title='bbox 1970 1727 2090 1792; x_wconf 69' lang='lat' dir='ltr'><strong>vix</strong></span> <span class='ocrx_word' id='word_1_87' title='bbox 2140 1725 2370 1791; x_wconf 77' lang='lat' dir='ltr'><strong>evasit.</strong></span> <span class='ocrx_word' id='word_1_88' title='bbox 2417 1723 2501 1790; x_wconf 87' lang='lat' dir='ltr'><strong>Iu</strong></span> <span class='ocrx_word' id='word_1_89' title='bbox 2549 1747 2637 1791; x_wconf 90' lang='lat' dir='ltr'><strong>eo</strong></span> <span class='ocrx_word' id='word_1_90' title='bbox 2685 1724 2860 1822; x_wconf 64' lang='lat' dir='ltr'><strong>yitae</strong></span> 
     </span>
     <span class='ocr_line' id='line_1_13' title="bbox 638 1840 2864 1933; baseline -0.001 -21"><span class='ocrx_word' id='word_1_91' title='bbox 638 1841 1017 1912; x_wconf 69' lang='lat' dir='ltr'><strong>discrimine</strong></span> <span class='ocrx_word' id='word_1_92' title='bbox 1060 1865 1218 1909; x_wconf 88' lang='lat' dir='ltr'><strong>cum</strong></span> <span class='ocrx_word' id='word_1_93' title='bbox 1266 1864 1507 1933; x_wconf 83' lang='lat' dir='ltr'><strong>parum</strong></span> <span class='ocrx_word' id='word_1_94' title='bbox 1553 1864 1621 1909; x_wconf 84' lang='lat' dir='ltr'><strong>se</strong></span> <span class='ocrx_word' id='word_1_95' title='bbox 1668 1853 1900 1912; x_wconf 86' lang='lat' dir='ltr'><strong>tutum</strong></span> <span class='ocrx_word' id='word_1_96' title='bbox 1944 1840 2271 1922; x_wconf 84' lang='lat' dir='ltr'><strong>crederet,</strong></span> <span class='ocrx_word' id='word_1_97' title='bbox 2311 1840 2625 1927; x_wconf 85' lang='lat' dir='ltr'><strong>justitiae</strong></span> <span class='ocrx_word' id='word_1_98' title='bbox 2686 1863 2864 1909; x_wconf 74' lang='lat' dir='ltr'><strong>seve-</strong></span> 
     </span>
     <span class='ocr_line' id='line_1_14' title="bbox 637 1957 2863 2048; baseline 0 -22"><span class='ocrx_word' id='word_1_99' title='bbox 637 1960 839 2027; x_wconf 79' lang='lat' dir='ltr'><strong>ritate</strong></span> <span class='ocrx_word' id='word_1_100' title='bbox 903 1961 1210 2041; x_wconf 88' lang='lat' dir='ltr'><strong>remissa,</strong></span> <span class='ocrx_word' id='word_1_101' title='bbox 1276 1963 1585 2027; x_wconf 90' lang='lat' dir='ltr'><strong>omnium</strong></span> <span class='ocrx_word' id='word_1_102' title='bbox 1656 1961 1912 2026; x_wconf 85' lang='lat' dir='ltr'><strong>animos</strong></span> <span class='ocrx_word' id='word_1_103' title='bbox 1980 1957 2244 2048; x_wconf 86' lang='lat' dir='ltr'><strong>placare</strong></span> <span class='ocrx_word' id='word_1_104' title='bbox 2308 1957 2596 2026; x_wconf 76' lang='lat' dir='ltr'><strong>studuit.</strong></span> <span class='ocrx_word' id='word_1_105' title='bbox 2648 1957 2863 2026; x_wconf 83' lang='lat' dir='ltr'><strong>Pridie</strong></span> 
     </span>
     <span class='ocr_line' id='line_1_15' title="bbox 635 2073 2862 2164; baseline 0.001 -24"><span class='ocrx_word' id='word_1_106' title='bbox 635 2077 846 2164; x_wconf 76' lang='lat' dir='ltr'><strong>igitur</strong></span> <span class='ocrx_word' id='word_1_107' title='bbox 887 2075 1199 2142; x_wconf 88' lang='lat' dir='ltr'><strong>calendas</strong></span> <span class='ocrx_word' id='word_1_108' title='bbox 1244 2075 1455 2161; x_wconf 84' lang='lat' dir='ltr'><strong>majas</strong></span> <span class='ocrx_word' id='word_1_109' title='bbox 1483 2074 1808 2151; x_wconf 75' lang='lat' dir='ltr'><strong>Ioannem</strong></span> <span class='ocrx_word' id='word_1_110' title='bbox 1840 2073 2215 2163; x_wconf 87' lang='lat' dir='ltr'><strong>Baptistam</strong></span> <span class='ocrx_word' id='word_1_111' title='bbox 2244 2073 2564 2156; x_wconf 88' lang='lat' dir='ltr'><strong>Bebium,</strong></span> <span class='ocrx_word' id='word_1_112' title='bbox 2615 2086 2691 2141; x_wconf 86' lang='lat' dir='ltr'><strong>et</strong></span> <span class='ocrx_word' id='word_1_113' title='bbox 2732 2074 2862 2143; x_wconf 85' lang='lat' dir='ltr'><strong>Ro-</strong></span> 
     </span>
     <span class='ocr_line' id='line_1_16' title="bbox 636 2188 2865 2281; baseline 0 -24"><span class='ocrx_word' id='word_1_114' title='bbox 636 2190 907 2257; x_wconf 77' lang='lat' dir='ltr'><strong>bertum</strong></span> <span class='ocrx_word' id='word_1_115' title='bbox 953 2190 1348 2257; x_wconf 85' lang='lat' dir='ltr'><strong>Messorium</strong></span> <span class='ocrx_word' id='word_1_116' title='bbox 1393 2192 1655 2278; x_wconf 86' lang='lat' dir='ltr'><strong>patriae</strong></span> <span class='ocrx_word' id='word_1_117' title='bbox 1699 2191 2067 2270; x_wconf 85' lang='lat' dir='ltr'><strong>restitutos,</strong></span> <span class='ocrx_word' id='word_1_118' title='bbox 2112 2190 2183 2256; x_wconf 87' lang='lat' dir='ltr'><strong>in</strong></span> <span class='ocrx_word' id='word_1_119' title='bbox 2230 2189 2389 2257; x_wconf 86' lang='lat' dir='ltr'><strong>aede</strong></span> <span class='ocrx_word' id='word_1_120' title='bbox 2430 2188 2676 2257; x_wconf 80' lang='lat' dir='ltr'><strong>Sancti</strong></span> <span class='ocrx_word' id='word_1_121' title='bbox 2716 2189 2865 2281; x_wconf 82' lang='lat' dir='ltr'><strong>Spi-</strong></span> 
     </span>
     <span class='ocr_line' id='line_1_17' title="bbox 634 2301 2865 2398; baseline 0.001 -25"><span class='ocrx_word' id='word_1_122' title='bbox 634 2309 806 2374; x_wconf 78' lang='lat' dir='ltr'><strong>ritus</strong></span> <span class='ocrx_word' id='word_1_123' title='bbox 850 2319 1043 2374; x_wconf 85' lang='lat' dir='ltr'><strong>extra</strong></span> <span class='ocrx_word' id='word_1_124' title='bbox 1086 2316 1481 2378; x_wconf 83' lang='lat' dir='ltr'><strong>montanam</strong></span> <span class='ocrx_word' id='word_1_125' title='bbox 1527 2319 1794 2396; x_wconf 85' lang='lat' dir='ltr'><strong>portam</strong></span> <span class='ocrx_word' id='word_1_126' title='bbox 1848 2309 2027 2391; x_wconf 77' lang='lat' dir='ltr'><strong>inter</strong></span> <span class='ocrx_word' id='word_1_127' title='bbox 2078 2330 2150 2373; x_wconf 86' lang='lat' dir='ltr'><strong>se</strong></span> <span class='ocrx_word' id='word_1_128' title='bbox 2198 2306 2613 2377; x_wconf 74' lang='lat' dir='ltr'><strong>conciliavit.</strong></span> <span class='ocrx_word' id='word_1_129' title='bbox 2662 2301 2865 2398; x_wconf 82' lang='lat' dir='ltr'><strong>Sigis-</strong></span> 
     </span>
     <span class='ocr_line' id='line_1_18' title="bbox 637 2421 2862 2513; baseline 0.001 -24"><span class='ocrx_word' id='word_1_130' title='bbox 637 2421 933 2490; x_wconf 79' lang='lat' dir='ltr'><strong>mundus</strong></span> <span class='ocrx_word' id='word_1_131' title='bbox 976 2445 1249 2513; x_wconf 86' lang='lat' dir='ltr'><strong>quoque</strong></span> <span class='ocrx_word' id='word_1_132' title='bbox 1287 2422 1571 2492; x_wconf 84' lang='lat' dir='ltr'><strong>Pinotus</strong></span> <span class='ocrx_word' id='word_1_133' title='bbox 1631 2446 1674 2490; x_wconf 91' lang='lat' dir='ltr'><strong>a</strong></span> <span class='ocrx_word' id='word_1_134' title='bbox 1724 2421 1978 2492; x_wconf 83' lang='lat' dir='ltr'><strong>Sancto</strong></span> <span class='ocrx_word' id='word_1_135' title='bbox 2033 2422 2427 2504; x_wconf 85' lang='lat' dir='ltr'><strong>Laurentio,</strong></span> <span class='ocrx_word' id='word_1_136' title='bbox 2470 2422 2862 2492; x_wconf 81' lang='lat' dir='ltr'><strong>Galleacins</strong></span> 
     </span>
     <span class='ocr_line' id='line_1_19' title="bbox 637 2523 2864 2625; baseline 0.001 -22"><span class='ocrx_word' id='word_1_137' title='bbox 637 2558 680 2603; x_wconf 90' lang='lat' dir='ltr'><strong>a</strong></span> <span class='ocrx_word' id='word_1_138' title='bbox 729 2536 1077 2618; x_wconf 76' lang='lat' dir='ltr'><strong>castellis,</strong></span> <span class='ocrx_word' id='word_1_139' title='bbox 1145 2550 1216 2604; x_wconf 91' lang='lat' dir='ltr'><strong>et</strong></span> <span class='ocrx_word' id='word_1_140' title='bbox 1281 2536 1526 2606; x_wconf 88' lang='lat' dir='ltr'><strong>Bonini</strong></span> <span class='ocrx_word' id='word_1_141' title='bbox 1593 2559 1825 2608; x_wconf 81' lang='lat' dir='ltr'><strong>omnes</strong></span> <span class='ocrx_word' id='word_1_142' title='bbox 1893 2537 1983 2607; x_wconf 89' lang='lat' dir='ltr'><strong>ob</strong></span> <span class='ocrx_word' id='word_1_143' title='bbox 2049 2536 2456 2606; x_wconf 82' lang='lat' dir='ltr'><strong>Balthasaris</strong></span> <span class='ocrx_word' id='word_1_144' title='bbox 2513 2523 2864 2625; x_wconf 75' lang='lat' dir='ltr'><strong>soajolae,</strong></span> 
     </span>
     <span class='ocr_line' id='line_1_20' title="bbox 634 2654 2863 2748; baseline 0.001 -25"><span class='ocrx_word' id='word_1_145' title='bbox 634 2654 845 2723; x_wconf 75' lang='lat' dir='ltr'><strong>Marci</strong></span> <span class='ocrx_word' id='word_1_146' title='bbox 889 2654 1209 2738; x_wconf 75' lang='lat' dir='ltr'><strong>martelli,</strong></span> <span class='ocrx_word' id='word_1_147' title='bbox 1254 2668 1324 2723; x_wconf 88' lang='lat' dir='ltr'><strong>et</strong></span> <span class='ocrx_word' id='word_1_148' title='bbox 1367 2655 1755 2747; x_wconf 72' lang='lat' dir='ltr'><strong>Vespasiani</strong></span> <span class='ocrx_word' id='word_1_149' title='bbox 1801 2654 2118 2725; x_wconf 72' lang='lat' dir='ltr'><strong>Calcauei</strong></span> <span class='ocrx_word' id='word_1_150' title='bbox 2160 2657 2436 2724; x_wconf 84' lang='lat' dir='ltr'><strong>caedem</strong></span> <span class='ocrx_word' id='word_1_151' title='bbox 2481 2660 2863 2748; x_wconf 80' lang='lat' dir='ltr'><strong>proscripti,</strong></span> 
     </span>
     <span class='ocr_line' id='line_1_21' title="bbox 635 2769 2863 2862; baseline 0.003 -26"><span class='ocrx_word' id='word_1_152' title='bbox 635 2769 918 2840; x_wconf 85' lang='lat' dir='ltr'><strong>domum</strong></span> <span class='ocrx_word' id='word_1_153' title='bbox 978 2781 1145 2838; x_wconf 86' lang='lat' dir='ltr'><strong>sunt</strong></span> <span class='ocrx_word' id='word_1_154' title='bbox 1199 2775 1520 2841; x_wconf 57' lang='lat' dir='ltr'><strong>revocatis</strong></span> <span class='ocrx_word' id='word_1_155' title='bbox 1575 2771 1801 2859; x_wconf 83' lang='lat' dir='ltr'><strong>Hujus</strong></span> <span class='ocrx_word' id='word_1_156' title='bbox 1867 2773 2051 2862; x_wconf 82' lang='lat' dir='ltr'><strong>pacis</strong></span> <span class='ocrx_word' id='word_1_157' title='bbox 2115 2773 2361 2841; x_wconf 84' lang='lat' dir='ltr'><strong>iterum</strong></span> <span class='ocrx_word' id='word_1_158' title='bbox 2428 2785 2668 2843; x_wconf 80' lang='lat' dir='ltr'><strong>auctor</strong></span> <span class='ocrx_word' id='word_1_159' title='bbox 2724 2771 2863 2842; x_wconf 83' lang='lat' dir='ltr'><strong>fuit</strong></span> 
     </span>
     <span class='ocr_line' id='line_1_22' title="bbox 633 2885 2859 2980; baseline 0.003 -28"><span class='ocrx_word' id='word_1_160' title='bbox 633 2885 938 2977; x_wconf 85' lang='lat' dir='ltr'><strong>Raphael</strong></span> <span class='ocrx_word' id='word_1_161' title='bbox 984 2886 1323 2969; x_wconf 86' lang='lat' dir='ltr'><strong>Venetus,</strong></span> <span class='ocrx_word' id='word_1_162' title='bbox 1366 2891 1488 2978; x_wconf 85' lang='lat' dir='ltr'><strong>qui</strong></span> <span class='ocrx_word' id='word_1_163' title='bbox 1534 2912 1623 2956; x_wconf 85' lang='lat' dir='ltr'><strong>ex</strong></span> <span class='ocrx_word' id='word_1_164' title='bbox 1661 2889 1828 2968; x_wconf 74' lang='lat' dir='ltr'><strong>‚Divi</strong></span> <span class='ocrx_word' id='word_1_165' title='bbox 1871 2888 2208 2958; x_wconf 82' lang='lat' dir='ltr'><strong>Francisoi</strong></span> <span class='ocrx_word' id='word_1_166' title='bbox 2253 2888 2531 2957; x_wconf 82' lang='lat' dir='ltr'><strong>familia-</strong></span> <span class='ocrx_word' id='word_1_167' title='bbox 2557 2893 2859 2980; x_wconf 86' lang='lat' dir='ltr'><strong>primum</strong></span> 
     </span>
     <span class='ocr_line' id='line_1_23' title="bbox 633 2999 2861 3098; baseline 0.003 -30"><span class='ocrx_word' id='word_1_168' title='bbox 633 3001 726 3068; x_wconf 89' lang='lat' dir='ltr'><strong>ad</strong></span> <span class='ocrx_word' id='word_1_169' title='bbox 780 2999 1133 3093; x_wconf 84' lang='lat' dir='ltr'><strong>profanam</strong></span> <span class='ocrx_word' id='word_1_170' title='bbox 1186 3007 1401 3071; x_wconf 86' lang='lat' dir='ltr'><strong>vitam</strong></span> <span class='ocrx_word' id='word_1_171' title='bbox 1471 3006 1863 3085; x_wconf 77' lang='lat' dir='ltr'><strong>transierat,</strong></span> <span class='ocrx_word' id='word_1_172' title='bbox 1920 3005 2043 3073; x_wconf 74' lang='lat' dir='ltr'><strong>sed</strong></span> <span class='ocrx_word' id='word_1_173' title='bbox 2109 3005 2406 3096; x_wconf 85' lang='lat' dir='ltr'><strong>quodam</strong></span> <span class='ocrx_word' id='word_1_174' title='bbox 2474 3010 2861 3098; x_wconf 81' lang='lat' dir='ltr'><strong>propinquo</strong></span> 
     </span>
     <span class='ocr_line' id='line_1_24' title="bbox 634 3113 2859 3210; baseline 0.004 -26"><span class='ocrx_word' id='word_1_175' title='bbox 634 3113 810 3186; x_wconf 81' lang='lat' dir='ltr'><strong>forte</strong></span> <span class='ocrx_word' id='word_1_176' title='bbox 858 3121 1076 3187; x_wconf 83' lang='lat' dir='ltr'><strong>occiso</strong></span> <span class='ocrx_word' id='word_1_177' title='bbox 1118 3142 1344 3188; x_wconf 84' lang='lat' dir='ltr'><strong>rursus</strong></span> <span class='ocrx_word' id='word_1_178' title='bbox 1403 3119 1492 3186; x_wconf 86' lang='lat' dir='ltr'><strong>ad</strong></span> <span class='ocrx_word' id='word_1_179' title='bbox 1555 3120 1942 3210; x_wconf 78' lang='lat' dir='ltr'><strong>religionem</strong></span> <span class='ocrx_word' id='word_1_180' title='bbox 2001 3143 2332 3204; x_wconf 81' lang='lat' dir='ltr'><strong>reversus,</strong></span> <span class='ocrx_word' id='word_1_181' title='bbox 2373 3125 2577 3190; x_wconf 83' lang='lat' dir='ltr'><strong>sacris</strong></span> <span class='ocrx_word' id='word_1_182' title='bbox 2622 3113 2859 3192; x_wconf 76' lang='lat' dir='ltr'><strong>litteris</strong></span> 
     </span>
     <span class='ocr_line' id='line_1_25' title="bbox 632 3234 2858 3332; baseline 0.003 -31"><span class='ocrx_word' id='word_1_183' title='bbox 632 3255 704 3301; x_wconf 83' lang='lat' dir='ltr'><strong>se</strong></span> <span class='ocrx_word' id='word_1_184' title='bbox 747 3234 1058 3317; x_wconf 72' lang='lat' dir='ltr'><strong>tradidit,</strong></span> <span class='ocrx_word' id='word_1_185' title='bbox 1104 3247 1512 3327; x_wconf 87' lang='lat' dir='ltr'><strong>tantumque</strong></span> <span class='ocrx_word' id='word_1_186' title='bbox 1550 3236 1999 3332; x_wconf 65' lang='lat' dir='ltr'><strong>eloquentia,</strong></span> <span class='ocrx_word' id='word_1_187' title='bbox 2040 3249 2114 3306; x_wconf 90' lang='lat' dir='ltr'><strong>et</strong></span> <span class='ocrx_word' id='word_1_188' title='bbox 2155 3241 2283 3308; x_wconf 86' lang='lat' dir='ltr'><strong>oris</strong></span> <span class='ocrx_word' id='word_1_189' title='bbox 2329 3251 2693 3308; x_wconf 85' lang='lat' dir='ltr'><strong>venustate</strong></span> <span class='ocrx_word' id='word_1_190' title='bbox 2752 3264 2858 3331; x_wconf 87' lang='lat' dir='ltr'><strong>po-</strong></span> 
     </span>
     <span class='ocr_line' id='line_1_26' title="bbox 632 3353 2857 3431; baseline 0.004 -13"><span class='ocrx_word' id='word_1_191' title='bbox 632 3353 796 3431; x_wconf 87' lang='lat' dir='ltr'><strong>tuit,</strong></span> <span class='ocrx_word' id='word_1_192' title='bbox 841 3364 921 3418; x_wconf 84' lang='lat' dir='ltr'><strong>ut</strong></span> <span class='ocrx_word' id='word_1_193' title='bbox 963 3356 1268 3420; x_wconf 89' lang='lat' dir='ltr'><strong>omnium</strong></span> <span class='ocrx_word' id='word_1_194' title='bbox 1311 3355 1442 3422; x_wconf 89' lang='lat' dir='ltr'><strong>sihi</strong></span> <span class='ocrx_word' id='word_1_195' title='bbox 1488 3359 1745 3423; x_wconf 79' lang='lat' dir='ltr'><strong>animos</strong></span> <span class='ocrx_word' id='word_1_196' title='bbox 1786 3355 2193 3425; x_wconf 82' lang='lat' dir='ltr'><strong>conciliaret.</strong></span> <span class='ocrx_word' id='word_1_197' title='bbox 2237 3358 2585 3426; x_wconf 84' lang='lat' dir='ltr'><strong>Intestinis</strong></span> <span class='ocrx_word' id='word_1_198' title='bbox 2616 3358 2857 3427; x_wconf 83' lang='lat' dir='ltr'><strong>discor-</strong></span> 
     </span>
     <span class='ocr_line' id='line_1_27' title="bbox 642 3466 2852 3564; baseline 0.005 -33"><span class='ocrx_word' id='word_1_199' title='bbox 642 3466 768 3532; x_wconf 88' lang='lat' dir='ltr'><strong>diis</strong></span> <span class='ocrx_word' id='word_1_200' title='bbox 825 3467 1104 3549; x_wconf 79' lang='lat' dir='ltr'><strong>sedatis,</strong></span> <span class='ocrx_word' id='word_1_201' title='bbox 1146 3469 1501 3561; x_wconf 86' lang='lat' dir='ltr'><strong>Regienses</strong></span> <span class='ocrx_word' id='word_1_202' title='bbox 1557 3472 1644 3539; x_wconf 89' lang='lat' dir='ltr'><strong>ab</strong></span> <span class='ocrx_word' id='word_1_203' title='bbox 1698 3475 1990 3541; x_wconf 79' lang='lat' dir='ltr'><strong>externis</strong></span> <span class='ocrx_word' id='word_1_204' title='bbox 2055 3473 2463 3542; x_wconf 69' lang='lat' dir='ltr'><strong>tumultibus</strong></span> <span class='ocrx_word' id='word_1_205' title='bbox 2534 3498 2852 3564; x_wconf 80' lang='lat' dir='ltr'><strong>magnam</strong></span> 
     </span>
     <span class='ocr_line' id='line_1_28' title="bbox 630 3581 2852 3681; baseline 0.005 -32"><span class='ocrx_word' id='word_1_206' title='bbox 630 3581 891 3650; x_wconf 80' lang='lat' dir='ltr'><strong>cladem</strong></span> <span class='ocrx_word' id='word_1_207' title='bbox 941 3598 1361 3676; x_wconf 82' lang='lat' dir='ltr'><strong>aeceperunt.</strong></span> <span class='ocrx_word' id='word_1_208' title='bbox 1405 3586 1661 3657; x_wconf 76' lang='lat' dir='ltr'><strong>Milites</strong></span> <span class='ocrx_word' id='word_1_209' title='bbox 1706 3591 1910 3671; x_wconf 81' lang='lat' dir='ltr'><strong>enim,</strong></span> <span class='ocrx_word' id='word_1_210' title='bbox 1955 3590 2076 3681; x_wconf 88' lang='lat' dir='ltr'><strong>qui</strong></span> <span class='ocrx_word' id='word_1_211' title='bbox 2119 3589 2254 3657; x_wconf 85' lang='lat' dir='ltr'><strong>sub·</strong></span> <span class='ocrx_word' id='word_1_212' title='bbox 2292 3588 2591 3680; x_wconf 81' lang='lat' dir='ltr'><strong>Camillo</strong></span> <span class='ocrx_word' id='word_1_213' title='bbox 2641 3591 2852 3659; x_wconf 81' lang='lat' dir='ltr'><strong>Gam-</strong></span> 
     </span>
     <span class='ocr_line' id='line_1_29' title="bbox 626 3691 2852 3802; baseline 0.004 -35"><span class='ocrx_word' id='word_1_214' title='bbox 626 3700 793 3768; x_wconf 85' lang='lat' dir='ltr'><strong>bara</strong></span> <span class='ocrx_word' id='word_1_215' title='bbox 838 3701 1157 3772; x_wconf 85' lang='lat' dir='ltr'><strong>Brixiano</strong></span> <span class='ocrx_word' id='word_1_216' title='bbox 1201 3727 1246 3771; x_wconf 85' lang='lat' dir='ltr'><strong>a</strong></span> <span class='ocrx_word' id='word_1_217' title='bbox 1287 3691 1658 3773; x_wconf 64' lang='lat' dir='ltr'><strong>catharina</strong></span> <span class='ocrx_word' id='word_1_218' title='bbox 1703 3705 2027 3796; x_wconf 76' lang='lat' dir='ltr'><strong>Gonzaga</strong></span> <span class='ocrx_word' id='word_1_219' title='bbox 2085 3708 2159 3774; x_wconf 85' lang='lat' dir='ltr'><strong>in</strong></span> <span class='ocrx_word' id='word_1_220' title='bbox 2211 3706 2604 3802; x_wconf 76' lang='lat' dir='ltr'><strong>Nivolariae</strong></span> <span class='ocrx_word' id='word_1_221' title='bbox 2672 3731 2852 3797; x_wconf 85' lang='lat' dir='ltr'><strong>prae-</strong></span> 
     </span>
     <span class='ocr_line' id='line_1_30' title="bbox 627 3818 2851 3915; baseline 0.004 -31"><span class='ocrx_word' id='word_1_222' title='bbox 627 3818 799 3885; x_wconf 85' lang='lat' dir='ltr'><strong>sidio</strong></span> <span class='ocrx_word' id='word_1_223' title='bbox 842 3820 1331 3902; x_wconf 77' lang='lat' dir='ltr'><strong>retinebantur,</strong></span> <span class='ocrx_word' id='word_1_224' title='bbox 1377 3821 1678 3912; x_wconf 88' lang='lat' dir='ltr'><strong>plurium</strong></span> <span class='ocrx_word' id='word_1_225' title='bbox 1726 3824 2005 3913; x_wconf 79' lang='lat' dir='ltr'><strong>praediis</strong></span> <span class='ocrx_word' id='word_1_226' title='bbox 2049 3824 2345 3915; x_wconf 78' lang='lat' dir='ltr'><strong>direptis,</strong></span> <span class='ocrx_word' id='word_1_227' title='bbox 2376 3824 2701 3914; x_wconf 75' lang='lat' dir='ltr'><strong>gravibus</strong></span> <span class='ocrx_word' id='word_1_228' title='bbox 2752 3827 2851 3893; x_wconf 85' lang='lat' dir='ltr'><strong>in·</strong></span> 
     </span>
     <span class='ocr_line' id='line_1_31' title="bbox 627 3935 2845 4022; baseline 0.003 -19"><span class='ocrx_word' id='word_1_229' title='bbox 627 3935 995 4003; x_wconf 80' lang='lat' dir='ltr'><strong>commodis</strong></span> <span class='ocrx_word' id='word_1_230' title='bbox 1039 3939 1382 4005; x_wconf 83' lang='lat' dir='ltr'><strong>civitatem</strong></span> <span class='ocrx_word' id='word_1_231' title='bbox 1438 3937 1869 4020; x_wconf 80' lang='lat' dir='ltr'><strong>afficiebaut3</strong></span> <span class='ocrx_word' id='word_1_232' title='bbox 1910 3964 2051 4008; x_wconf 85' lang='lat' dir='ltr'><strong>nec·</strong></span> <span class='ocrx_word' id='word_1_233' title='bbox 2093 3939 2229 4009; x_wconf 68' lang='lat' dir='ltr'><strong>his.</strong></span> <span class='ocrx_word' id='word_1_234' title='bbox 2257 3944 2601 4022; x_wconf 81' lang='lat' dir='ltr'><strong>contenti,</strong></span> <span class='ocrx_word' id='word_1_235' title='bbox 2640 3945 2845 4009; x_wconf 76' lang='lat' dir='ltr'><strong>etiam</strong></span> 
     </span>
     <span class='ocr_line' id='line_1_32' title="bbox 625 4051 2843 4149; baseline 0.002 -29"><span class='ocrx_word' id='word_1_236' title='bbox 625 4052 700 4120; x_wconf 87' lang='lat' dir='ltr'><strong>iu</strong></span> <span class='ocrx_word' id='word_1_237' title='bbox 744 4053 855 4120; x_wconf 82' lang='lat' dir='ltr'><strong>via</strong></span> <span class='ocrx_word' id='word_1_238' title='bbox 912 4051 1224 4143; x_wconf 84' lang='lat' dir='ltr'><strong>publica,</strong></span> <span class='ocrx_word' id='word_1_239' title='bbox 1275 4053 1467 4122; x_wconf 80' lang='lat' dir='ltr'><strong>velut</strong></span> <span class='ocrx_word' id='word_1_240' title='bbox 1517 4054 1867 4140; x_wconf 84' lang='lat' dir='ltr'><strong>latrones„</strong></span> <span class='ocrx_word' id='word_1_241' title='bbox 1896 4058 2129 4130; x_wconf 79' lang='lat' dir='ltr'><strong>obvios</strong></span> <span class='ocrx_word' id='word_1_242' title='bbox 2170 4056 2586 4149; x_wconf 78' lang='lat' dir='ltr'><strong>spoliabant,</strong></span> <span class='ocrx_word' id='word_1_243' title='bbox 2633 4071 2710 4125; x_wconf 89' lang='lat' dir='ltr'><strong>et</strong></span> <span class='ocrx_word' id='word_1_244' title='bbox 2752 4079 2843 4125; x_wconf 83' lang='lat' dir='ltr'><strong>re-</strong></span> 
     </span>
     <span class='ocr_line' id='line_1_33' title="bbox 622 4171 2840 4267; baseline 0.002 -27"><span class='ocrx_word' id='word_1_245' title='bbox 622 4171 849 4240; x_wconf 79' lang='lat' dir='ltr'><strong>sistere</strong></span> <span class='ocrx_word' id='word_1_246' title='bbox 902 4193 1097 4241; x_wconf 85' lang='lat' dir='ltr'><strong>ausos</strong></span> <span class='ocrx_word' id='word_1_247' title='bbox 1150 4171 1609 4255; x_wconf 48' lang='lat' dir='ltr'><strong>trucidabant,</strong></span> <span class='ocrx_word' id='word_1_248' title='bbox 1649 4175 1770 4244; x_wconf 86' lang='lat' dir='ltr'><strong>His</strong></span> <span class='ocrx_word' id='word_1_249' title='bbox 1816 4188 2234 4244; x_wconf 80' lang='lat' dir='ltr'><strong>accesserunt</strong></span> <span class='ocrx_word' id='word_1_250' title='bbox 2276 4177 2653 4247; x_wconf 82' lang='lat' dir='ltr'><strong>vicinorum</strong></span> <span class='ocrx_word' id='word_1_251' title='bbox 2700 4198 2840 4267; x_wconf 81' lang='lat' dir='ltr'><strong>per-</strong></span> 
     </span>
    </p>
   </div>
  </div>
 </body>
</html>
