2950 5017
940 422 1144 467 mmm
1189 411 1485 470 ocravus
2185 404 2316 494 567

69 544 285 636 pavit.
334 540 519 610 Inde
560 550 807 632 quarto
852 537 1004 610 idus
1054 540 1342 628 januarii
1393 564 1555 612 cum
1601 539 1899 624 vallum,
1948 541 2086 610 ubi‘
2112 564 2180 610 se
2228 544 2313 611 ad

69 661 322 730 Nice-e
357 669 646 749 pontem
682 657 1071 727 Parmenses
1097 661 1505 740 munierant,
1533 670 2004 751 expugnasset,
2034 673 2314 728 centum

69 778 399 868 Hispanis
430 774 790 846 trucidatis
819 780 888 845 in
920 776 1342 844 Parmensem
1377 800 1612 867 agrum
1646 778 2092 846 incursionem
2126 774 2317 846 fecit.

69 896 381 966 Demum
436 892 518 961 S.
564 893 780 964 Paulo
832 907 1199 986 occupato,
1244 898 1453 963 etiam
1502 894 1876 962 Russenam
1931 898 2320 986 proximum

69 1012 613 1103 Corrigiensium
657 1012 985 1103 oppidum
1028 1014 1230 1103 cepit.
1277 1012 1373 1080 At
1413 1010 1787 1080 cardinalis
1818 1010 2146 1082 Caraffius
2191 1012 2313 1081 uhi

70 1153 172 1200 res
213 1153 381 1200 suas
430 1152 599 1198 cum
645 1128 961 1221 Philippo
1005 1133 1410 1221 composuit,
1455 1130 1543 1196 ad
1590 1154 1751 1198 eum
1799 1129 2108 1200 Herculis
2150 1131 2319 1202 Ate·

72 1249 234 1317 atini
279 1259 563 1324 statum
610 1246 1008 1316 turbaturus
1053 1248 1420 1323 contendit.
1454 1245 1580 1315 Ille
1621 1245 1997 1320 turbulenti
2031 1246 2332 1322 hominis*

75 1364 462 1434 ambitione
508 1367 775 1456 cognita
820 1369 1005 1436 omni
1050 1388 1165 1457 spe
1210 1389 1507 1435 vacuum
1553 1365 1843 1435 Romam
1886 1366 2193 1448 dimisit3
2239 1388 2324 1434 ae

79 1481 450 1575 Philippus
514 1507 680 1554 cum
737 1483 1057 1567 Hercule,
1106 1488 1411 1575 sequenti
1471 1508 1650 1553 anno
1702 1507 1980 1553 unum
2001 1535 2021 1565 ,
2069 1482 2326 1552 laetam

79 1623 315 1691 pacem
362 1602 598 1673 inivit.
643 1599 972 1671 Octavius
1016 1625 1102 1672 ne
1146 1603 1371 1670 amissi
1416 1599 1841 1671 Guardasoni
1884 1603 2326 1692 ignominiam

83 1729 473 1808 pateretur,
526 1720 731 1786 armis
798 1721 983 1810 prius
1050 1716 1223 1787 illud
1291 1721 1611 1809 recepisse
1674 1718 1884 1788 videri
1931 1716 2175 1788 voluit.
2222 1717 2327 1792 Eo

83 1835 313 1945 itaque
362 1858 605 1903 mense
649 1837 875 1903 martii
919 1857 1081 1904 cum
1127 1839 1431 1939 exercitu
1478 1831 1847 1925 profectus,
1876 1857 2033 1903 cum
2082 1835 2330 1904 obsessi

90 1950 492 2043 aliquandiu
561 1975 633 2018 se
685 1949 1039 2022 defendere
1082 1949 1469 2033 finxissent,
1512 1950 1785 2021 demum
1833 1963 2129 2022 castrum
2177 1952 2327 2021 red-

88 2066 433 2138 diderunt.
509 2067 754 2159 Itaque
814 2070 1074 2160 ingenti
1118 2074 1448 2140 >omnium
1519 2068 1781 2142 laetitia
1808 2120 1832 2150 ,
1899 2091 2330 2162 quamquam

95 2181 351 2253 afflictis
381 2185 616 2268 rebus,
646 2187 925 2256 ineunte
956 2207 1183 2255 mense
1229 2186 1413 2272 majo
1461 2184 1640 2253 laeta
1683 2209 1825 2277 pax
1870 2197 1977 2258 est
2018 2184 2333 2284 promul·

96 2314 264 2390 gata.
293 2300 594 2372 Cosmus
621 2300 941 2384 Medices,
970 2304 1092 2393 qui
1137 2305 1463 2392 equitatu
1497 2323 1622 2372 suo
1670 2301 2003 2372 auxilium
2037 2301 2328 2372 Octavio

97 2418 367 2502 tulerat,
413 2421 638 2512 pactis
682 2442 844 2489 cum
872 2418 1220 2511 Alphonso
1259 2420 1567 2490 Herculis
1610 2417 1750 2492 filio
1795 2420 2153 2488 Lucretiae
2177 2422 2330 2490 ,πηί-

99 2538 264 2605 noris
308 2552 520 2606 natae
564 2539 859 2628 nuptiis,
903 2536 1053 2624 ejus
1099 2536 1614 2628 tranquillitatis
1677 2548 1910 2605 auctor
1957 2533 2139 2617 fuit3
2188 2548 2330 2606 sta-

101 2639 365 2747 timque
406 2655 911 2737 Scandianum,
963 2654 1455 2735 Monticulum,
1524 2651 1791 2745 aliaque
1857 2653 1948 2722 ab
2016 2653 2326 2721 hostibus
2379 2723 2382 2728 ,

102 2784 292 2861 capta
334 2772 493 2844 loca.
537 2784 700 2842 sunt
741 2774 1075 2841 restituta.
1106 2771 1424 2838 Ceterum
1459 2772 1721 2851 rustici,
1748 2772 1867 2862 qui
1901 2769 2110 2839 libero
2140 2770 2328 2841 coelo

105 2893 337 2958 assueti
378 2890 749 2980 moenibus
792 2887 1035 2960 inclusi
1098 2885 1411 2968 fuerant,
1453 2901 1660 2958 acuto
1731 2887 1967 2958 morbo
2038 2891 2329 2980 correpti

101 3008 333 3094 passim
375 3008 845 3088 decesserant3
893 3028 1013 3074 nec
1059 3007 1262 3094 pauci
1323 3007 1501 3072 cives
1565 3027 1874 3072 moerore.
1926 3000 2197 3085 afflicti,
2254 3016 2327 3074 et

107 3119 561 3206 jumentorum
608 3122 862 3199 foetore
906 3120 1154 3194 infecto
1210 3145 1355 3189 aere
1425 3120 1589 3188 laesi
1660 3120 2057 3190 occubuere.
2105 3119 2329 3192 Tanta

109 3234 449 3311 hominum
497 3255 751 3332 strages
798 3238 973 3322 fuit,
1018 3251 1099 3307 ut
1150 3240 1291 3327 jam
1342 3239 1475 3320 ubi,
1509 3237 1833 3307 cadavera
1878 3238 2326 3308 humarentur

114 3356 401 3445 sepulcra
431 3357 817 3430 deficerent.
847 3355 1010 3438 Plus
1041 3358 1240 3422 tertia
1284 3366 1473 3446 parte
1520 3355 1970 3445 agricolarum
2019 3381 2100 3424 eo
2149 3380 2333 3427 anno

115 3476 360 3559 periisse
404 3478 723 3558 creditur,
754 3480 849 3544 ita
883 3488 962 3546 ut
995 3455 1267 3564 nec'qui
1300 3498 1491 3564 agros
1520 3473 1842 3557 colerent,
1873 3499 1996 3543 nec
2028 3486 2334 3546 armenta

118 3589 354 3677 quibus
394 3594 801 3675 colerentur,
846 3592 1141 3683 amplius
1182 3605 1631 3682 superessent.

242 3706 388 3778 Sub
432 3712 503 3780 id
547 3725 816 3803 tempus
856 3710 1008 3780 Rex
1036 3708 1395 3779 Gallorum
1427 3706 1799 3788 calesium,
1844 3707 2004 3777 olim
2049 3706 2329 3774 Portum

123 3818 351 3907 Ieium,
379 3827 680 3900 Stroccio
724 3841 795 3896 et
826 3826 1219 3895 Thermensi
1266 3825 1581 3906 ducibus,
1627 3827 1692 3892 vi
1738 3821 2104 3890 ferrearum
2152 3819 2331 3911 pilad-

124 3957 288 4022 mm,
315 3968 483 4034 quas
528 3969 618 4018 ex
659 3969 780 4014 sex
822 3946 1138 4015 onerariis
1180 3942 1475 4015 navibus
1519 3943 1589 4008 in
1635 3964 1852 4007 arcem
1900 3938 2330 4020 emittebant,

127 4059 319 4144 cepit.
361 4063 678 4133 Ducenta
721 4085 931 4132 aenea
988 4074 1322 4132 tormenta
1389 4057 1639 4128 bellica
1708 4058 1807 4125 ibi
1875 4059 2183 4139 inventa,
2238 4056 2339 4124 in·

130 4189 409 4268 ssssmque
455 4204 830 4274 pannorum
898 4190 969 4249 et
1034 4181 1258 4250 stanni
1312 4179 1508 4269 copia
1555 4174 1791 4247 Gallos
1836 4174 2104 4248 ditavit.
2158 4173 2336 4244 Urbs
