2950 5017
649 403 790 483 ‘²40
1397 414 1634 459 unum
1686 411 2111 465 amemusmu

655 676 1012 722 Nommnus
1044 675 1127 718 m*
1160 672 1566 733 POTENTIBUQ
1597 666 2129 747 nomomensnms
2161 669 2495 713 SENENsEs
2524 666 2886 713 SALUTEM.

795 913 842 943 e·
872 883 1053 951 Vota
1097 879 1316 949 felicia
1359 879 1702 949 nobilitati
1746 892 2001 948 vestrae
2017 930 2038 961 ,
2082 892 2164 946 ut
2216 879 2537 968 gaudeat,
2582 879 2881 946 nuncia-

656 1024 834 1069 mus.
865 994 1216 1089 Siquidem
1248 986 1608 1065 Heni-icum
1631 996 2090 1066 Romanorum
2117 996 2365 1086 Regem
2396 996 2505 1063 die
2535 997 2877 1085 vigesima

657 1121 897 1208 quinta
941 1117 1208 1206 augusti
1261 1092 1433 1181 circa
1488 1113 1726 1182 horam
1792 1136 2041 1181 nonam
2113 1112 2200 1209 ad
2268 1135 2513 1203 pagum
2555 1111 2871 1179 Boneon-

654 1246 932 1303 ventum
953 1283 974 1313 ,
1019 1232 1141 1301 ubi
1186 1254 1346 1298 cum
1375 1238 1376 1241 ’
1408 1214 1712 1298 exercitu
1776 1229 2049 1298 sedebat
2069 1280 2089 1311 ,
2132 1229 2439 1299 decesisse
2508 1251 2598 1295 ex
2666 1228 2869 1295 certis

657 1348 1191 1440 exploratoribus
1235 1348 1496 1415 nunciis
1542 1358 1615 1413 et
1661 1348 2028 1414 amicorum
2075 1344 2300 1413 'literis
2343 1345 2656 1413 certiores
2705 1340 2870 1409 facti

654 1489 910 1535 sumus.
956 1463 1138 1531 Eum
1182 1460 1578 1531 defunctum
1625 1465 1795 1531 vasis
1849 1461 2286 1531 conclamatis
2353 1461 2604 1528 milites
2672 1471 2870 1535 nocte

658 1581 908 1653 feretro
965 1579 1311 1651 sublatum
1357 1583 1428 1647 in
1475 1593 1783 1647 externas
1850 1582 2147 1672 regiones
2216 1574 2538 1667 fugientes
2604 1575 2868 1643 extule-

661 1712 854 1766 runt.
893 1699 1182 1765 Divinae
1245 1719 1398 1785 ergo
1468 1689 1803 1787 potentiae
1868 1699 2119 1784 gratias
2189 1706 2452 1783 agentes
2498 1692 2866 1775 charissimi

660 1816 1001 1894 exultetis.
1048 1815 1161 1888 Ex.
1202 1815 1367 1882 urbe
1411 1813 1738 1882 Senatum
1783 1837 1955 1880 xxvr
2001 1798 2269 1902 augusti
2311 1826 2655 1880 mecc'xm.
2701 1841 2733 1872 ι

795 1935 999 2002 Lecta
1045 1932 1323 2022 epistola
1368 1935 1594 2000 omnia
1628 1931 1922 1998 laetitiae
1954 1933 2138 2021 signa
2167 1929 2433 2021 publice
2460 1940 2623 1996 sunt
2654 1926 2858 2025 edita,

658 2049 842 2139 quod
887 2048 1126 2113 Italiae
1172 2048 1445 2114 urbium
1493 2047 1788 2113 libertati
1828 2059 2150 2136 tyrannus
2182 2046 2477 2113 insidiari
2507 2045 2859 2122 diceretur,

547 2162 554 2168 ’
631 2168 729 2231 'et
772 2166 891 2254 qui
937 2165 1368 2232 Caesarianae
1435 2162 1738 2235 factionis
1774 2162 2074 2230 fuerant
2127 2161 2399 2229 >funalia
2466 2173 2672 2230 nocte
2742 2184 2860 2249 pro

660 2280 961 2349 fenestris
1016 2305 1296 2371 ponere,
1338 2305 1424 2347 ne
1466 2281 1646 2350 bono
1712 2281 1984 2372 publico
2051 2266 2344 2347 invidere
2394 2280 2853 2358 crederentur,

658 2401 874 2489 coacti
943 2395 1157 2465 fuere.
1205 2398 1476 2464 Henrici
1541 2397 1690 2466 loco
1757 2397 2088 2472 Friderico
2135 2384 2486 2464 Austriaco
2552 2394 2859 2474 suffecto,

644 2513 995 2582 'Robertus
1041 2513 1326 2601 Apuliae
1394 2537 1515 2580 rex
1582 2513 1897 2594 urbibus,
1962 2537 2138 2601 quae
2182 2512 2536 2580 Caesarem
2591 2523 2849 2578 secutae

659 2628 965 2710 fixerant,
1013 2654 1055 2695 a
1098 2628 1417 2697 Pontifice
1482 2628 1903 2710 Praefectus,
1947 2629 2306 2695 Gibertum
2352 2629 2724 2717 Corrigium
2788 2628 2860 2693 in

660 2742 890 2812 Gallia
934 2744 1272 2834 Cisalpina
1338 2748 1681 2835 copiarum
1747 2749 2218 2836 imperatorem
2283 2743 2678 2823 declaravit,
2735 2743 2861 2831 qui

658 2861 904 2929 Parma
946 2874 1015 2928 et
1058 2862 1411 2943 Cremona,
1456 2885 1626 2953 quas
1670 2864 1847 2950 regia
1891 2863 2291 2929 auctoritate
2336 2861 2511 2927 tueri
2556 2856 2856 2937 volebat,

660 2977 957 3047 Roberto
1005 2979 1263 3045 traditis
1284 3030 1305 3061 ,
1347 2982 1486 3070 ipse
1533 3003 1622 3045 ex
1663 2980 1959 3075 principe
2014 2977 2282 3045 illarum
2345 2972 2719 3067 praefectus
2760 2983 2850 3040 est

666 3098 1074 3163 nominatus.
1122 3094 1224 3186 Eo
1273 3096 1469 3163 titulo
1516 3095 1782 3162 duobus
1827 3093 2128 3161 millibus
2171 3092 2494 3160 librarum
2540 3089 2847 3158 Mediola-

663 3213 974 3278 nensium
1044 3233 1162 3298 pro
1233 3233 1455 3276 annuo
1522 3208 1871 3277 honorario
1926 3234 1964 3275 a
2010 3208 2476 3275 Parniensibus
2545 3207 2854 3297 acceptis,

564 3306 572 3316 ⁵
662 3325 1036 3414 Ugolinum‘
1077 3323 1504 3391 Manfredum
1566 3329 1903 3395 exercitus.
1930 3324 2349 3416 ‘magistrum
2394 3320 2609 3391 dixit:
2659 3346 2746 3403 ac,
2778 3345 2852 3389 ne

662 3440 827 3531 quid
867 3436 1294 3508 innovaretur
1325 3440 1674 3529 Regienses
1721 3440 1805 3508 ad
1848 3442 2124 3508 Parmae
2168 3440 2568 3531 praesidium
2620 3439 2850 3506 tenuit.

662 3559 786 3626 His
847 3559 1044 3647 gestis
1104 3569 1402 3625 montem
1449 3558 1779 3640 ceritum,
1822 3550 2019 3627 minc⁴
2045 3548 2459 3627 Clariculum
2507 3566 2852 3632 vocatum,

548 3665 557 3674 ’
590 3661 594 3666 ’
666 3700 874 3766 quem
924 3677 1119 3742 ant'ea
1148 3675 1433 3752 Joannes
1464 3673 1823 3772 Sanvitalis
1855 3669 2337 3744 Paludinorum
2369 3673 2852 3742 Cibellinorum

666 3774 919 3860 auxilio
968 3793 1237 3859 Henrici
1284 3783 1702 3882 Imperatoris
1747 3796 2014 3861 nomine
2061 3803 2532 3882 occupaverat,
2578 3815 2662 3859 eo
2709 3789 2846 3854 Par-

667 3908 1011 4001 mensibus
1065 3922 1133 3975 et
1191 3909 1622 3999 Regiensibus
1689 3933 1847 3977 cum
1920 3911 2259 3977 tormentis
2327 3893 2591 3974 bellicis
2660 3907 2854 3975 missis

608 4047 617 4057 ·
668 4025 947 4117 obsedit.
997 4013 1129 4092 Sed
1173 4026 1512 4105 Paludinjs
1558 4027 1645 4095 ob
1690 4027 1821 4095 loci
1864 4025 2320 4095 infirmitatem
2345 4010 2851 4099 discedentibus,
2904 4060 2918 4081 .

670 4142 1048 4213 Sanvitalis'
1082 4156 1154 4237 et
1203 4146 1343 4236 ipse
1389 4156 1590 4236 pacta
1634 4145 1993 4216 hominum
2038 4143 2501 4219 incolumitate
2547 4139 2854 4234 oppidum
