2950 5017
848 470 857 481 ·
958 410 1153 455 mena
1201 412 1443 456 ramus
1813 421 1816 424 ·
2209 398 2283 459 51

72 530 301 622 petati
334 558 361 613 3
419 530 535 600 sed
591 529 793 598 rebus
834 552 1141 621 prospere
1197 531 1701 611 succedentibus
1746 527 1962 599 Aulus
2003 531 2295 600 Manlius

64 645 290 717 Volso
340 646 644 729 Consul,
673 649 783 713 cui
812 645 1039 716 Gallia
1084 650 1422 738 provincia
1466 648 1860 729 obvenerat,
1904 650 2042 715 sine
2085 650 2295 717 socio-

56 785 219 830 rum
274 763 585 845 auxilio,
624 762 884 830 levibus
927 763 1191 853 praeliis
1232 763 1457 831 hostes
1503 766 1864 853 superavit,

200 878 557 970 Sequenti
588 904 761 948 anno
789 883 861 946 in
895 879 1063 946 duas
1110 884 1474 969 provincias
1506 894 1726 948 nostra
1756 883 2018 969 regione
2045 880 2291 961 divisa,

52 995 206 1065 duo
242 1001 466 1064 etiam
499 1001 575 1065 in
603 1021 712 1064 eas
753 1000 934 1064 missi
966 998 1299 1066 Praetores
1337 996 1523 1064 fuere
1554 997 1637 1064 G.
1670 997 2014 1066 Cornelius
2045 997 2295 1087 Scipio,

52 1126 133 1179 et
183 1114 281 1182 C.
316 1115 635 1182 Valerius
680 1115 1000 1182 Levinus.
1045 1112 1300 1185 Eodem
1346 1113 1483 1182 fere
1528 1128 1825 1204 tempore
1856 1115 1938 1182 Ο.
1970 1114 2293 1183 Claudius

57 1228 385 1297 Pulcher
426 1230 713 1312 Consul,
755 1254 948 1311 cum,
978 1230 1160 1298 Istris
1188 1231 1482 1311 domitis,
1527 1233 1599 1299 in
1645 1232 1920 1322 Ligures
1967 1233 2293 1311 transiret,

59 1345 153 1411 ad
214 1345 670 1414 Scultennam
734 1337 1057 1427 fluvium,
1126 1371 1305 1415 nunc
1370 1348 1718 1422 Panariam
1786 1360 2295 1438 nuncupatum,

59 1463 389 1531 obviam·
409 1463 711 1532 hostibus
756 1462 978 1531 factus
1008 1515 1028 1545 ,
1072 1464 1223 1554 plus
1264 1467 1698 1555 septingentis
1735 1468 2008 1556 -captis,
2074 1489 2168 1534 xv
2214 1490 2294 1535 M.

68 1582 225 1646 acie
278 1566 557 1647 cecidit.
614 1578 745 1645 Sed
814 1604 893 1648 eo
955 1580 1238 1649 Romam
1309 1580 1395 1648 ad
1464 1580 1884 1670 triumphum
1957 1580 2293 1672 profecto,

70 1699 527 1786 exercituque
554 1696 851 1778 dimisso,
870 1697 1142 1786 Ligures
1171 1720 1289 1787 per
1321 1710 1714 1765 transversos
1747 1701 2077 1779 tramites,
2106 1724 2295 1769 mon·

72 1811 287 1878 tibus
334 1814 630 1892 emensis,
663 1834 894 1901 agrum
925 1812 1226 1902 populati
1271 1816 1609 1902 repentino
1652 1815 1910 1901 impetu
1949 1816 2284 1881 Mutinam

73 1940 543 2018 occuparunt.
587 1929 809 2011 Quare
853 1927 1057 1995 Caius
1101 1927 1428 1996 Claudius
1473 1928 1829 1996 Proconsul
1877 1933 1946 1996 in
1992 1930 2324 1997 Galliam⁸

71 2045 499 2132 provinciam
544 2067 737 2112 suam
780 2068 938 2112 cum
982 2044 1251 2112 delectis
1304 2047 1510 2134 copiis
1563 2041 1893 2127 reversus,
1939 2059 2094 2116 octo
2138 2047 2290 2113 mil-

74 2156 268 2227 libus
298 2160 898 2250 Ligurum-caesis,
946 2159 1166 2228 triduo
1217 2172 1367 2249 post
1411 2160 1745 2226 Mutinam
1800 2164 2096 2250 recepit;
2141 2162 2289 2230 aliis

78 2276 350 2343 circiter
378 2274 683 2343 millibus
711 2278 1089 2365 quingentis
1132 2277 1201 2342 in
1248 2298 1403 2363 agro
1433 2272 1715 2355 amis'sis,
1744 2275 1982 2367 reliqui
2014 2278 2285 2368 Ligures

77 2392 149 2459 in
196 2392 510 2462 Montem
557 2394 876 2473 Laetum,
909 2415 1087 2459 nunc
1118 2390 1321 2480 Alpes
1353 2390 1582 2458 Sancti
1612 2392 1941 2482 Peregrini
1989 2407 2284 2476 vocatas,

87 2519 161 2574 et
202 2512 275 2577 in
320 2510 564 2598 jugum
592 2509 911 2576 Balistam
955 2532 1022 2575 se
1067 2522 1490 2597 receperunt3
1522 2509 1643 2575 ubi
1674 2533 1907 2578 omnes
1954 2514 2285 2600 captivos,

80 2635 153 2690 et
194 2648 472 2714 pecora,
526 2649 701 2716 quae
754 2650 839 2692 ex
891 2625 1374 2692 Mutinensibus
1444 2625 1868 2693 abduxerant
1935 2625 2283 2693 barbarica

82 2739 267 2808 rabie
334 2741 790 2808 trucidarunt.
857 2717 1137 2808 Caetera
1203 2764 1375 2830 quae
1441 2738 1773 2830 fragiliora
1840 2744 2275 2822 invenerunt,

82 2857 456 2944 parietibus
510 2857 916 2946 templorum
976 2856 1358 2924 collidentes
1426 2859 1772 2924 attrivere.
1844 2857 1963 2922 His
2034 2856 2280 2922 auditis

84 2971 391 3056 Quintus
431 2972 703 3040 Petilius
731 2973 982 3042 Consul
1028 2976 1098 3040 in
1143 2973 1438 3040 Galliam
1488 2995 1865 3062 properans,
1910 2975 2277 3047 exercitum

84 3109 127 3153 a
172 3086 494 3156 Marcello
534 3088 923 3158 Proconsule
969 3092 1039 3156 in
1084 3088 1356 3177 Campis
1423 3089 1660 3154 Macris
1732 3090 2025 3177 accepit.
2073 3089 2288 3154 Hunc·

78 3200 316 3272 locum
360 3207 433 3271 in
478 3204 699 3272 Gallia
765 3205 1102 3295 Cisalpina
1168 3209 1340 3274 circa
1407 3206 1740 3273 Mutinam
1804 3205 2276 3284 et·Parmam,

81 3318 261 3387 Livii
290 3371 312 3402 ,
357 3335 428 3388 et
470 3322 888 3390 columellae
934 3325 1341 3404 testimonio,
1395 3346 1532 3391 esse
1590 3323 2106 3412 comprobatur;
2154 3324 2272 3412 qui

83 3460 319 3505 earum
364 3442 595 3507 ovium
642 3440 890 3507 vellera
932 3442 1222 3506 maxime
1266 3464 1350 3506 ex
1393 3442 1471 3506 iis
1516 3444 1774 3530 pascuis
1822 3439 2276 3519 commendat,

83 3578 259 3645 quae
303 3558 481 3623 circa
525 3556 860 3624 Mutinam
906 3569 974 3623 et
1017 3557 1326 3625 Parmam
1357 3558 1603 3624 Macris
1634 3560 1702 3625 in
1735 3557 2005 3646 Campis
2050 3555 2281 3623 stabu-

86 3668 211 3737 lari
255 3686 777 3741 consueverunt.
823 3675 996 3741 Hinc
1040 3698 1150 3743 eos
1207 3672 1559 3743 manifesto
1603 3698 1811 3742 errore
1855 3673 2065 3762 decipi
2125 3696 2278 3740 con-

82 3799 245 3870 stat,
285 3791 411 3879 qui
455 3789 634 3857 ultra
678 3783 1067 3872 Bononiam,
1096 3792 1486 3859 Ravennam
1531 3815 1781 3873 versus,
1813 3790 2100 3878 Campos
2129 3769 2274 3857 Ma-

88 3926 231 3972 cros
274 3904 481 3974 fuisse
525 3909 927 3997 opinantur,
980 3932 1134 3975 cum
1194 3911 1398 3975 etiam
1463 3931 1666 4000 prope
1720 3932 1828 3977 eos
1882 3906 2273 3978 Siciminam
2385 3919 2394 3930 “

88 4033 160 4087 et
183 4020 513 4112 Papinum
562 4037 820 4096 montes
860 4028 931 4094 in
974 4026 1465 4095 Mutinensibus
1494 4024 1693 4094 fuisse
1723 4026 1953 4093 Livius
1992 4024 2271 4103 scribat,

91 4136 213 4205 uhi
256 4152 478 4210 tamen
534 4141 836 4227 jaceant,
888 4146 1188 4214 omnium
1255 4142 1459 4211 ferme
1527 4142 1824 4213 locorum
1889 4140 2273 4212 nominibus
