2950 5017
643 412 780 499 406
1371 431 1376 442 ’
1404 429 1645 476 ananan
1688 427 2112 476 morannum

654 553 978 642 Principis
1021 550 1340 620 mandato
1380 549 1669 619 libenter
1712 551 2206 641 obtemperent.
2235 544 2529 627 Ju‘venes
2574 554 2876 641 parentis

561 645 568 654 f
655 669 835 736 dioto
893 668 1189 752 resistere
1241 689 1373 744 non
1429 668 1573 734 ausi
1630 665 1716 733 ad
1772 664 2043 732 Petram
2090 664 2570 742 Paludin‘orum
2641 668 2878 738 castel-

655 786 804 854 lum
848 785 1006 853 inde
1048 797 1339 875 quatuor
1385 783 1689 852 millibus
1749 807 2065 873 passuum
2109 783 2361 851 distans
2428 767 2502 852 se
2569 783 2874 852 contule·

653 918 836 972 runt.
884 902 1139 972 Verum
1184 904 1360 968 intra
1415 923 1663 991 paucos
1719 902 1857 968 dies
1926 901 2012 967 ad
2081 916 2436 991 paternum
2509 901 2865 969 castellum

651 1006 943 1089 reditum
984 1021 1457 1112 impetrarunt.
2516 1099 2517 1108 ἵ

669 1179 680 1186 ·
788 1136 868 1204 In
914 1135 1017 1203 his
1062 1134 1359 1206 motibus
1426 1136 1627 1202 tertio
1694 1153 1903 1206 nonas
1959 1133 2248 1221 januarii
2306 1137 2486 1201 intra
2528 1133 2861 1203 decimam

652 1264 724 1321 et
781 1263 1092 1322 octavam
1158 1250 1391 1320 boram
1437 1247 1951 1334 Boufranciscus
1985 1250 2326 1329 Adortus,
2371 1273 2536 1318 cum
2595 1253 2861 1341 triginta

655 1393 863 1439 annos
905 1368 1212 1459 Regiensi
1258 1366 1575 1435 ecclesiae
1624 1366 2016 1459 praefuisset
2032 1418 2053 1449 ,
2107 1393 2285 1436 anno
2338 1372 2584 1436 aetatis
2644 1380 2866 1437 octua-

654 1490 902 1578 gesimo
946 1497 1162 1566 sexto,
1207 1507 1361 1551 cum
1411 1483 1690 1575 publico
1733 1484 1927 1564 luctu
1976 1483 2274 1552 decessit.
2319 1484 2443 1553 Vir
2491 1483 2866 1575 theologiae

651 1627 735 1672 ac
778 1601 1239 1693 philosophiae
1287 1602 1754 1690 peritissimus,
1783 1603 1941 1691 qui,
1971 1623 2128 1668 cum
2174 1599 2356 1690 apud
2388 1600 2677 1668 Sixtum
2709 1600 2865 1671 Pon-

652 1717 904 1787 tificem
963 1741 1080 1808 pro
1132 1715 1420 1783 Hercule
1476 1719 1691 1806 primo
1737 1716 2049 1784 Atestino
2104 1715 2405 1806 legatum
2466 1730 2733 1805 ageret,
2787 1718 2865 1785 ob

650 1835 1053 1926 singularem
1105 1833 1481 1902 doctrinam
1550 1836 1806 1923 patriae
1875 1832 2333 1924 praesulatum
2394 1833 2756 1903 obtinuit:
2803 1838 2863 1903 in

649 1952 815 2022 aede
880 1951 1119 2038 majori
1187 1953 1470 2019 humato
1511 1951 1801 2028 Joannes
1845 1950 2111 2018 Marcus
2156 1947 2390 2031 frater,
2434 1963 2510 2017 et
2555 1950 2862 2018 Ventura

649 2093 741 2137 ex
769 2067 1132 2159 Aliprando
1159 2047 1615 2155 jureconsulto
1648 2054 1860 2136 fratre
1904 2081 2328 2158 praemortuo
2371 2092 2586 2159 nepos
2639 2095 2861 2139 monu-

653 2200 958 2254 mentum
1019 2206 1317 2275 posuere.
1371 2185 1657 2262 Joannes
1702 2186 1918 2252 Lucas
1974 2185 2224 2252 Puteus
2267 2185 2859 2267 Pontremulensis‚

519 2309 530 2322 “
653 2305 774 2394 qui
822 2304 1075 2369 viventi
1119 2303 1339 2368 socius
1384 2301 1748 2387 adjunctus
1794 2300 2047 2383 fuerat,
2096 2302 2366 2391 plenum
2427 2317 2673 2391 postea
2706 2328 2861 2393 pon-

655 2417 988 2485 tificatum
1034 2416 1302 2486 habuit.
1348 2417 1414 2485 Is
1459 2422 1782 2486 antistitis
1840 2418 2080 2485 habitu
2129 2443 2307 2496 nono
2350 2418 2677 2487 calendas
2722 2423 2859 2487 maii
2926 2463 2927 2474 ι

654 2535 894 2602 urbem
951 2536 1310 2625 ingressus,
1362 2537 1432 2602 in
1492 2537 1719 2626 primis
1770 2558 2038 2603 crucem
2099 2548 2254 2602 ante
2308 2549 2579 2625 portam
2640 2536 2857 2604 Sancti

650 2652 829 2720 Petri
894 2651 1023 2719 sibi
1092 2675 1211 2741 pro
1279 2675 1461 2719 more
1508 2651 1808 2722 oblatam
1868 2664 1969 2720 est
2021 2651 2499 2732 exosculatus3
2551 2668 2707 2719 tum
2751 2654 2859 2720 suh
2924 2721 2925 2732 ,

653 2768 961 2838 umbella
1006 2755 1329 2859 eaceptus
1372 2769 1630 2838 mulam
1678 2770 2083 2850 conscendit,
2113 2771 2568 2861 omnibusque
2615 2771 2859 2861 religio-

648 2912 874 2957 sorum
920 2887 1262 2958 ordinibus
1307 2887 1885 2977 praecedentibus,
1916 2911 2072 2954 cum
2106 2887 2190 2955 ad
2226 2911 2455 2956 arcum
2502 2889 2855 2977 quemdam

645 3006 719 3071 in
766 3003 915 3091 ejus
960 3002 1282 3072 bonorem
1342 3000 1606 3069 factum
1660 3006 2094 3093 pervenisset,
2140 3027 2182 3072 a
2223 3003 2515 3089 juvene,
2561 3007 2687 3094 qui
2734 3004 2853 3070 divi

645 3119 946 3209 Prosperi
995 3141 1337 3207 personam
1385 3116 1757 3199 referebat,
1802 3117 2208 3209 quibusdam
2256 3119 2631 3208 virgilianis
2682 3122 2852 3188 versi-
2922 3175 2923 3178 η

647 3237 777 3305 bus
821 3247 923 3303 est
965 3235 1335 3304 salutatus:

753 3327 764 3340 ⁸
827 3352 1092 3421 Venisti
1138 3351 1441 3432 tandem,
1488 3366 1739 3443 tuaque
1786 3365 2145 3442 expectata
2189 3356 2452 3441 parenti

826 3468 1011 3537 Vicit
1052 3471 1179 3536 iter
1223 3467 1466 3535 durum
1516 3473 1761 3560 pietas!
1810 3471 2007 3538 datur
2052 3496 2167 3537 ora
2214 3473 2426 3550 tueri,

826 3585 1033 3667 Nate,
1080 3596 1229 3665 tua,
1270 3600 1341 3652 et
1386 3600 1580 3655 notas
1625 3588 1853 3654 audire
1898 3599 1971 3653 et
2016 3587 2282 3656 reddere
2329 3594 2563 3655 voces!

826 3703 943 3771 Sic
987 3703 1299 3794 equidem
1341 3703 1675 3772 ducebam
1723 3708 1950 3774 animo
1995 3705 2325 3796 rebarque
2370 3702 2722 3786 futurum,

825 3821 1156 3911 Tempora
1203 3820 1683 3894 dinumeransz.
1715 3847 1841 3890 nec
1887 3847 1996 3890 me
2041 3846 2191 3890 mea
2236 3845 2395 3890 cura
2447 3815 2722 3902 fefellit,¹

826 3938 1010 4021 Quas
1054 3961 1176 4027 ego
1223 3951 1288 4005 te
1334 3950 1540 4006 terras
1585 3951 1654 4005 et
1698 3951 1955 4030 quanta
1999 3962 2117 4029 per
2162 3952 2456 4029 aequora
2503 3951 2738 4008 vectus

822 4055 1148 4146 Accipio!
1194 4059 1465 4147 quantis
1507 4057 1883 4144 jactatum,
1928 4069 2121 4139 nate,
2167 4057 2471 4148 periclis!

824 4177 1047 4261 Quam
1092 4179 1328 4257 metui,
1374 4202 1456 4244 ne
1501 4177 1663 4267 quid
1711 4177 1967 4266 Lybiae
2014 4176 2140 4244 tibi
2182 4156 2383 4268 regna
2430 4178 2770 4276 nocerent!
