2950 5017
1014 390 1217 436 maan
1262 388 1556 439 oca-Avus
2249 376 2374 466 ⁵7¹

86 511 362 581 obitu
404 509 762 592 dolituros,
799 510 1055 589 Joanne
1099 511 1405 603 Baptista
1448 511 1724 586 Marone
1764 513 1986 582 scriba
2029 501 2383 602 adjuncto,

88 629 692 698 destinaverunt.
739 627 939 696 Pulla
982 628 1391 720 lugubrique
1436 640 1618 698 veste
1649 630 1873 698 induti
1906 629 2384 722 decimoprimo

91 745 472 814 calendas
513 745 884 824 decembris
929 745 1141 837 Regio
1182 746 1525 830 Mutinam
1577 760 2066 838 pervenerunt:
2116 748 2214 816 ibi
2257 748 2386 817 flu-

90 863 327 932 ·viali
383 865 543 931 navi
589 864 959 931 Ferrariam
1022 887 1236 956 usque
1292 863 1664 956 conducta,
1729 887 1891 932 cum
1955 864 2099 952 jam
2168 878 2386 934 essent

106 982 450 1064 abituri,
494 981 944 1063 Mutinenses,
984 985 1106 1073 qui
1148 1005 1218 1051 se
1263 985 1634 1073 praeveniri
1702 988 1897 1074 aegre
1951 981 2259 1052 ferebant
2277 1036 2297 1066 ,
2343 1009 2385 1052 a

106 1097 478 1168 nauclero
525 1114 870 1189 acceptam
916 1098 1182 1182 arrham
1228 1102 1494 1170 restitui
1539 1102 1901 1190 imperant,
1944 1113 2387 1192 nostrumque

106 1214 516 1284 discessum
569 1216 979 1306 impediunt.
1027 1216 1135 1285 Ad
1184 1217 1367 1287 urbis
1429 1215 1852 1307 praefectum
1914 1216 2007 1285 ob
2068 1215 2252 1286 hanc
2286 1220 2389 1286 in-

110 1332 408 1418 juriam
453 1353 613 1400 cum
659 1331 911 1403 frustra
948 1332 1155 1424 legati
1200 1337 1764 1425 provocavissent‚
1797 1332 2004 1401 aliam
2034 1333 2117 1400 ad
2150 1356 2384 1403 secun-

111 1448 327 1516 dum
373 1449 464 1518 ab
506 1469 584 1520 ea
630 1450 799 1517 urbe
859 1448 1150 1542 lapidem
1212 1454 1445 1527 navim
1508 1450 1685 1520 clam
1751 1450 2265 1532 conduxerunt,
2317 1465 2391 1519 et

121 1566 478 1656 postridie
521 1567 788 1636 duabus
834 1581 996 1636 ante
1039 1569 1450 1638 Mutinenses
1496 1568 1680 1639 horis
1723 1569 2097 1638 Ferrariam
2123 1643 2128 1650 ,
2156 1591 2389 1659 perve-

120 1698 428 1754 nerunt.
474 1687 641 1753 Dux
684 1711 767 1756 eo
810 1671 944 1769 die,
988 1709 1126 1779 quo
1170 1687 1578 1758 Catharinae
1622 1690 1895 1778 virginis
1932 1677 2060 1779 'pro
2105 1686 2382 1755 Christo

122 1826 390 1893 passae
434 1808 762 1874 memoria
806 1809 1063 1896 agitur,
1109 1809 1369 1896 magnis
1410 1830 1571 1874 cum
1627 1803 2235 1876 acclamationibus
2287 1829 2392 1872 ar-

136 1931 409 2010 gentea
475 1920 710 1990 trabea
754 1922 1036 1990 indutus
1081 1925 1255 1991 circa
1301 1923 1647 1991 meridiem
1715 1923 1953 1992 urbem
2022 1925 2389 2013 ingressus,

128 2061 237 2104 ac
302 2040 374 2106 in
440 2037 810 2109 cathedrali
856 2039 1135 2108 ecclesia
1178 2063 1363 2108 sacra
1431 2042 1739 2110 audivit:
1801 2038 1959 2109 inde
2024 2043 2092 2108 in
2162 2064 2386 2109 arcem

135 2156 535 2225 comitante
579 2157 833 2248 populo
875 2159 1007 2226 sub
1052 2158 1359 2229 umbella
1402 2159 1731 2227 deductus
1775 2169 1932 2227 octo
1991 2155 2209 2225 millia
2268 2181 2388 2227 au·-

134 2273 424 2340 r'eorum
471 2273 556 2341 ad
602 2273 1097 2344 aedificandum
1144 2275 1484 2366 palatium
1529 2274 1845 2346 Cornelio
1875 2275 2228 2345 Bentivolo
2271 2275 2390 2345 do,-

134 2411 348 2458 nasse
390 2389 662 2459 dicitur.
708 2391 878 2460 Mox
920 2392 1006 2459 ad
1053 2405 1375 2482 patruum
1421 2391 1854 2484 Alphonsum
1897 2413 2277 2473 conversus,
2323 2394 2388 2457 ei

141 2507 295 2587 alia
339 2510 832 2600 quinquaginta
878 2509 1095 2578 millia
1140 2534 1531 2592 aureorum,
1562 2511 1812 2601 quibua
1857 2522 2082 2578 tamen
2128 2514 2197 2576 in
2243 2532 2391 2588 ma-

150 2648 297 2715 gna
343 2629 620 2717 penuria
677 2624 932 2718 populo
991 2628 1413 2708 subveniret,
1458 2626 1781 2717 elargitus
1826 2648 1967 2694 esse
2011 2623 2257 2705 fertur,
2303 2637 2388 2692 ut

146 2742 265 2810 bis
334 2747 629 2812 nummis
695 2758 1165 2835 comparatum
1237 2742 1697 2826 frumentum,
1764 2745 1979 2835 pretio
2043 2766 2182 2833 quo
2248 2745 2387 2832 ipse

150 2864 467 2941 emisset,
510 2859 777 2928 civibus
819 2860 1256 2941 distraheret,
1304 2862 1795 2952 pecuniamque
1850 2861 1980 2928 sibi
2044 2862 2384 2928 retineret.

151 2976 242 3043 In
292 3000 372 3045 ea
415 2976 675 3046 laetitia
705 2976 925 3054 Julius
956 2976 1287 3067 Alphonsi
1333 2988 1618 3067 patruus
1664 2998 1976 3066 magnus,
2021 2978 2142 3065 qui
2188 2988 2386 3046 antea

146 3115 333 3163 nova
376 3093 657 3163 molitus
687 3116 895 3164 annos
926 3091 1441 3185 quinquagenos
1488 3094 1867 3162 carceribus
1910 3092 2212 3161 inclusus
2241 3091 2388 3162 fue-

151 3224 288 3294 rat,
330 3235 490 3279 cum
536 3216 601 3281 ei
646 3211 1027 3304 gratulatus
1087 3237 1204 3305 per
1256 3215 1588 3284 nuncium
1634 3235 1706 3280 se
1750 3234 2014 3302 sperare
2059 3210 2387 3302 significa-

153 3341 348 3398 verat
409 3333 587 3398 sicut
631 3331 722 3397 ab
769 3329 1116 3421 Alphonso
1175 3329 1522 3402 castodiae
1584 3329 1873 3400 traditus
1926 3342 2102 3411 erat,
2143 3332 2244 3398 ita
2295 3331 2388 3398 ab

154 3445 292 3516 alio
335 3445 683 3538 Alphonso
739 3447 1109 3516 liberatum
1162 3450 1282 3528 iri,
1328 3448 1618 3538 benigne
1663 3447 1975 3515 dimissus
2017 3443 2175 3515 fuit.
2223 3446 2386 3515 Ves-

156 3585 314 3653 pere
357 3565 651 3652 parentis
694 3561 875 3632 clam
920 3563 1207 3633 humato
1252 3563 1574 3634 cadavere
1621 3564 1944 3654 postridie
1989 3563 2242 3631 obortis
2289 3572 2387 3628 te-

154 3679 381 3752 nebris
423 3683 677 3771 ingenti
723 3704 971 3772 pompa
1000 3681 1548 3771 ejusimaginem
1581 3678 1666 3746 ad
1696 3676 2086 3770 sepulerum
2128 3687 2388 3748 atratus

157 3799 520 3868 comitatus
563 3810 687 3870 est.
736 3801 902 3868 Dies
943 3800 1086 3887 jam
1133 3821 1363 3868 xxvm
1434 3796 1820 3868 novembris
1887 3806 2164 3865 venerat
2224 3818 2384 3864 cum
2419 3877 2426 3882 Ι

157 3918 362 3985 nostri
404 3919 583 3986 circa
627 3918 973 3985 meridiem
1018 3919 1210 4009 equis
1254 3915 1611 3986 insidentes
1658 3913 1746 3980 ad
1793 3912 2220 4004 Alphonsum
2268 3935 2383 4002 pa-

162 4034 329 4101 triae
371 4034 694 4101 mandata
736 4035 1106 4124 exposituri
1151 4032 1506 4101 accedunt.
1542 4030 1649 4098 Ibi
1678 4030 2163 4099 Mutinensium
2207 4028 2385 4119 lega-

161 4151 246 4217 tis
288 4153 615 4234 inventis,
646 4175 714 4220 se
758 4164 916 4222 ante
961 4151 1126 4221 alios
1156 4164 1510 4242 tamquam
1551 4151 1736 4241 prius
1776 4149 2019 4221 urbem
2063 4150 2385 4242 ingressos
