2950 5017
951 438 1145 481 mam
1190 439 1430 483 paruus
2181 443 2258 509 71

90 560 584 646 impetrarunt,
628 557 744 644 qui
789 577 1107 621 novarum
1176 559 1471 643 gentium
1532 555 1764 622 utilem
1808 557 1932 623 sibi
1973 558 2042 623 in
2086 557 2263 627 bello

80 693 371 760 operam
426 667 566 738 fore
616 668 1007 749 arbitratus,
1060 669 1292 747 exinde
1359 667 1672 759 negligere
1704 670 1968 737 'milites
2016 674 2264 761 coepit.

78 785 165 853 Iu
212 809 304 851 ea
350 786 683 851 sententia
721 784 793 849 id
838 786 1038 850 etiam
1084 783 1393 851 stolidum
1438 787 1794 874 principem
1827 783 2267 867 confirmavit,

76 900 283 990 quod
332 897 665 967 Farnobio
703 921 857 964 cum
903 896 1290 987 Thaiphalis
1335 897 1647 966 Thracias
1694 899 2085 989 populante,
2128 902 2267 969 Fri-

78 1015 437 1105 digemus,
466 1025 759 1081 conserta
803 1037 1031 1093 manu,
1063 1012 1278 1103 plures
1309 1013 1617 1083 barbaros
1663 1014 2117 1098 trucidaverat,
2146 1040 2266 1083 nec

78 1152 356 1221 paucos
397 1131 468 1195 in
497 1141 890 1218 potestatem
923 1131 1110 1197 vivos
1142 1129 1494 1218 redegerat,
1524 1153 1693 1219 quos
1723 1129 1963 1197 Valens
2001 1142 2265 1199 autum-

88 1271 189 1314 no
228 1246 367 1332 jam
414 1248 484 1312 in
533 1244 812 1311 hiemem
858 1257 1192 1332 vergente,
1237 1269 1409 1313 anno
1468 1242 1677 1312 ferme
1721 1268 2051 1313 cccnxxrx
2100 1250 2267 1315 circa

86 1362 474 1440 Mutinam,
518 1359 797 1448 Regium
841 1370 910 1424 et
952 1360 1256 1425 Parmam
1302 1361 1384 1425 ad
1430 1384 1579 1427 rura
1623 1360 1896 1428 colenda
1941 1361 2265 1450 dispersit.

86 1477 289 1542 Hanc
341 1474 866 1564 Thaiphalorum
937 1486 1200 1563 gentem
1265 1475 1649 1557 obscenam,
1697 1486 1768 1543 et
1818 1476 2270 1544 abominandis

86 1590 470 1680 impudicae
514 1593 695 1658 vitae
736 1589 998 1679 flagitiis
1041 1590 1370 1680 pollutam
1414 1590 1615 1659 fuisse
1656 1593 2053 1661 Ammianus
2095 1593 2269 1661 Mar-

86 1705 378 1773 cellinus
420 1705 664 1773 scribit.
711 1702 1014 1773 Nefando
1058 1709 1233 1773 enim
1279 1708 1637 1774 concubitu
1681 1708 2039 1798 puberibus
2082 1732 2265 1777 com-

97 1824 308 1888 mixti
326 1871 345 1902 ,
387 1844 497 1889 eos
534 1825 658 1888 nisi
701 1821 808 1888 vel
859 1825 1162 1889 irruentis
1206 1825 1350 1913 apri
1393 1826 1718 1913 impetum
1763 1822 2018 1892 fortiter
2067 1827 2258 1891 susti-

88 1938 417 2014 nuissent,
446 1934 551 2002 vel
578 1938 934 2003 immanem
967 1959 1192 2004 ursum
1223 1937 1341 2005 soli
1371 1934 1871 2018 interfecissent,
1901 1962 1942 2004 a
1972 1936 2263 2005 nefariae

90 2181 251 2237 otrus
290 2172 606 2251 rusticos,
642 2192 1055 2259 quamquam
1112 2170 1544 2239 honestiorem
1610 2174 1819 2238 vitam
1886 2169 2260 2260 amplexos,
2335 2150 2340 2155 .

92 2283 180 2350 ab
218 2283 355 2351 illis
400 2295 771 2373 procreatos
831 2282 1033 2350 fuisse
1087 2297 1465 2353 autument.
1519 2286 1749 2354 Postea
1799 2308 1956 2353 vero
2007 2284 2252 2351 Gothis

90 2397 325 2467 infesta
355 2423 543 2467 arma
568 2402 638 2467 in
666 2399 1014 2468 Valentem
1060 2399 1297 2490 perfide
1341 2401 1908 2482 convertentibus,
1939 2401 2103 2467 dum
2136 2399 2255 2466 ille

92 2517 161 2580 in
201 2519 578 2605 propinquo
616 2517 763 2583 vico
823 2538 1082 2605 pugnae
1127 2521 1385 2584 exitum
1443 2520 1774 2584 incautius
1831 2515 2257 2607 expectabat,

94 2629 183 2696 ab
219 2630 529 2699 hostibus
572 2645 961 2720 praeventus
1013 2635 1081 2698 in
1137 2632 1374 2699 humili
1427 2656 1579 2699 casa
1631 2657 1802 2700 anno
1846 2633 2103 2720 imperii
2147 2630 2259 2696 de-

92 2748 259 2814 cimo
312 2760 546 2828 sexto,
589 2758 658 2813 et
699 2750 875 2813 vitae
928 2750 1473 2837 quinquagesimo
1526 2750 1717 2815 vivus
1770 2757 2256 2815 concrematur.

94 2859 279 2927 Tum
343 2860 742 2943 Gratianus,
799 2861 1265 2930 Valentiniano
1335 2861 1531 2929 fratre
1598 2865 1667 2929 in
1736 2861 1927 2928 Italia
1990 2860 2257 2942 relicto,

99 2972 394 3041 Orientis
448 2999 720 3066 regnum
766 2979 968 3066 cepit,
1012 2989 1081 3041 et
1125 2976 1568 3044 Theodosium
1621 2977 2023 3066 Hispanum,
2066 2973 2258 3060 cujus

95 3112 298 3180 opera
328 3089 581 3160 Gothos
613 3093 1096 3183 profligaverat,
1143 3089 1397 3182 imperii
1440 3104 1806 3160 consortem
1847 3089 2036 3157 fecit.
2082 3090 2260 3158 Cum

98 3229 247 3276 vero
290 3207 633 3276 Maximus
677 3234 763 3276 ex
803 3210 1156 3277 Britanniis
1210 3234 1279 3276 se
1335 3213 1795 3299 imperatorem
1839 3206 2256 3298 appellasset,

95 3322 533 3413 Andragatius
576 3325 723 3409 ejus
762 3325 903 3426 dun
944 3323 1177 3394 lectica
1219 3325 1477 3392 delatus
1520 3348 1590 3390 se
1636 3324 1935 3391 Gratiani
1979 3345 2254 3391 uxorem

98 3461 224 3505 esse
264 3438 577 3522 simulat,
618 3452 687 3507 et
729 3442 1089 3530 princspem
1134 3441 1218 3507 ad
1270 3465 1338 3508 se
1390 3440 1577 3508 velut
1626 3439 1708 3505 ad
1759 3440 2104 3530 conjugem
2151 3462 2257 3507 ve-

98 3557 414 3637 nientem,
456 3580 493 3623 e
536 3570 738 3625 strato
783 3553 1143 3647 prosiliens,
1174 3582 1359 3635 ,anno
1404 3561 1656 3648 imperii
1697 3556 1952 3624 decimo
1995 3557 2255 3646 quinto,

98 3683 159 3736 et
195 3674 379 3739 vitae
422 3694 595 3739 xxxv
636 3670 986 3740 interfecit.
1034 3673 1193 3744 Nec
1237 3676 1442 3742 multo
1496 3688 1658 3763 post
1718 3679 1790 3740 in
1841 3666 2119 3739 Italiam
2172 3674 2257 3737 ir-

102 3809 398 3877 rumpens
465 3786 855 3874 Maximus,
923 3790 1389 3873 Placentiam,
1455 3791 1777 3879 Regium,
1846 3789 2254 3871 claternam,

102 3900 470 3990 Mutinam,
514 3905 921 3990 Bononiam,
967 3921 1034 3974 et
1077 3910 1252 3974 alias
1310 3907 1498 3974 urbes
1539 3910 1677 3974 dire
1720 3907 2005 3997 afflixit,
2048 3903 2256 3992 abdu-

103 4024 346 4108 ctisque
390 4026 469 4088 in
510 4026 965 4111 captivitatem
1009 4022 1305 4106 civibus,
1359 4025 1636 4112 diripuit
1686 4037 1755 4088 et
1806 4022 2134 4104 incendit,
2178 4031 2257 4086 ut

105 4150 330 4202 auctor
352 4150 459 4204 est
490 4136 830 4224 Pacatus,
861 4154 927 4208 et
957 4139 1181 4208 Divus
1211 4138 1614 4207 Ambrosius.
1660 4132 2070 4205 Theodosius
2114 4145 2260 4201 tan-
