2950 5017
601 428 735 499 556
876 489 885 498 ,
1350 443 1593 493 annu
1635 443 2059 492 ateramum

598 579 1024 653 summersit,
1054 591 1261 662 uxore
1289 568 1523 652 dueta,
1550 565 1910 637 Mediolani
1955 567 2417 658 principatum
2463 586 2518 633 a
2538 564 2819 633 Caesare

598 700 790 780 patre
832 687 1151 756 obtinuit.
1198 684 1488 755 Cosmus
1553 697 1786 753 antem
1855 683 2186 764 medices,
2237 685 2361 774 qni
2437 680 2824 772 ampliando

597 806 881 894 imperio
924 803 1266 884 studebat,
1293 825 1454 871 oum
1484 799 1730 872 Oarolo
1758 802 2069 892 Augusto
2107 803 2594 880 eonvenit‚·ut
2631 796 2818 867 Senes

598 921 958 1003 obsideret,
1004 931 1077 988 et
1119 931 1353 1012 captas
1395 921 1504 988 sui
1545 919 1711 1007 juris
1756 916 2074 1000 efficeret,
2101 939 2311 1009 quam
2345 928 2643 1008 postea,
2679 939 2815 984 eum

597 1038 877 1107 Petrum
923 1036 1302 1108 Stroceium
1370 1035 1459 1104 ad
1525 1036 1942 1104 liberandam
1988 1035 2225 1103 urbem
2272 1037 2578 1102 missum
2626 1032 2822 1124 proffi—

597 1167 842 1247 gasset,
901 1154 1050 1243 jure
1109 1152 1535 1223 beneficiario
1562 1154 1904 1224 obtinuit.
1952 1152 2211 1221 Contra
2249 1150 2522 1219 Gallus
2568 1151 2825 1219 Dovino

600 1284 673 1339 et
715 1270 1016 1340 Dinanto
1085 1270 1170 1338 ad
1224 1270 1481 1339 Mosam
1528 1268 1785 1338 flumen
1836 1272 2085 1359 captis,
2132 1270 2337 1335 etiam
2390 1264 2832 1334 Mariembw

599 1411 762 1479 gum
796 1400 871 1456 et
897 1387 1198 1455 Binsium
1238 1386 1731 1478 occupavit.·1n
1761 1385 2284 1454 Pedemontibus
2313 1405 2644 1475 quoque,
2672 1383 2828 1449 duee

599 1505 898 1588 Brinno,
924 1504 1334 1596 Eporediam
1378 1523 1562 1572 nuno
1604 1504 1955 1572 Inveream
2000 1514 2341 1583 vocatam,
2373 1514 2454 1568 et
2484 1507 2656 1568 cum
2686 1498 2830 1567 Val-

594 1620 949 1712 leangusta
1014 1624 1222 1687 etiam
1290 1619 1603 1688 casalem
1670 1617 2155 1696 montisferrati
2223 1620 2516 1686 invasit.
2570 1616 2726 1684 Sub
2767 1616 2826 1683 id

600 1748 868 1830 tempus
910 1738 949 1816 J
955 1735 1093 1807 ulio
1138 1735 1462 1806 Pontifiee
1504 1734 1852 1818 defuneto,
1896 1734 2252 1805 Marcellus
2298 1738 2678 1817 suecessit,
2720 1738 2826 1826 qui

595 1853 945 1946 superfluis
989 1853 1374 1945 sumptibus
1418 1856 1672 1936 recisis,
1731 1877 1891 1921 eum
1947 1875 2260 1944 magnam
2323 1854 2734 1921 sobrietatis
2772 1866 2832 1919 et

596 1971 1002 2063 frugalitatis
1045 1995 1232 2062 spem
1261 1971 1577 2052 dedisset,
1606 1974 1786 2039 intra
1817 1974 2055 2062 viginti
2098 1972 2237 2038 dies
2285 1968 2679 2039 defunctus
2720 1981 2826 2038 est.

596 2089 684 2156 Ei
728 2089 1017 2167 Joannes
1061 2089 1298 2156 Petrus
1342 2086 1671 2156 Caraffius
1717 2087 2208 2179 Neapolitanus
2253 2088 2657 2155 Theatinus
2707 2091 2830 2178 epi·

597 2228 859 2298 scopus,
891 2206 1145 2274 Paulus
1174 2206 1274 2275 lv
1319 2220 1625 2287 vocatus,
1670 2220 1769 2273 est
1812 2206 2135 2274 suffectus
2161 2208 2266 2274 (Ι).
2311 2206 2643 2273 Tandem
2693 2218 2830 2296 post

597 2326 851 2394 multas
884 2323 1179 2408 ¹illatas,
1233 2338 1675 2416 acceptasque
1730 2325 1952 2392 clades
1995 2326 2241 2392 Caesar
2295 2348 2459 2392 oum
2508 2323 2730 2394 Gallo
2770 2327 2831 2391 in

597 2443 1137 2535 quinquennium
1181 2441 1484 2509 inducias
1528 2445 1758 2523 inivit,
1806 2465 1982 2533 qnae
2026 2440 2365 2512 Pontifiois
2424 2451 2641 2532 opera
2703 2463 2829 2510 non

596 2561 714 2628 diu
762 2559 1147 2628 observatae
1187 2558 1399 2627 fuere.
1445 2559 1512 2626 Is
1556 2561 1741 2628 enim
1784 2558 2155 2627 Paleanum
2200 2558 2594 2628 columniis
2642 2558 2836 2629 velut

595 2677 1084 2747 rebellantibus
1131 2676 1530 2768 ademptum
1597 2680 1833 2770 nep'oti
1905 2699 1993 2745 ex
2059 2676 2266 2745 fratre
2312 2676 2726 2761 tradiderat,
2770 2689 2836 2745 et

596 2795 927 2864 Balneum
973 2798 1043 2863 in
1090 2795 1429 2863 Flaminia
1490 2819 1628 2864 non
1694 2794 1994 2886 ignobile
2038 2796 2402 2887 oppidum,
2453 2818 2833 2885 possessore

597 2912 907 3003 expulso,
952 2912 1069 2979 alii
1117 2914 1345 3004 nepoti
1390 2925 1834 2981 concesserat.
1884 2887 2234 2982 Uolumnii
2279 2912 2596 2981 Caesaris
2644 2937 2833 3004 prae-

598 3029 844 3097 sidium
890 3029 1354 3120 imploravere,
1398 3029 1649 3120 quibus
1695 3029 1862 3097 Dux
1894 3029 2112 3098 Albae
2155 3029 2397 3097 Italiae
2442 3028 2831 3120 praefectus

596 3169 799 3236 opem
845 3144 1019 3213 ferre
1085 3146 1348 3233 jussus,
1397 3145 1918 3236 quatuordecim
1987 3145 2286 3214 millium
2351 3146 2717 3235 peditum,
2765 3157 2830 3214 et

598 3261 789 3328 mille
831 3267 1351 3352 quingentorum
1399 3263 1712 3352 equitum
1771 3259 2054 3330 collecto
2109 3264 2447 3343 exercitu,
2495 3258 2827 3331 nonnulla

596 3378 955 3446 Ecclesiae
983 3379 1230 3469 oppida
1276 3382 1546 3447 invasit.
1594 3380 1750 3463 Quo
1803 3391 2104 3469 tempore
2162 3378 2612 3448 Sebastianus
2673 3380 2827 3450 Cor-

603 3494 805 3563 radus
849 3493 1134 3564 Reoetto
1177 3495 1540 3577 oriundus,
1593 3509 1664 3563 et
1723 3509 2109 3587 praeceptor
2154 3519 2384 3577 meus,
2439 3500 2569 3587 qui
2614 3501 2826 3588 primo

595 3611 823 3704 Regii,
851 3611 1093 3680 deinde
1129 3612 1470 3684 Bononiae
1517 3637 1761 3704 magna
1805 3637 1963 3681 eum
2009 3613 2210 3681 laude
2254 3614 2540 3705 publice
2582 3615 2824 3684 docue-

596 3741 729 3811 rat,
772 3734 1146 3820 stranguria
1214 3753 1565 3821 oppressus
1631 3730 1913 3800 decessit
1930 3782 1951 3813 ,
2013 3744 2090 3798 et
2152 3734 2225 3799 in
2268 3730 2441 3802 Divi
2488 3731 2823 3803 Domini&

436 3883 455 3889 -
600 3846 759 3916 aede
803 3847 995 3939 Regii
1040 3848 1364 3917 humatus
1411 3846 1571 3917 fuit.

675 4204 759 4274 (ι)
791 4222 983 4286 xpm.
