<?xml version="1.0" encoding="UTF-8"?>
<!DOCTYPE html PUBLIC "-//W3C//DTD XHTML 1.0 Transitional//EN"
    "http://www.w3.org/TR/xhtml1/DTD/xhtml1-transitional.dtd">
<html xmlns="http://www.w3.org/1999/xhtml" xml:lang="en" lang="en">
 <head>
  <title>
</title>
<meta http-equiv="Content-Type" content="text/html;charset=utf-8" />
  <meta name='ocr-system' content='tesseract 3.04.00' />
  <meta name='ocr-capabilities' content='ocr_page ocr_carea ocr_par ocr_line ocrx_word'/>
</head>
<body>
  <div class='ocr_page' id='page_1' title='image "./rerumhistoricar00unkngoog_0088.png"; bbox 0 0 2950 5017; ppageno 0'>
   <div class='ocr_carea' id='block_1_1' title="bbox 758 408 2189 486">
    <p class='ocr_par' dir='ltr' id='par_1_1' title="bbox 758 408 2189 486">
     <span class='ocr_line' id='line_1_1' title="bbox 758 408 2189 486; baseline -0.005 -14"><span class='ocrx_word' id='word_1_1' title='bbox 758 408 846 486; x_wconf 69' lang='lat'><strong>8²</strong></span> <span class='ocrx_word' id='word_1_2' title='bbox 1497 422 1732 467; x_wconf 73' lang='lat' dir='ltr'><strong>aarum</strong></span> <span class='ocrx_word' id='word_1_3' title='bbox 1777 420 2189 467; x_wconf 73' lang='lat' dir='ltr'><strong>ancrmmnr</strong></span> 
     </span>
    </p>
   </div>
   <div class='ocr_carea' id='block_1_2' title="bbox 749 535 2886 2482">
    <p class='ocr_par' dir='ltr' id='par_1_2' title="bbox 749 535 2886 2482">
     <span class='ocr_line' id='line_1_2' title="bbox 754 535 2879 629; baseline -0 -18"><span class='ocrx_word' id='word_1_4' title='bbox 754 546 1023 626; x_wconf 81' lang='lat' dir='ltr'><strong>invitat,</strong></span> <span class='ocrx_word' id='word_1_5' title='bbox 1080 552 1151 610; x_wconf 87' lang='lat' dir='ltr'><strong>et</strong></span> <span class='ocrx_word' id='word_1_6' title='bbox 1216 543 1399 610; x_wconf 91' lang='lat' dir='ltr'><strong>omni</strong></span> <span class='ocrx_word' id='word_1_7' title='bbox 1462 562 1536 607; x_wconf 80' lang='lat' dir='ltr'><strong>ae</strong></span> <span class='ocrx_word' id='word_1_8' title='bbox 1601 539 2020 607; x_wconf 74' lang='lat' dir='ltr'><strong>humanitate</strong></span> <span class='ocrx_word' id='word_1_9' title='bbox 2064 560 2348 606; x_wconf 74' lang='lat' dir='ltr'><strong>usurum</strong></span> <span class='ocrx_word' id='word_1_10' title='bbox 2401 536 2780 629; x_wconf 83' lang='lat' dir='ltr'><strong>pollicetur.</strong></span> <span class='ocrx_word' id='word_1_11' title='bbox 2811 535 2879 610; x_wconf 70' lang='lat' dir='ltr'>ffl</span> 
     </span>
     <span class='ocr_line' id='line_1_3' title="bbox 753 655 2881 745; baseline -0.004 -16"><span class='ocrx_word' id='word_1_12' title='bbox 753 657 1320 730; x_wconf 65' lang='lat' dir='ltr'>adhortationibus</span> <span class='ocrx_word' id='word_1_13' title='bbox 1365 667 1621 724; x_wconf 82' lang='lat' dir='ltr'><strong>metum</strong></span> <span class='ocrx_word' id='word_1_14' title='bbox 1664 656 1988 725; x_wconf 70' lang='lat' dir='ltr'><strong>solventes</strong></span> <span class='ocrx_word' id='word_1_15' title='bbox 2016 655 2375 745; x_wconf 66' lang='lat' dir='ltr'><strong>Regienaea</strong></span> <span class='ocrx_word' id='word_1_16' title='bbox 2408 658 2744 723; x_wconf 72' lang='lat' dir='ltr'><strong>instructa</strong></span> <span class='ocrx_word' id='word_1_17' title='bbox 2781 657 2881 732; x_wconf 56' lang='lat' dir='ltr'><strong>aeid</strong></span> 
     </span>
     <span class='ocr_line' id='line_1_4' title="bbox 750 769 2881 866; baseline -0.003 -23"><span class='ocrx_word' id='word_1_18' title='bbox 750 775 1218 866; x_wconf 79' lang='lat' dir='ltr'><strong>explicatoque</strong></span> <span class='ocrx_word' id='word_1_19' title='bbox 1262 771 1417 842; x_wconf 90' lang='lat' dir='ltr'><strong>albo</strong></span> <span class='ocrx_word' id='word_1_20' title='bbox 1448 770 1724 851; x_wconf 78' lang='lat' dir='ltr'><strong>vexillo,</strong></span> <span class='ocrx_word' id='word_1_21' title='bbox 1767 775 1878 839; x_wconf 90' lang='lat' dir='ltr'><strong>cui</strong></span> <span class='ocrx_word' id='word_1_22' title='bbox 1920 774 2185 839; x_wconf 83' lang='lat' dir='ltr'><strong>intexta</strong></span> <span class='ocrx_word' id='word_1_23' title='bbox 2228 783 2385 838; x_wconf 85' lang='lat' dir='ltr'><strong>erat</strong></span> <span class='ocrx_word' id='word_1_24' title='bbox 2432 771 2691 838; x_wconf 76' lang='lat' dir='ltr'><strong>rubens</strong></span> <span class='ocrx_word' id='word_1_25' title='bbox 2732 769 2881 859; x_wconf 65' lang='lat' dir='ltr'><strong>aquil</strong></span> 
     </span>
     <span class='ocr_line' id='line_1_5' title="bbox 750 886 2881 967; baseline -0.004 -7"><span class='ocrx_word' id='word_1_26' title='bbox 750 890 909 960; x_wconf 82' lang='lat' dir='ltr'><strong>olim</strong></span> <span class='ocrx_word' id='word_1_27' title='bbox 953 915 995 958; x_wconf 85' lang='lat' dir='ltr'><strong>a</strong></span> <span class='ocrx_word' id='word_1_28' title='bbox 1037 889 1314 960; x_wconf 72' lang='lat' dir='ltr'><strong>Gaeaare</strong></span> <span class='ocrx_word' id='word_1_29' title='bbox 1366 889 1627 957; x_wconf 71' lang='lat' dir='ltr'><strong>civibua</strong></span> <span class='ocrx_word' id='word_1_30' title='bbox 1668 888 1948 967; x_wconf 88' lang='lat' dir='ltr'><strong>donata,</strong></span> <span class='ocrx_word' id='word_1_31' title='bbox 2004 899 2440 954; x_wconf 82' lang='lat' dir='ltr'><strong>revertuntur</strong></span> <span class='ocrx_word' id='word_1_32' title='bbox 2458 935 2477 953; x_wconf 89' lang='lat'><strong>.</strong></span> <span class='ocrx_word' id='word_1_33' title='bbox 2537 886 2786 954; x_wconf 80' lang='lat' dir='ltr'><strong>Brenno</strong></span> <span class='ocrx_word' id='word_1_34' title='bbox 2826 891 2881 952; x_wconf 70' lang='lat' dir='ltr'><strong>vd</strong></span> 
     </span>
     <span class='ocr_line' id='line_1_6' title="bbox 750 1001 2883 1094; baseline -0.001 -19"><span class='ocrx_word' id='word_1_35' title='bbox 750 1010 1008 1075; x_wconf 69' lang='lat' dir='ltr'><strong>aientes</strong></span> <span class='ocrx_word' id='word_1_36' title='bbox 1051 1004 1138 1071; x_wconf 89' lang='lat' dir='ltr'><strong>ad</strong></span> <span class='ocrx_word' id='word_1_37' title='bbox 1183 1014 1444 1094; x_wconf 86' lang='lat' dir='ltr'><strong>portam</strong></span> <span class='ocrx_word' id='word_1_38' title='bbox 1473 1002 1780 1071; x_wconf 78' lang='lat' dir='ltr'>Clodiam</span> <span class='ocrx_word' id='word_1_39' title='bbox 1811 1001 2190 1069; x_wconf 80' lang='lat' dir='ltr'><strong>humaniter</strong></span> <span class='ocrx_word' id='word_1_40' title='bbox 2233 1001 2611 1091; x_wconf 77' lang='lat' dir='ltr'><strong>amplexus</strong></span> <span class='ocrx_word' id='word_1_41' title='bbox 2657 1004 2726 1068; x_wconf 88' lang='lat' dir='ltr'><strong>in</strong></span> <span class='ocrx_word' id='word_1_42' title='bbox 2764 1022 2883 1072; x_wconf 64' lang='lat' dir='ltr'><strong>autu</strong></span> 
     </span>
     <span class='ocr_line' id='line_1_7' title="bbox 751 1115 2883 1213; baseline -0.003 -25"><span class='ocrx_word' id='word_1_43' title='bbox 751 1142 1084 1213; x_wconf 83' lang='lat' dir='ltr'><strong>quemque</strong></span> <span class='ocrx_word' id='word_1_44' title='bbox 1126 1117 1611 1188; x_wconf 74' lang='lat' dir='ltr'><strong>habitationem</strong></span> <span class='ocrx_word' id='word_1_45' title='bbox 1654 1119 1984 1185; x_wconf 76' lang='lat' dir='ltr'><strong>reatituitz</strong></span> <span class='ocrx_word' id='word_1_46' title='bbox 2025 1116 2109 1183; x_wconf 84' lang='lat' dir='ltr'><strong>ad</strong></span> <span class='ocrx_word' id='word_1_47' title='bbox 2149 1115 2773 1205; x_wconf 71' lang='lat' dir='ltr'><strong>confirmandosque</strong></span> <span class='ocrx_word' id='word_1_48' title='bbox 2808 1125 2883 1182; x_wconf 54' lang='lat' dir='ltr'><strong>tu«</strong></span> 
     </span>
     <span class='ocr_line' id='line_1_8' title="bbox 752 1236 2883 1323; baseline -0.004 -18"><span class='ocrx_word' id='word_1_49' title='bbox 752 1242 1031 1306; x_wconf 77' lang='lat' dir='ltr'><strong>ritorum</strong></span> <span class='ocrx_word' id='word_1_50' title='bbox 1077 1238 1359 1315; x_wconf 71' lang='lat' dir='ltr'><strong>animoa,</strong></span> <span class='ocrx_word' id='word_1_51' title='bbox 1403 1237 1773 1302; x_wconf 73' lang='lat' dir='ltr'><strong>instaurato</strong></span> <span class='ocrx_word' id='word_1_52' title='bbox 1816 1236 2210 1323; x_wconf 71' lang='lat' dir='ltr'><strong>semiruptae</strong></span> <span class='ocrx_word' id='word_1_53' title='bbox 2254 1245 2503 1323; x_wconf 84' lang='lat' dir='ltr'><strong>portae</strong></span> <span class='ocrx_word' id='word_1_54' title='bbox 2550 1256 2760 1311; x_wconf 89' lang='lat' dir='ltr'><strong>muro,</strong></span> <span class='ocrx_word' id='word_1_55' title='bbox 2795 1252 2883 1296; x_wconf 77' lang='lat' dir='ltr'><strong>eam</strong></span> 
     </span>
     <span class='ocr_line' id='line_1_9' title="bbox 751 1348 2885 1445; baseline -0.004 -24"><span class='ocrx_word' id='word_1_56' title='bbox 751 1377 930 1445; x_wconf 84' lang='lat' dir='ltr'><strong>quae</strong></span> <span class='ocrx_word' id='word_1_57' title='bbox 974 1363 1135 1420; x_wconf 88' lang='lat' dir='ltr'><strong>tunc</strong></span> <span class='ocrx_word' id='word_1_58' title='bbox 1179 1350 1421 1421; x_wconf 86' lang='lat' dir='ltr'><strong>Clodia</strong></span> <span class='ocrx_word' id='word_1_59' title='bbox 1467 1350 1555 1417; x_wconf 88' lang='lat' dir='ltr'><strong>ab</strong></span> <span class='ocrx_word' id='word_1_60' title='bbox 1601 1350 1852 1441; x_wconf 84' lang='lat' dir='ltr'><strong>aliquo,</strong></span> <span class='ocrx_word' id='word_1_61' title='bbox 1900 1362 1981 1417; x_wconf 87' lang='lat' dir='ltr'><strong>ut</strong></span> <span class='ocrx_word' id='word_1_62' title='bbox 2025 1351 2345 1431; x_wconf 86' lang='lat' dir='ltr'><strong>arbitror,</strong></span> <span class='ocrx_word' id='word_1_63' title='bbox 2378 1349 2632 1418; x_wconf 85' lang='lat' dir='ltr'><strong>Clodio</strong></span> <span class='ocrx_word' id='word_1_64' title='bbox 2657 1348 2885 1416; x_wconf 77' lang='lat' dir='ltr'><strong>Romam</strong></span> 
     </span>
     <span class='ocr_line' id='line_1_10' title="bbox 749 1462 2885 1555; baseline -0.006 -17"><span class='ocrx_word' id='word_1_65' title='bbox 749 1468 1147 1548; x_wconf 80' lang='lat' dir='ltr'><strong>vocabatur,</strong></span> <span class='ocrx_word' id='word_1_66' title='bbox 1192 1489 1234 1533; x_wconf 87' lang='lat' dir='ltr'><strong>a</strong></span> <span class='ocrx_word' id='word_1_67' title='bbox 1275 1488 1374 1547; x_wconf 81' lang='lat' dir='ltr'><strong>ae,</strong></span> <span class='ocrx_word' id='word_1_68' title='bbox 1416 1465 1599 1555; x_wconf 87' lang='lat' dir='ltr'><strong>quod</strong></span> <span class='ocrx_word' id='word_1_69' title='bbox 1642 1489 1889 1534; x_wconf 88' lang='lat' dir='ltr'><strong>nomen</strong></span> <span class='ocrx_word' id='word_1_70' title='bbox 1933 1465 2132 1534; x_wconf 88' lang='lat' dir='ltr'><strong>hodie</strong></span> <span class='ocrx_word' id='word_1_71' title='bbox 2157 1488 2440 1555; x_wconf 85' lang='lat' dir='ltr'><strong>quoque</strong></span> <span class='ocrx_word' id='word_1_72' title='bbox 2473 1475 2723 1544; x_wconf 83' lang='lat' dir='ltr'><strong>manet,</strong></span> <span class='ocrx_word' id='word_1_73' title='bbox 2739 1462 2885 1528; x_wconf 82' lang='lat' dir='ltr'><strong>Bren-</strong></span> 
     </span>
     <span class='ocr_line' id='line_1_11' title="bbox 751 1578 2885 1672; baseline -0.004 -22"><span class='ocrx_word' id='word_1_74' title='bbox 751 1586 943 1651; x_wconf 73' lang='lat' dir='ltr'><strong>nonio</strong></span> <span class='ocrx_word' id='word_1_75' title='bbox 1011 1592 1272 1671; x_wconf 89' lang='lat' dir='ltr'><strong>portam</strong></span> <span class='ocrx_word' id='word_1_76' title='bbox 1341 1581 1742 1672; x_wconf 76' lang='lat' dir='ltr'><strong>appellavit3</strong></span> <span class='ocrx_word' id='word_1_77' title='bbox 1798 1604 2170 1672; x_wconf 67' lang='lat' dir='ltr'><strong>saxumque</strong></span> <span class='ocrx_word' id='word_1_78' title='bbox 2213 1582 2442 1648; x_wconf 70' lang='lat' dir='ltr'><strong>incisis</strong></span> <span class='ocrx_word' id='word_1_79' title='bbox 2511 1578 2742 1646; x_wconf 72' lang='lat' dir='ltr'><strong>litteris</strong></span> <span class='ocrx_word' id='word_1_80' title='bbox 2794 1599 2885 1642; x_wconf 83' lang='lat' dir='ltr'><strong>rem</strong></span> 
     </span>
     <span class='ocr_line' id='line_1_12' title="bbox 749 1692 2883 1788; baseline -0.005 -23"><span class='ocrx_word' id='word_1_81' title='bbox 749 1709 1003 1788; x_wconf 75' lang='lat' dir='ltr'><strong>geatam</strong></span> <span class='ocrx_word' id='word_1_82' title='bbox 1046 1696 1496 1763; x_wconf 72' lang='lat' dir='ltr'><strong>indicantibus</strong></span> <span class='ocrx_word' id='word_1_83' title='bbox 1541 1718 1699 1763; x_wconf 87' lang='lat' dir='ltr'><strong>cum</strong></span> <span class='ocrx_word' id='word_1_84' title='bbox 1740 1719 1862 1764; x_wconf 78' lang='lat' dir='ltr'><strong>aua</strong></span> <span class='ocrx_word' id='word_1_85' title='bbox 1904 1693 2119 1785; x_wconf 81' lang='lat' dir='ltr'><strong>effigie</strong></span> <span class='ocrx_word' id='word_1_86' title='bbox 2185 1695 2272 1762; x_wconf 85' lang='lat' dir='ltr'><strong>ad</strong></span> <span class='ocrx_word' id='word_1_87' title='bbox 2337 1692 2515 1762; x_wconf 85' lang='lat' dir='ltr'><strong>facti</strong></span> <span class='ocrx_word' id='word_1_88' title='bbox 2571 1695 2883 1761; x_wconf 79' lang='lat' dir='ltr'><strong>memoriam</strong></span> 
     </span>
     <span class='ocr_line' id='line_1_13' title="bbox 750 1807 2886 1902; baseline -0.006 -22"><span class='ocrx_word' id='word_1_89' title='bbox 750 1812 1262 1880; x_wconf 73' lang='lat' dir='ltr'><strong>conservandam</strong></span> <span class='ocrx_word' id='word_1_90' title='bbox 1308 1835 1431 1902; x_wconf 88' lang='lat' dir='ltr'><strong>pro</strong></span> <span class='ocrx_word' id='word_1_91' title='bbox 1470 1811 1825 1881; x_wconf 79' lang='lat' dir='ltr'><strong>moenibus</strong></span> <span class='ocrx_word' id='word_1_92' title='bbox 1858 1814 2106 1899; x_wconf 73' lang='lat' dir='ltr'><strong>posuit.</strong></span> <span class='ocrx_word' id='word_1_93' title='bbox 2138 1809 2321 1877; x_wconf 86' lang='lat' dir='ltr'><strong>Urbe</strong></span> <span class='ocrx_word' id='word_1_94' title='bbox 2355 1824 2598 1900; x_wconf 75' lang='lat' dir='ltr'><strong>postea</strong></span> <span class='ocrx_word' id='word_1_95' title='bbox 2625 1807 2886 1874; x_wconf 78' lang='lat' dir='ltr'><strong>libertatis</strong></span> 
     </span>
     <span class='ocr_line' id='line_1_14' title="bbox 750 1922 2881 2019; baseline -0.005 -23"><span class='ocrx_word' id='word_1_96' title='bbox 750 1940 1051 2019; x_wconf 87' lang='lat' dir='ltr'><strong>tempore</strong></span> <span class='ocrx_word' id='word_1_97' title='bbox 1094 1927 1529 2018; x_wconf 88' lang='lat' dir='ltr'><strong>amplificata,</strong></span> <span class='ocrx_word' id='word_1_98' title='bbox 1576 1939 1763 2018; x_wconf 90' lang='lat' dir='ltr'><strong>porta</strong></span> <span class='ocrx_word' id='word_1_99' title='bbox 1806 1931 1876 1995; x_wconf 86' lang='lat' dir='ltr'><strong>in</strong></span> <span class='ocrx_word' id='word_1_100' title='bbox 1918 1927 2298 1995; x_wconf 74' lang='lat' dir='ltr'><strong>ulteriorem</strong></span> <span class='ocrx_word' id='word_1_101' title='bbox 2327 1927 2568 1996; x_wconf 88' lang='lat' dir='ltr'><strong>locum</strong></span> <span class='ocrx_word' id='word_1_102' title='bbox 2603 1922 2881 1996; x_wconf 70' lang='lat' dir='ltr'><strong>translata,</strong></span> 
     </span>
     <span class='ocr_line' id='line_1_15' title="bbox 754 2041 2883 2135; baseline -0.005 -23"><span class='ocrx_word' id='word_1_103' title='bbox 754 2067 836 2112; x_wconf 87' lang='lat' dir='ltr'><strong>ac</strong></span> <span class='ocrx_word' id='word_1_104' title='bbox 878 2045 1158 2112; x_wconf 86' lang='lat' dir='ltr'><strong>demum</strong></span> <span class='ocrx_word' id='word_1_105' title='bbox 1199 2047 1437 2112; x_wconf 74' lang='lat' dir='ltr'><strong>nostris</strong></span> <span class='ocrx_word' id='word_1_106' title='bbox 1485 2044 1887 2135; x_wconf 75' lang='lat' dir='ltr'><strong>temporibus</strong></span> <span class='ocrx_word' id='word_1_107' title='bbox 1932 2044 2272 2113; x_wconf 74' lang='lat' dir='ltr'><strong>obstructa</strong></span> <span class='ocrx_word' id='word_1_108' title='bbox 2313 2041 2481 2112; x_wconf 84' lang='lat' dir='ltr'><strong>fuit.</strong></span> <span class='ocrx_word' id='word_1_109' title='bbox 2531 2042 2778 2110; x_wconf 68' lang='lat' dir='ltr'><strong>Litteris</strong></span> <span class='ocrx_word' id='word_1_110' title='bbox 2809 2058 2883 2101; x_wconf 77' lang='lat' dir='ltr'><strong>ve-</strong></span> 
     </span>
     <span class='ocr_line' id='line_1_16' title="bbox 753 2153 2880 2250; baseline -0.004 -23"><span class='ocrx_word' id='word_1_111' title='bbox 753 2171 1002 2227; x_wconf 74' lang='lat' dir='ltr'><strong>tustate</strong></span> <span class='ocrx_word' id='word_1_112' title='bbox 1043 2162 1313 2229; x_wconf 71' lang='lat' dir='ltr'><strong>corrosis</strong></span> <span class='ocrx_word' id='word_1_113' title='bbox 1354 2163 1426 2228; x_wconf 91' lang='lat' dir='ltr'><strong>in</strong></span> <span class='ocrx_word' id='word_1_114' title='bbox 1470 2184 1666 2241; x_wconf 76' lang='lat' dir='ltr'><strong>saxo,</strong></span> <span class='ocrx_word' id='word_1_115' title='bbox 1708 2159 1887 2250; x_wconf 84' lang='lat' dir='ltr'><strong>qnod</strong></span> <span class='ocrx_word' id='word_1_116' title='bbox 1929 2180 2048 2249; x_wconf 85' lang='lat' dir='ltr'><strong>ego</strong></span> <span class='ocrx_word' id='word_1_117' title='bbox 2091 2160 2477 2249; x_wconf 74' lang='lat' dir='ltr'><strong>depositum</strong></span> <span class='ocrx_word' id='word_1_118' title='bbox 2523 2158 2733 2226; x_wconf 83' lang='lat' dir='ltr'><strong>inveni</strong></span> <span class='ocrx_word' id='word_1_119' title='bbox 2751 2203 2767 2233; x_wconf 92' lang='lat'><strong>,</strong></span> <span class='ocrx_word' id='word_1_120' title='bbox 2800 2153 2880 2216; x_wconf 74' lang='lat' dir='ltr'><strong>vix</strong></span> 
     </span>
     <span class='ocr_line' id='line_1_17' title="bbox 754 2274 2875 2366; baseline -0.001 -25"><span class='ocrx_word' id='word_1_121' title='bbox 754 2275 1115 2345; x_wconf 77' lang='lat' dir='ltr'><strong>Brennonio</strong></span> <span class='ocrx_word' id='word_1_122' title='bbox 1164 2299 1405 2345; x_wconf 87' lang='lat' dir='ltr'><strong>nomen</strong></span> <span class='ocrx_word' id='word_1_123' title='bbox 1447 2275 1579 2366; x_wconf 86' lang='lat' dir='ltr'><strong>legi</strong></span> <span class='ocrx_word' id='word_1_124' title='bbox 1623 2287 1907 2366; x_wconf 85' lang='lat' dir='ltr'><strong>poterat.</strong></span> <span class='ocrx_word' id='word_1_125' title='bbox 1950 2277 2014 2343; x_wconf 77' lang='lat' dir='ltr'><strong>Ia</strong></span> <span class='ocrx_word' id='word_1_126' title='bbox 2043 2274 2213 2344; x_wconf 84' lang='lat' dir='ltr'><strong>forte</strong></span> <span class='ocrx_word' id='word_1_127' title='bbox 2240 2287 2341 2343; x_wconf 76' lang='lat' dir='ltr'><strong>eat</strong></span> <span class='ocrx_word' id='word_1_128' title='bbox 2371 2276 2703 2352; x_wconf 69' lang='lat' dir='ltr'><strong>Brennus,</strong></span> <span class='ocrx_word' id='word_1_129' title='bbox 2727 2286 2875 2358; x_wconf 73' lang='lat' dir='ltr'><strong>quem</strong></span> 
     </span>
     <span class='ocr_line' id='line_1_18' title="bbox 753 2380 2880 2482; baseline -0.004 -24"><span class='ocrx_word' id='word_1_130' title='bbox 753 2392 975 2460; x_wconf 74' lang='lat' dir='ltr'><strong>Divus</strong></span> <span class='ocrx_word' id='word_1_131' title='bbox 1015 2392 1445 2460; x_wconf 81' lang='lat' dir='ltr'><strong>Hieronimua</strong></span> <span class='ocrx_word' id='word_1_132' title='bbox 1487 2394 1556 2459; x_wconf 92' lang='lat' dir='ltr'><strong>in</strong></span> <span class='ocrx_word' id='word_1_133' title='bbox 1595 2392 1873 2482; x_wconf 74' lang='lat' dir='ltr'><strong>epistola</strong></span> <span class='ocrx_word' id='word_1_134' title='bbox 1918 2391 2002 2459; x_wconf 89' lang='lat' dir='ltr'><strong>ad</strong></span> <span class='ocrx_word' id='word_1_135' title='bbox 2044 2391 2574 2471; x_wconf 83' lang='lat' dir='ltr'><strong>Demetriadem,</strong></span> <span class='ocrx_word' id='word_1_136' title='bbox 2615 2388 2693 2454; x_wconf 88' lang='lat' dir='ltr'><strong>de</strong></span> <span class='ocrx_word' id='word_1_137' title='bbox 2727 2380 2880 2452; x_wconf 81' lang='lat' dir='ltr'><strong>conti·</strong></span> 
     </span>
    </p>
   </div>
   <div class='ocr_carea' id='block_1_3' title="bbox 614 2500 2873 2598">
    <p class='ocr_par' dir='ltr' id='par_1_3' title="bbox 614 2500 2873 2598">
     <span class='ocr_line' id='line_1_19' title="bbox 614 2500 2873 2598; baseline -0.001 -24"><span class='ocrx_word' id='word_1_138' title='bbox 614 2543 619 2552; x_wconf 89' lang='lat'><strong>·</strong></span> <span class='ocrx_word' id='word_1_139' title='bbox 753 2510 986 2573; x_wconf 87' lang='lat' dir='ltr'><strong>nentia</strong></span> <span class='ocrx_word' id='word_1_140' title='bbox 1031 2506 1339 2597; x_wconf 80' lang='lat' dir='ltr'><strong>virginali</strong></span> <span class='ocrx_word' id='word_1_141' title='bbox 1383 2507 1730 2588; x_wconf 75' lang='lat' dir='ltr'><strong>servanda,</strong></span> <span class='ocrx_word' id='word_1_142' title='bbox 1758 2507 2094 2575; x_wconf 88' lang='lat' dir='ltr'><strong>Brennum</strong></span> <span class='ocrx_word' id='word_1_143' title='bbox 2122 2509 2226 2573; x_wconf 77' lang='lat' dir='ltr'><strong>aui</strong></span> <span class='ocrx_word' id='word_1_144' title='bbox 2259 2508 2581 2598; x_wconf 75' lang='lat' dir='ltr'><strong>temporie</strong></span> <span class='ocrx_word' id='word_1_145' title='bbox 2621 2500 2873 2572; x_wconf 70' lang='lat' dir='ltr'><strong>nomimt·</strong></span> 
     </span>
    </p>
   </div>
   <div class='ocr_carea' id='block_1_4' title="bbox 757 2619 2890 4215">
    <p class='ocr_par' dir='ltr' id='par_1_4' title="bbox 757 2619 2890 4215">
     <span class='ocr_line' id='line_1_20' title="bbox 757 2619 2876 2706; baseline 0 -20"><span class='ocrx_word' id='word_1_146' title='bbox 757 2620 897 2687; x_wconf 90' lang='lat' dir='ltr'><strong>Alii</strong></span> <span class='ocrx_word' id='word_1_147' title='bbox 939 2645 1072 2689; x_wconf 87' lang='lat' dir='ltr'><strong>non</strong></span> <span class='ocrx_word' id='word_1_148' title='bbox 1118 2646 1157 2688; x_wconf 90' lang='lat' dir='ltr'><strong>a</strong></span> <span class='ocrx_word' id='word_1_149' title='bbox 1200 2621 1577 2704; x_wconf 86' lang='lat' dir='ltr'><strong>Brennone,</strong></span> <span class='ocrx_word' id='word_1_150' title='bbox 1619 2621 1733 2689; x_wconf 76' lang='lat' dir='ltr'><strong>sed</strong></span> <span class='ocrx_word' id='word_1_151' title='bbox 1784 2646 1826 2689; x_wconf 85' lang='lat' dir='ltr'><strong>a</strong></span> <span class='ocrx_word' id='word_1_152' title='bbox 1867 2621 2409 2690; x_wconf 72' lang='lat' dir='ltr'><strong>cambiatoribus</strong></span> <span class='ocrx_word' id='word_1_153' title='bbox 2461 2643 2614 2689; x_wconf 87' lang='lat' dir='ltr'><strong>eam</strong></span> <span class='ocrx_word' id='word_1_154' title='bbox 2674 2619 2876 2706; x_wconf 64' lang='lat' dir='ltr'><strong>portam</strong></span> 
     </span>
     <span class='ocr_line' id='line_1_21' title="bbox 759 2729 2873 2829; baseline -0.001 -27"><span class='ocrx_word' id='word_1_155' title='bbox 759 2738 1165 2818; x_wconf 77' lang='lat' dir='ltr'><strong>restitutam,</strong></span> <span class='ocrx_word' id='word_1_156' title='bbox 1195 2749 1266 2805; x_wconf 89' lang='lat' dir='ltr'><strong>et</strong></span> <span class='ocrx_word' id='word_1_157' title='bbox 1294 2761 1336 2804; x_wconf 87' lang='lat' dir='ltr'><strong>a</strong></span> <span class='ocrx_word' id='word_1_158' title='bbox 1364 2739 1615 2805; x_wconf 87' lang='lat' dir='ltr'><strong>recenti</strong></span> <span class='ocrx_word' id='word_1_159' title='bbox 1654 2740 1818 2827; x_wconf 79' lang='lat' dir='ltr'><strong>regis</strong></span> <span class='ocrx_word' id='word_1_160' title='bbox 1860 2737 2270 2829; x_wconf 78' lang='lat' dir='ltr'><strong>benignitate</strong></span> <span class='ocrx_word' id='word_1_161' title='bbox 2295 2736 2664 2805; x_wconf 75' lang='lat' dir='ltr'><strong>Brennonia</strong></span> <span class='ocrx_word' id='word_1_162' title='bbox 2685 2729 2873 2795; x_wconf 64' lang='lat' dir='ltr'><strong>dictam</strong></span> 
     </span>
     <span class='ocr_line' id='line_1_22' title="bbox 757 2842 2890 2931; baseline -0.001 -15"><span class='ocrx_word' id='word_1_163' title='bbox 757 2848 960 2919; x_wconf 79' lang='lat' dir='ltr'><strong>fuisse</strong></span> <span class='ocrx_word' id='word_1_164' title='bbox 1004 2864 1394 2921; x_wconf 86' lang='lat' dir='ltr'><strong>autumant.</strong></span> <span class='ocrx_word' id='word_1_165' title='bbox 1439 2853 1619 2922; x_wconf 85' lang='lat' dir='ltr'><strong>Cum</strong></span> <span class='ocrx_word' id='word_1_166' title='bbox 1674 2856 1852 2921; x_wconf 89' lang='lat' dir='ltr'><strong>enim</strong></span> <span class='ocrx_word' id='word_1_167' title='bbox 1903 2864 1986 2919; x_wconf 91' lang='lat' dir='ltr'><strong>ut</strong></span> <span class='ocrx_word' id='word_1_168' title='bbox 2037 2851 2206 2920; x_wconf 87' lang='lat' dir='ltr'><strong>aliae</strong></span> <span class='ocrx_word' id='word_1_169' title='bbox 2261 2851 2531 2920; x_wconf 84' lang='lat' dir='ltr'><strong>Galliae</strong></span> <span class='ocrx_word' id='word_1_170' title='bbox 2574 2842 2890 2931; x_wconf 17' lang='lat' dir='ltr'><strong>cisapinae*</strong></span> 
     </span>
     <span class='ocr_line' id='line_1_23' title="bbox 758 2951 2874 3058; baseline 0.002 -25"><span class='ocrx_word' id='word_1_171' title='bbox 758 2967 997 3047; x_wconf 73' lang='lat' dir='ltr'><strong>urbes,</strong></span> <span class='ocrx_word' id='word_1_172' title='bbox 1042 2968 1323 3058; x_wconf 83' lang='lat' dir='ltr'><strong>Regium</strong></span> <span class='ocrx_word' id='word_1_173' title='bbox 1370 2969 1719 3037; x_wconf 77' lang='lat' dir='ltr'><strong>moenibus</strong></span> <span class='ocrx_word' id='word_1_174' title='bbox 1771 2981 2058 3048; x_wconf 81' lang='lat' dir='ltr'><strong>careret,</strong></span> <span class='ocrx_word' id='word_1_175' title='bbox 2124 2979 2195 3035; x_wconf 90' lang='lat' dir='ltr'><strong>et</strong></span> <span class='ocrx_word' id='word_1_176' title='bbox 2256 2968 2715 3036; x_wconf 75' lang='lat' dir='ltr'><strong>semidirutam</strong></span> <span class='ocrx_word' id='word_1_177' title='bbox 2769 2951 2874 3044; x_wconf 59' lang='lat' dir='ltr'><strong>Pflgi</strong></span> 
     </span>
     <span class='ocr_line' id='line_1_24' title="bbox 760 3076 2872 3165; baseline -0.006 -17"><span class='ocrx_word' id='word_1_178' title='bbox 760 3080 1047 3152; x_wconf 85' lang='lat' dir='ltr'><strong>formam</strong></span> <span class='ocrx_word' id='word_1_179' title='bbox 1087 3083 1392 3165; x_wconf 85' lang='lat' dir='ltr'><strong>haberet,</strong></span> <span class='ocrx_word' id='word_1_180' title='bbox 1432 3085 1807 3151; x_wconf 73' lang='lat' dir='ltr'><strong>discedente</strong></span> <span class='ocrx_word' id='word_1_181' title='bbox 1850 3084 2283 3153; x_wconf 86' lang='lat' dir='ltr'><strong>barbarorum</strong></span> <span class='ocrx_word' id='word_1_182' title='bbox 2324 3085 2626 3165; x_wconf 82' lang='lat' dir='ltr'><strong>exercitu</strong></span> <span class='ocrx_word' id='word_1_183' title='bbox 2663 3076 2737 3141; x_wconf 89' lang='lat' dir='ltr'><strong>de</strong></span> <span class='ocrx_word' id='word_1_184' title='bbox 2770 3087 2872 3135; x_wconf 84' lang='lat' dir='ltr'><strong>mu·</strong></span> 
     </span>
     <span class='ocr_line' id='line_1_25' title="bbox 758 3190 2872 3290; baseline -0.006 -26"><span class='ocrx_word' id='word_1_185' title='bbox 758 3197 1001 3264; x_wconf 85' lang='lat' dir='ltr'><strong>nienda</strong></span> <span class='ocrx_word' id='word_1_186' title='bbox 1062 3198 1334 3265; x_wconf 83' lang='lat' dir='ltr'><strong>civitate</strong></span> <span class='ocrx_word' id='word_1_187' title='bbox 1397 3200 1570 3265; x_wconf 90' lang='lat' dir='ltr'><strong>inter</strong></span> <span class='ocrx_word' id='word_1_188' title='bbox 1615 3197 2016 3266; x_wconf 79' lang='lat' dir='ltr'><strong>Decuriones</strong></span> <span class='ocrx_word' id='word_1_189' title='bbox 2083 3203 2408 3290; x_wconf 86' lang='lat' dir='ltr'><strong>agitatum</strong></span> <span class='ocrx_word' id='word_1_190' title='bbox 2464 3196 2628 3266; x_wconf 81' lang='lat' dir='ltr'><strong>fuit.</strong></span> <span class='ocrx_word' id='word_1_191' title='bbox 2677 3190 2872 3257; x_wconf 69' lang='lat' dir='ltr'><strong>Interea</strong></span> 
     </span>
     <span class='ocr_line' id='line_1_26' title="bbox 762 3307 2867 3402; baseline -0.004 -25"><span class='ocrx_word' id='word_1_192' title='bbox 762 3309 1197 3377; x_wconf 80' lang='lat' dir='ltr'><strong>acclamante·</strong></span> <span class='ocrx_word' id='word_1_193' title='bbox 1217 3310 1468 3402; x_wconf 89' lang='lat' dir='ltr'><strong>populo</strong></span> <span class='ocrx_word' id='word_1_194' title='bbox 1510 3310 1581 3378; x_wconf 90' lang='lat' dir='ltr'><strong>id</strong></span> <span class='ocrx_word' id='word_1_195' title='bbox 1626 3310 2115 3400; x_wconf 82' lang='lat' dir='ltr'><strong>opulentiorum</strong></span> <span class='ocrx_word' id='word_1_196' title='bbox 2160 3338 2404 3383; x_wconf 71' lang='lat' dir='ltr'><strong>munus</strong></span> <span class='ocrx_word' id='word_1_197' title='bbox 2447 3336 2609 3391; x_wconf 77' lang='lat' dir='ltr'><strong>esse,</strong></span> <span class='ocrx_word' id='word_1_198' title='bbox 2648 3307 2759 3373; x_wconf 86' lang='lat' dir='ltr'><strong>hoc</strong></span> <span class='ocrx_word' id='word_1_199' title='bbox 2791 3317 2867 3363; x_wconf 70' lang='lat' dir='ltr'><strong>ne·</strong></span> 
     </span>
     <span class='ocr_line' id='line_1_27' title="bbox 760 3426 2872 3515; baseline -0.007 -24"><span class='ocrx_word' id='word_1_200' title='bbox 760 3426 1014 3513; x_wconf 82' lang='lat' dir='ltr'><strong>gotium</strong></span> <span class='ocrx_word' id='word_1_201' title='bbox 1045 3426 1444 3515; x_wconf 71' lang='lat' dir='ltr'><strong>primatibus</strong></span> <span class='ocrx_word' id='word_1_202' title='bbox 1473 3439 1573 3494; x_wconf 73' lang='lat' dir='ltr'><strong>eet</strong></span> <span class='ocrx_word' id='word_1_203' title='bbox 1601 3427 2100 3497; x_wconf 86' lang='lat' dir='ltr'><strong>demandatum.</strong></span> <span class='ocrx_word' id='word_1_204' title='bbox 2131 3430 2492 3499; x_wconf 82' lang='lat' dir='ltr'><strong>Florebant</strong></span> <span class='ocrx_word' id='word_1_205' title='bbox 2522 3440 2667 3495; x_wconf 90' lang='lat' dir='ltr'><strong>tum</strong></span> <span class='ocrx_word' id='word_1_206' title='bbox 2691 3428 2872 3509; x_wconf 75' lang='lat' dir='ltr'><strong>genere</strong></span> 
     </span>
     <span class='ocr_line' id='line_1_28' title="bbox 760 3524 2870 3635; baseline -0.009 -29"><span class='ocrx_word' id='word_1_207' title='bbox 760 3551 833 3606; x_wconf 92' lang='lat' dir='ltr'><strong>et</strong></span> <span class='ocrx_word' id='word_1_208' title='bbox 877 3540 1116 3630; x_wconf 81' lang='lat' dir='ltr'><strong>opibus</strong></span> <span class='ocrx_word' id='word_1_209' title='bbox 1155 3543 1229 3608; x_wconf 86' lang='lat' dir='ltr'><strong>in</strong></span> <span class='ocrx_word' id='word_1_210' title='bbox 1273 3541 1439 3609; x_wconf 86' lang='lat' dir='ltr'><strong>urbe</strong></span> <span class='ocrx_word' id='word_1_211' title='bbox 1483 3563 1682 3634; x_wconf 69' lang='lat' dir='ltr'><strong>supra</strong></span> <span class='ocrx_word' id='word_1_212' title='bbox 1739 3556 2030 3613; x_wconf 76' lang='lat' dir='ltr'><strong>caeteras</strong></span> <span class='ocrx_word' id='word_1_213' title='bbox 2082 3558 2369 3635; x_wconf 85' lang='lat' dir='ltr'><strong>quatuor</strong></span> <span class='ocrx_word' id='word_1_214' title='bbox 2419 3540 2702 3612; x_wconf 82' lang='lat' dir='ltr'><strong>familiae</strong></span> <span class='ocrx_word' id='word_1_215' title='bbox 2735 3524 2870 3595; x_wconf 80' lang='lat' dir='ltr'><strong>Scla-</strong></span> 
     </span>
     <span class='ocr_line' id='line_1_29' title="bbox 760 3644 2869 3750; baseline 0 -28"><span class='ocrx_word' id='word_1_216' title='bbox 760 3657 945 3737; x_wconf 80' lang='lat' dir='ltr'><strong>tatii,</strong></span> <span class='ocrx_word' id='word_1_217' title='bbox 993 3667 1063 3723; x_wconf 85' lang='lat' dir='ltr'><strong>et</strong></span> <span class='ocrx_word' id='word_1_218' title='bbox 1103 3659 1223 3747; x_wconf 86' lang='lat' dir='ltr'><strong>qui</strong></span> <span class='ocrx_word' id='word_1_219' title='bbox 1269 3682 1310 3723; x_wconf 91' lang='lat' dir='ltr'><strong>a</strong></span> <span class='ocrx_word' id='word_1_220' title='bbox 1353 3659 1678 3726; x_wconf 80' lang='lat' dir='ltr'><strong>charitate</strong></span> <span class='ocrx_word' id='word_1_221' title='bbox 1723 3662 2262 3750; x_wconf 82' lang='lat' dir='ltr'><strong>nominabantur,</strong></span> <span class='ocrx_word' id='word_1_222' title='bbox 2293 3660 2580 3750; x_wconf 83' lang='lat' dir='ltr'><strong>Roglerii</strong></span> <span class='ocrx_word' id='word_1_223' title='bbox 2622 3664 2688 3719; x_wconf 84' lang='lat' dir='ltr'><strong>et</strong></span> <span class='ocrx_word' id='word_1_224' title='bbox 2722 3644 2869 3711; x_wconf 74' lang='lat'><strong>08⁰¹·</strong></span> 
     </span>
     <span class='ocr_line' id='line_1_30' title="bbox 760 3762 2868 3867; baseline -0.008 -28"><span class='ocrx_word' id='word_1_225' title='bbox 760 3772 1085 3855; x_wconf 79' lang='lat' dir='ltr'><strong>biatoree‘,</strong></span> <span class='ocrx_word' id='word_1_226' title='bbox 1115 3778 1233 3864; x_wconf 89' lang='lat' dir='ltr'><strong>qui</strong></span> <span class='ocrx_word' id='word_1_227' title='bbox 1277 3775 1367 3841; x_wconf 86' lang='lat' dir='ltr'><strong>ab</strong></span> <span class='ocrx_word' id='word_1_228' title='bbox 1414 3777 1568 3846; x_wconf 88' lang='lat' dir='ltr'><strong>albo</strong></span> <span class='ocrx_word' id='word_1_229' title='bbox 1613 3781 1864 3867; x_wconf 88' lang='lat' dir='ltr'><strong>patriae</strong></span> <span class='ocrx_word' id='word_1_230' title='bbox 1907 3778 2183 3858; x_wconf 80' lang='lat' dir='ltr'><strong>vexillo,</strong></span> <span class='ocrx_word' id='word_1_231' title='bbox 2222 3778 2402 3867; x_wconf 88' lang='lat' dir='ltr'><strong>quod</strong></span> <span class='ocrx_word' id='word_1_232' title='bbox 2447 3762 2868 3844; x_wconf 75' lang='lat' dir='ltr'><strong>custodiebant,</strong></span> 
     </span>
     <span class='ocr_line' id='line_1_31' title="bbox 759 3867 2866 3983; baseline -0.011 -28"><span class='ocrx_word' id='word_1_233' title='bbox 759 3899 1023 3955; x_wconf 80' lang='lat' dir='ltr'><strong>scutum</strong></span> <span class='ocrx_word' id='word_1_234' title='bbox 1067 3888 1300 3957; x_wconf 85' lang='lat' dir='ltr'><strong>album</strong></span> <span class='ocrx_word' id='word_1_235' title='bbox 1348 3914 1389 3958; x_wconf 92' lang='lat' dir='ltr'><strong>a</strong></span> <span class='ocrx_word' id='word_1_236' title='bbox 1430 3893 1707 3961; x_wconf 85' lang='lat' dir='ltr'><strong>rubente</strong></span> <span class='ocrx_word' id='word_1_237' title='bbox 1752 3891 1957 3961; x_wconf 81' lang='lat' dir='ltr'><strong>fascia</strong></span> <span class='ocrx_word' id='word_1_238' title='bbox 2000 3894 2285 3961; x_wconf 80' lang='lat' dir='ltr'><strong>divisum</strong></span> <span class='ocrx_word' id='word_1_239' title='bbox 2327 3917 2447 3983; x_wconf 84' lang='lat' dir='ltr'><strong>pro</strong></span> <span class='ocrx_word' id='word_1_240' title='bbox 2490 3888 2711 3956; x_wconf 83' lang='lat' dir='ltr'><strong>domus</strong></span> <span class='ocrx_word' id='word_1_241' title='bbox 2751 3867 2866 3938; x_wconf 87' lang='lat' dir='ltr'><strong>insi-</strong></span> 
     </span>
     <span class='ocr_line' id='line_1_32' title="bbox 758 3989 2866 4100; baseline -0.008 -31"><span class='ocrx_word' id='word_1_242' title='bbox 758 4003 998 4092; x_wconf 76' lang='lat' dir='ltr'><strong>gnibus</strong></span> <span class='ocrx_word' id='word_1_243' title='bbox 1063 4004 1288 4072; x_wconf 79' lang='lat' dir='ltr'><strong>tulisse</strong></span> <span class='ocrx_word' id='word_1_244' title='bbox 1332 4006 1669 4076; x_wconf 87' lang='lat' dir='ltr'><strong>dicuntur.</strong></span> <span class='ocrx_word' id='word_1_245' title='bbox 1716 4008 1824 4075; x_wconf 82' lang='lat' dir='ltr'><strong>Ex</strong></span> <span class='ocrx_word' id='word_1_246' title='bbox 1869 4009 1970 4077; x_wconf 76' lang='lat' dir='ltr'><strong>his</strong></span> <span class='ocrx_word' id='word_1_247' title='bbox 2014 4021 2300 4100; x_wconf 87' lang='lat' dir='ltr'><strong>quatuor</strong></span> <span class='ocrx_word' id='word_1_248' title='bbox 2364 4005 2644 4095; x_wconf 78' lang='lat' dir='ltr'><strong>corporis</strong></span> <span class='ocrx_word' id='word_1_249' title='bbox 2704 3989 2866 4059; x_wconf 77' lang='lat' dir='ltr'><strong>forma</strong></span> 
     </span>
     <span class='ocr_line' id='line_1_33' title="bbox 758 4096 2860 4215; baseline 0.005 -30"><span class='ocrx_word' id='word_1_250' title='bbox 758 4122 1046 4212; x_wconf 85' lang='lat' dir='ltr'><strong>germani</strong></span> <span class='ocrx_word' id='word_1_251' title='bbox 1075 4119 1306 4190; x_wconf 78' lang='lat' dir='ltr'><strong>fratrea</strong></span> <span class='ocrx_word' id='word_1_252' title='bbox 1333 4125 1785 4214; x_wconf 78' lang='lat' dir='ltr'><strong>praestabant,</strong></span> <span class='ocrx_word' id='word_1_253' title='bbox 1815 4124 2153 4207; x_wconf 76' lang='lat' dir='ltr'><strong>Nicolaus,</strong></span> <span class='ocrx_word' id='word_1_254' title='bbox 2183 4120 2665 4215; x_wconf 75' lang='lat' dir='ltr'><strong>Auginulphus‚</strong></span> <span class='ocrx_word' id='word_1_255' title='bbox 2692 4096 2860 4176; x_wconf 59' lang='lat' dir='ltr'><strong>Albfi&#39;</strong></span> 
     </span>
    </p>
   </div>
  </div>
 </body>
</html>
