2950 5017
983 444 1185 525 marra
1229 444 1485 492 sast
1636 489 1656 507 χ
2197 432 2331 515 4¹5

75 568 344 637 diosus
408 564 837 636 cumulandis
903 569 1128 659 potius
1193 569 1474 659 opibus,
1529 592 1735 660 quam
1789 572 1991 639 armis
2055 595 2329 663 operam

82 684 340 765 dedit3
385 683 647 751 bellum
694 683 919 752 tamen
973 709 1132 752 cum
1176 686 1469 755 Morotto
1522 711 1658 755 non
1713 688 1852 755 sine
1905 709 2153 779 magna
2210 714 2332 759 no-

87 803 313 869 minis
344 799 526 868 fama
556 801 1024 869 Paclionorum
1057 803 1413 871 hominum
1457 816 1889 872 cruentorum
1936 806 2193 875 auxilio
2238 805 2328 874 ad

85 922 378 985 exitum
426 941 638 1009 usque
679 919 1020 985 obstinate
1073 922 1413 1018 sustinuit.
1461 920 1551 986 Hi
1596 920 1776 1010 apud
1823 921 2174 990 Rodeliam
2219 946 2330 990 ca-
2418 973 2429 983 .

91 1035 431 1117 stellum,
475 1035 657 1126 quod
702 1038 774 1103 in
820 1034 1092 1103 Gabelli
1134 1036 1429 1105 fluminis
1475 1040 1618 1128 ripa
1663 1038 1871 1125 jacet,
1917 1017 2331 1108 incolendis

95 1154 290 1243 agris
318 1152 651 1238 majorum
683 1154 895 1221 vitam
928 1156 1167 1234 secuti,
1200 1154 1316 1221 diu
1350 1178 1593 1244 magna
1636 1179 1793 1222 cum
1841 1139 2333 1245 tranquillitate

95 1292 182 1337 se
227 1291 617 1336 exercuere:
663 1269 777 1335 sed
824 1291 982 1337 cum
1028 1267 1169 1337 fani
1217 1273 1321 1337 sui
1368 1283 1618 1339 rectore
1666 1269 1987 1339 defuncto
2018 1271 2103 1338 ad
2135 1295 2339 1339 occu-

99 1385 420 1476 pandum
469 1384 800 1475 templum
846 1385 1001 1453 hinc
1046 1387 1399 1468 Moretani,
1447 1387 1606 1455 inde
1636 1387 2041 1485 ‘Catoniani,
2089 1385 2338 1478 aliique

101 1500 396 1570 finitimi
450 1501 741 1569 seditiosi
799 1506 1269 1583 accurrissent,
1311 1515 1458 1571 orta
1504 1507 1688 1585 rixa,
1734 1501 1905 1573 forte
1950 1507 2209 1585 evenit,
2258 1518 2340 1571 ut

109 1640 296 1685 unus
342 1642 431 1684 ex
474 1618 828 1697 Paclionis,
872 1622 1143 1688 nomine
1170 1597 1490 1698 Janonus,
1534 1619 1792 1709 spiculo
1840 1621 2199 1709 scorpionis
2249 1621 2339 1687 ab

108 1758 256 1803 uno
305 1758 397 1802 ex
442 1733 702 1802 Maffeis
770 1737 969 1802 misso
1042 1734 1429 1803 transfixus
1467 1736 1885 1804 occubuerit.
1940 1734 2343 1836 Superstites

110 1856 481 1943 propinqui
527 1877 612 1920 ne
668 1852 958 1920 inultam
1021 1853 1368 1941 conjuncti
1427 1875 1666 1921 necem
1728 1852 2213 1945 relinquerent,
2266 1856 2338 1922 in

107 1968 578 2060 implacabiles
622 1974 1078 2038 contentiones
1139 1994 1211 2037 se
1272 1970 1628 2056 conjecere.
1684 1970 1764 2036 In
1822 1993 2067 2039 novam
2131 1973 2337 2061 igitur

107 2086 477 2157 factionem
525 2088 873 2169 abeuntes,
903 2087 1250 2156 Doninum
1297 2091 1516 2157 virum
1567 2111 1907 2157 armorum
1953 2090 2219 2178 peritia,
2268 2100 2341 2156 et

111 2210 330 2278 animi
398 2206 858 2297 magnitudine
923 2208 1175 2273 nemini
1244 2206 1647 2287 secundum,
1703 2210 1822 2297 qui
1887 2218 2087 2274 antea
2152 2208 2339 2297 pacis

111 2323 345 2393 cultor
390 2347 593 2414 prope
637 2324 891 2390 invitus
950 2323 1035 2389 ‘ad
1068 2346 1209 2398 ,eas
1263 2326 1440 2391 rixas
1485 2337 1853 2414 pertractus
1910 2336 2044 2405 est,
2098 2317 2342 2414 princi-

113 2464 277 2533 pem
349 2440 757 2508 habuerunt.
812 2441 1013 2507 Hunc
1065 2441 1401 2509 Antonius
1470 2452 1541 2507 et
1599 2442 1882 2519 Joannes
1948 2438 2215 2521 fratres,
2272 2451 2344 2507 et

115 2559 501 2639 Jacobellus
562 2557 886 2650 patruelis
908 2610 928 2639 ,
974 2559 1226 2649 aliique
1267 2556 1540 2650 plurimi
1588 2563 2011 2649 cognatione,
2057 2569 2127 2624 et
2172 2559 2340 2624 ami-

118 2679 290 2745 citia
332 2676 706 2765 conjuncti,
752 2690 910 2744 sunt
955 2679 1206 2757 secuti3
1236 2680 1362 2767 qui
1389 2700 1605 2766 usqne
1649 2675 1814 2743 adeo
1860 2677 2154 2742 cruentis
2197 2697 2346 2741 cae-

127 2793 337 2861 dibus
381 2817 449 2860 se
494 2796 1035 2874 immiscuerunt,
1081 2804 1162 2858 ut
1204 2804 1464 2883 praeter
1494 2793 1867 2859 Antonium
1912 2789 2344 2871 sacerdotem,

120 2924 192 2979 et
235 2910 448 2978 alium
494 2914 887 3002 quempiam
950 2909 1242 2977 naturali
1295 2920 1512 2977 morte
1567 2911 1986 2989 extinctum,
2030 2918 2200 2999 quot
2253 2908 2343 2974 ab
2440 2955 2445 2960 -

123 3017 483 3095 hominum
545 3030 871 3095 memoria
937 3051 1024 3093 ex
1089 3024 1221 3093 illis
1276 3027 1729 3106 decesserunt,
1774 3048 2002 3092 omnes
2047 3022 2345 3092 violenta

125 3158 347 3214 morte
378 3157 536 3213 sunt
563 3143 836 3239 sublati.
882 3146 1191 3214 Doninus
1235 3147 1307 3211 in
1355 3147 1501 3234 ipso
1545 3141 1682 3210 fere
1726 3139 2099 3211 factionum
2145 3143 2342 3210 initio

127 3267 489 3332 extinctus·
533 3253 670 3345 e'st,
738 3287 956 3354 quum
1007 3262 1289 3344 Catoni,
1356 3266 1476 3353 qui
1545 3260 1911 3330 Bentivolis
1975 3260 2344 3329 Bononiam

127 3383 560 3472 occupaturis
606 3380 1091 3461 auxiliabatur,
1136 3393 1295 3447 curn
1339 3383 1475 3447 suis
1520 3402 1716 3469 opem
1764 3378 1950 3445 tulit.
2000 3376 2347 3445 Machina·

128 3502 314 3567 tione
359 3502 537 3566 enhn
585 3499 888 3579 detecta,
932 3498 1095 3565 dum
1144 3520 1373 3567 omnes
1425 3501 1497 3564 in
1557 3494 1788 3586 fugam
1835 3497 2134 3565 conversi
2180 3494 2347 3563 dila·

128 3616 419 3697 buntur,
449 3613 667 3681 filium
709 3611 934 3681 abesse
965 3616 1193 3695 sentit,
1222 3616 1474 3682 veritus
1519 3637 1604 3680 ne
1647 3616 1718 3679 in
1763 3611 2060 3679 hostium
2106 3632 2347 3676 manus

127 3732 491 3813 incidisset,
536 3747 816 3824 paterno
862 3757 1086 3804 amore
1129 3732 1549 3813 stimulante,
1595 3730 2001 3821 regreditur;
2050 3750 2130 3795 ac
2175 3727 2342 3794 dum

132 3874 376 3941 magna
422 3873 585 3920 voce
638 3865 877 3919 natum
933 3851 1307 3920 revocando
1353 3853 1785 3929 immoratur,
1841 3844 1929 3914 ab
1982 3848 2347 3936 ingruenti·

130 3969 261 4036 bns
302 3967 612 4037 hostibus
656 3968 979 4037 incolumi
1037 3968 1176 4037 filio
1230 3968 1586 4047 obruitur3
1634 3965 1780 4054 ejus
1825 3979 1994 4032 natu
2040 3961 2348 4055 grandior

93 4086 488 4179 'Philippus
531 4086 710 4154 filius
755 4090 1060 4155 omniurn
1106 4107 1432 4155 consensu
1485 4092 1723 4176 postea‘
1758 4080 2061 4151 familiae
2106 4081 2349 4173 princi-

133 4215 392 4293 patum·
419 4203 744 4273 obtinuit.
