2950 5017
888 427 1086 473 amna
1130 427 1407 475 manns
2107 411 2236 476 205

56 548 539 644 occupandum·
580 571 651 617 se
715 550 1063 618 convertit.
1108 548 1549 617 Bernardinus
1589 546 1672 615 de
1715 547 2237 618 adversariorum

49 669 318 740 consilio
367 669 607 735 certior
635 663 851 734 factus
882 688 989 733 eos
1021 688 1178 732 cum
1209 666 1531 756 expeditis
1573 667 1899 733 sociorum
1942 676 2238 755 quatuor

53 785 438 854 cohortibus
484 805 571 849 ex
614 793 912 872 tempore
955 781 1269 849 adoritur.
1316 780 1426 847 Illi
1470 780 1900 848 commodum
1941 780 2241 849 locandis
2345 853 2354 862 ,

53 900 278 968 castris
319 897 502 967 forte
543 900 750 964 situm
780 896 1211 986 quaerebant,
1253 897 1323 962 in
1370 895 1808 985 parandisque
1844 896 2243 965 stationibus

53 1018 337 1105 segniter
370 1025 641 1103 tempus
670 1012 1120 1084 conterebant.
1166 1011 1302 1078 Alii
1345 1010 1677 1100 lignatum
1723 1008 2247 1080 frumentatum-

59 1153 189 1219 que
229 1125 552 1219 profecti,
581 1127 820 1217 reliqui
854 1125 962 1195 vel
990 1126 1297 1193 curandis
1340 1126 1753 1215 corporibus,
1785 1124 1895 1193 vel
1922 1126 2246 1211 jumentis

60 1248 355 1314 animum
402 1244 871 1325 intendebant,
903 1266 1061 1309 cum
1093 1267 1180 1311 ex
1214 1254 1508 1333 tempore
1553 1243 1642 1308 ab
1685 1241 1989 1309 hostibus
2030 1243 2245 1309 invasi

63 1360 282 1429 cedere
327 1357 851 1449 compelluntur.
893 1356 1170 1425 Relictis
1200 1358 1513 1426 omnibus
1555 1356 2073 1447 impedimentis,
2120 1358 2250 1446 pri-

64 1498 170 1546 mo
211 1476 297 1545 ad
339 1476 651 1545 Montem
692 1472 1110 1564 Visignolum
1155 1472 1453 1564 palantes
1496 1471 1837 1563 fugerunt,
1878 1483 2109 1563 postea
2155 1473 2248 1541 ob

71 1603 400 1684 acceptam
445 1590 705 1658 cladem
748 1592 994 1671 attriti,
1039 1589 1231 1658 nulla
1273 1589 1688 1657 memorabili
1734 1613 1803 1657 re
1847 1601 2063 1678 gesta,
2107 1589 2241 1657 Re-

75 1711 247 1798 gium
284 1708 559 1777 rediere.
603 1705 799 1774 Sessii
841 1730 997 1774 vero
1044 1717 1113 1772 et
1155 1705 1457 1773 Canussii
1492 1705 1757 1773 Alberti
1795 1703 2110 1794 Scaligeri
2128 1755 2148 1785 ,
2180 1716 2254 1771 et

75 1822 470 1892 Pinamontis
537 1822 908 1890 Bonacossii
975 1820 1295 1887 Mantuae
1368 1822 1681 1909 principis
1754 1823 1957 1909 copiis
2031 1819 2251 1906 adjuti

79 1937 410 2020 suburbia,
479 1961 653 2029 quae
721 1937 805 2003 ad
868 1939 1265 2026 superiorem
1330 1936 1517 2003 urbis
1581 1948 1840 2026 partem
1908 1935 2253 2006 aedificata

78 2065 278 2135 erant,
307 2054 778 2135 incenderunt,
812 2076 889 2120 ac
927 2056 1138 2121 sancti
1169 2051 1493 2142 Stephani
1527 2052 1615 2117 ab
1645 2051 1923 2120 Alberto
1950 2053 2254 2119 'dirutum

82 2182 345 2238 cestrum
415 2181 891 2237 restaurarunt.
946 2170 1027 2236 In
1072 2179 1262 2235 tanta
1308 2168 1697 2236 calamitate
1741 2167 2252 2238 facinorosorum

83 2281 462 2356 factionibus
529 2287 694 2354 urbe
758 2298 1073 2354 manente
1095 2337 1114 2368 ,
1160 2309 1381 2353 rursus
1450 2297 1552 2354 tot
1616 2287 1946 2356 malorum
2003 2287 2255 2354 miserti

84 2404 220 2470 socii
278 2427 441 2471 cum
500 2403 965 2470 Parmensibus
1009 2402 1452 2471 Bononienses
1498 2403 1781 2493 Regium
1849 2403 2103 2492 legatos
2168 2402 2254 2469 de
2368 2430 2375 2436 ·

89 2520 483 2589 restituendis
534 2522 607 2588 in
658 2519 895 2587 urbem
941 2516 1377 2589 Inferioribu's
1425 2532 1686 2590 acturos
1736 2523 2090 2600 miserunt,
2133 2522 2255 2609 qui
2306 2581 2311 2590 .

89 2654 360 2721 praesens
393 2634 840 2726 futurumque
883 2659 968 2703 ex
1012 2639 1264 2703 civium
1297 2637 1570 2704 dissidio
1604 2637 2078 2702 detrimentum
2107 2658 2258 2724 pro·

93 2765 375 2836 ponentes
410 2752 672 2820 tandem
706 2754 902 2820 tertio
933 2752 1244 2819 calendas
1290 2753 1609 2832 octobris,
1639 2753 1744 2818 die
1775 2776 1912 2841 quo
1943 2749 2255 2817 Michaeli

95 2865 430 2958 Arcangelo
491 2867 668 2937 festa
732 2869 1176 2950 celebrantur,
1234 2867 1661 2936 Inferioribus
1733 2892 1813 2935 ea
1878 2867 2255 2936 conditione

99 2980 356 3051 reditum
418 2989 488 3053 in
555 2985 789 3052 urbem
833 2989 1310 3075 impetrarunt,
1359 2994 1437 3049 ut
1487 2983 1874 3050 Matthaeus
1923 2983 2256 3072 Corrigius

99 3116 207 3183 pro
244 3097 566 3182 Praetore,
619 3111 690 3166 et
754 3100 1119 3167 Pontionus
1182 3078 1643 3166 Cremonensis
1707 3121 1824 3188 pro
1891 3098 2256 3188 Capitaneo

99 3215 479 3303 reciperetur.
527 3215 617 3283 Se
660 3239 745 3282 ne
788 3214 917 3282 fide
960 3228 1162 3306 rupta
1191 3238 1404 3287 novus
1438 3214 1777 3282 tumultus
1805 3219 2257 3297 suscitaretur,

100 3325 274 3396 donec
314 3335 500 3418 cives·
548 3343 975 3421 pacarentur,
1020 3334 1231 3399 sancti
1278 3330 1604 3422 Stephani
1649 3331 1847 3399 Porta
1893 3332 2260 3398 Parmensi-

103 3439 230 3526 δυ,
268 3446 486 3518 altera
551 3470 706 3517 vero
772 3450 984 3515 sancti
1026 3449 1205 3515 Petri
1248 3448 1771 3518 Bononiensibus
1823 3447 2258 3517 custodienda

109 3571 190 3626 “t
224 3566 591 3633 commissa.
635 3565 928 3633 Praetori
972 3576 1042 3631 et
1082 3563 1423 3634 Praefecto
1463 3565 1825 3646 Parmensi,
1870 3567 1989 3653 qui
2034 3567 2103 3632 in
2148 3588 2260 3631 ur-

103 3672 233 3745 hun
291 3685 492 3750 acciti
536 3680 833 3764 fuerant,
877 3680 1087 3750 libera
1150 3686 1223 3751 in
1291 3682 1629 3752 seditiosos
1687 3680 2258 3750 animadvertendi

106 3803 352 3878 potatas
396 3800 725 3866 attributa
768 3797 925 3866 fuit.
969 3799 1208 3890 Itaque
1252 3822 1416 3889 pace
1457 3801 1628 3865 inita
1686 3798 1897 3888 pridie
1950 3796 2257 3865 calendas

111 3914 449 3982 novembris
485 3913 828 3983 Inferiores
870 3917 940 3983 in
986 3916 1221 3982 urbem
1252 3926 1410 3983 sunt
1440 3918 1695 3981 reversi.
1745 3912 1886 3982 Soli
1928 3913 2258 4002 relinque·

111 4015 319 4095 hatur
357 4028 593 4110 Sessii,
636 4053 925 4121 quorum
970 4055 1245 4112 nomen,
1273 4030 1425 4100 odio
1453 4030 1656 4097 altius
1685 4030 2034 4111 insidente,
2079 4030 2254 4095 inter

116 4136 261 4210 cives
296 4146 432 4215 sine
474 4143 727 4218 offensa
793 4147 1010 4216 audiri
1075 4172 1208 4219 non
1273 4159 1559 4238 poterat.
1604 4145 1935 4219 Invidiam
2000 4158 2070 4214 et
2132 4146 2258 4235 ipsi
