2950 5017
707 389 834 457 320
1141 443 1146 448 .
1435 405 1672 452 annun
1716 403 2129 452 ascmnsmm

701 529 1018 602 transiens
1060 548 1285 606 omnes
1329 524 1523 594 villas
1561 525 1859 615 diripuit.
1904 525 2028 594 Per
2068 548 2223 593 eam
2265 527 2687 595 occasionem
2722 524 2878 596 Ber-

699 643 946 716 nardus
970 640 1326 726 Folleanus
1362 638 1532 707 alter
1560 641 1888 708 Francisci
1931 639 2134 721 filius,
2164 641 2283 730 qui
2313 643 2579 729 parenti
2620 639 2879 710 illatam

697 737 1013 845 injuriam
1054 759 1126 824 in
1167 767 1425 845 pectore
1467 756 1923 835 conservabat,
1957 778 2181 834 rursus
2226 754 2312 827 ad
2358 754 2580 830 hostes
2610 754 2875 839 defecit,

697 885 773 941 et
799 884 1072 963 captum
1102 894 1215 961 per
1242 870 1674 961 proditionem
1701 868 2157 940 Scandianum
2182 870 2543 954 Pontificiis
2580 872 2875 938 tradidit.

694 988 866 1079 Ejus
906 983 1290 1079 essem‘plum
1332 990 1547 1055 secuti
1590 988 1977 1056 Franciscus
2004 988 2043 1065 J
2047 991 2276 1058 oannis
2307 987 2512 1116 alius,
2545 1001 2626 1055 et
2654 988 2872 1059 cnido

696 1119 771 1175 et
810 1104 1142 1174 Feltrinus
1172 1103 1543 1185 manfredi,
1569 1107 1689 1194 qui
1720 1115 1916 1172 antea
1947 1105 2224 1173 Feltrini
2269 1103 2629 1173 familiares
2673 1109 2869 1172 etiam
2936 1107 2938 1124 ²

694 1222 949 1294 dandae
991 1222 1174 1292 urbis
1213 1220 1553 1290 Barnabae
1597 1231 1899 1291 auctores
1937 1219 2231 1304 fuerant,
2262 1243 2339 1290 ac
2367 1231 2535 1290 tune
2564 1215 2873 1312 quamris
2936 1221 2938 1264 ;

698 1338 922 1429 amplo
966 1338 1455 1406 Vicecomitum
1498 1337 1827 1426 stipendio
1886 1336 2217 1420 honestati
2279 1340 2730 1427 praesentium
2784 1362 2870 1404 re-
2936 1317 2938 1402 i

693 1471 846 1550 rum
908 1465 1159 1522 statum
1227 1451 1693 1534 fastidiebant,
1737 1477 1893 1524 cum
1936 1433 2403 1536 Montericcio,
2440 1451 2872 1534 Mociatellis,
2936 1541 2938 1546 Ι

584 1583 590 1588 ’
691 1584 763 1641 et
804 1572 1115 1641 Bortiano
1160 1570 1445 1638 castellis
1463 1617 1507 1651 ,,
1549 1582 1619 1644 et
1681 1573 1805 1660 ipsi
1873 1571 1959 1638 ad
2013 1568 2389 1639 Pontificios
2450 1567 2868 1642 transierant.
2936 1579 2938 1582 ’

613 1699 618 1706 ’
690 1686 1004 1764 Pontifex
1060 1689 1404 1757 Francisco
1470 1690 1962 1780 quinquaginta
2028 1671 2391 1755 measti-iios
2455 1686 2743 1774 florenos
2807 1700 2871 1754 et
2936 1711 2938 1720 ·

693 1780 1051 1884 Albineam
1095 1802 1469 1884 castellum,
1512 1806 1579 1869 si·
1612 1807 1760 1893 capi
1808 1806 2152 1893 potuisset,
2180 1826 2247 1870 se
2275 1803 2686 1871 donaturum
2732 1826 2874 1892 pro-
2936 1851 2938 1854 -

691 1921 894 1998 misit.
937 1919 1014 1985 Id
1055 1919 1218 2004 juris
1240 1922 1564 1998 antistitis
1593 1930 1765 2010 erat,
1795 1918 1978 2008 quod
2013 1931 2240 2011 postea
2267 1916 2689 1987 beneficiario
2732 1917 2871 2005 jure
2936 1915 2938 2014 1

688 2032 1045 2104 manfredis
1089 2056 1130 2100 a
1171 2033 1420 2110 Joanne
1456 2032 1781 2101 Pontifice·
1823 2057 1984 2101 oum
2028 2058 2229 2104 onere
2266 2056 2455 2099 Lxxx
2496 2033 2710 2100 libras
2754 2033 2872 2101 Bo-

690 2153 1029 2220 nonienses
1073 2148 1381 2215 ecclesiae
1422 2147 1721 2217 solvendi
1765 2172 2146 2220 concessum
2201 2148 2366 2217 fuit.
2412 2150 2600 2217 Haec
2647 2152 2869 2238 pensio
2936 2151 2938 2232 f

686 2289 808 2342 noc
848 2267 1153 2357 jugerum
1197 2266 1475 2355 praediis
1517 2267 1591 2333 in
1634 2266 1800 2335 villa
1842 2289 2205 2360 nemorum
2252 2269 2553 2357 episcopo
2612 2266 2872 2362 traditis
2936 2335 2938 2360 Ι

687 2393 917 2473 postea
980 2384 1281 2450 extincta
1342 2380 1500 2449 fuit.
1571 2382 1689 2448 At.
1729 2382 2014 2459 Ioannes
2057 2382 2365 2452 Aucutus
2403 2382 2674 2450 Donina
2718 2382 2873 2472 Bar-
2936 2423 2938 2428 ·

689 2497 913 2572 nahae.
964 2520 1050 2563 ex
1114 2496 1423 2566 adamata
1491 2496 1868 2566 concubina
1911 2494 2053 2570 filia
2070 2489 2102 2579 ,s
2133 2521 2340 2566 uxore
2404 2497 2610 2564 ducta
2673 2497 2872 2565 soceri

687 2616 860 2683 vires
901 2616 1192 2700 maxime
1236 2612 1537 2680 adauxit.
1582 2612 1645 2680 Is
1690 2610 2420 2700 obeam-affinitatem
2466 2637 2507 2679 a
2547 2611 2870 2682 Pontifice

688 2730 993 2797 dimissus
1035 2753 1193 2798 eum
1239 2729 1326 2797 ab
1374 2729 1519 2797 aliis
1583 2730 1891 2811 urbibus,
1944 2740 2094 2796 tum
2152 2753 2193 2796 a
2248 2729 2673 2820 Regiensibus
2728 2754 2872 2796 ma·

688 2849 1258 2936 gnam-pecuniae.
1289 2847 1941 2937 copiam‚.omnibus
1993 2863 2324 2914 armorum
2370 2858 2569 2913 metu·
2623 2857 2872 2934 perter-

685 2964 853 3043 ritis,
897 2963 1157 3051 exegit,
1196 2964 1451 3029 etiamsi
1498 2960 1612 3027 alii
1657 2986 1788 3029 non
1832 2961 2293 3052 Regiensibus,
2323 2961 2436 3027 sed
2461 2962 2772 3057 Aretinis·
2802 2961 2866 3027 id
2936 2995 2938 3000 ·

688 3078 991 3145 accidisse
1035 3077 1201 3146 falso
1244 3081 1654 3149 existimant.
2215 3141 2226 3152 .
2634 3135 2643 3142 .

795 3195 1279 3261 crescentibus
1320 3194 1574 3262 indies
1616 3194 2106 3268 vicecomitum
2167 3196 2365 3262 rebus
2424 3194 2696 3288 populi,
2751 3196 2863 3284 qui
2932 3173 2938 3180 ¹

685 3312 994 3398 imposita
1047 3332 1243 3377 onera
1283 3312 1608 3392 sustinere
1677 3336 1831 3379 non·
1881 3323 2219 3401 poterant,
2256 3313 2572 3400 ⁸certatim
2621 3334 2661 3376 a
2703 3308 2864 3376 Gre-

688 3426 866 3511 gorio
908 3423 975 3488 X
1033 3422 1353 3491 Pontifice
1420 3424 1507 3490 ad
1573 3424 1949 3513 Barnabam
2013 3425 2444 3518 deficiebant,
2512 3424 2596 3491 ad
2661 3406 2862 3513 quem

685 3539 983 3626 Bonpnia
1028 3562 1295 3630 quoque
1337 3562 1591 3612 reversa
1651 3554 1937 3609 centum
1963 3565 1968 3570 ·
1992 3541 2579 3632 cataphractorum
2626 3541 2864 3629 praesi-

685 3654 875 3742 dium
918 3656 1129 3747 Regio
1190 3659 1461 3725 missum
1532 3662 1814 3754 accepit.
1864 3659 2188 3730 'Ceterum
2253 3658 2466 3727 laetos
2530 3678 2859 3734 successus

686 3784 890 3852 tetra,
934 3758 1371 3862 quae'mense
1413 3773 1587 3861 julio
1633 3788 1705 3841 et
1745 3787 2027 3866 augusto
2071 3770 2301 3846 secuta
2362 3784 2462 3841 est
2530 3775 2734 3863 pestis
2797 3782 2858 3839 et

685 3889 1065 3976 importuna
1095 3888 1415 3957 Galleacii
1447 3892 1788 3977 Barnabae
1819 3890 2035 3958 fratris
2074 3913 2249 3958 mors
2279 3889 2719 3979 perturbavit,
2745 3889 2857 3977 qui

627 4065 634 4070 .
686 4015 939 4092 praeter
1012 4029 1225 4080 arcem
1273 4031 1480 4097 quam
1509 4007 1743 4084 ‚Ticini
1805 4008 2283 4094 nobilissimam
2328 4003 2654 4084 condidit,
2697 3991 2861 4098 lapi·—

686 4118 886 4188 deum
947 4124 1172 4202 etiam.
1208 4137 1485 4214 pontem
1529 4146 1725 4216 supra
1772 4123 1987 4192 Ticini
2039 4123 2288 4192 flumen
2348 4116 2856 4213 propugnaculis
