2950 5017
694 392 782 458 62
1318 443 1329 452 ,
1435 409 1674 454 neuun
1716 371 2133 455 ascmusrmu

688 528 940 620 legatos
1003 547 1328 619 occupare
1389 529 1587 596 irritis
1649 527 2004 596 conatibus
2072 526 2486 596 Octavianus
2554 533 2909 612 tentavit,

688 658 916 736 postea
956 646 1098 735 ipse
1142 641 1363 712 valido
1408 645 1706 710 exercitu
1763 646 2133 733 irrumpens
2177 642 2434 712 Caleno
2501 659 2909 736 opportune

689 761 926 830 morbo
971 771 1394 847 consumpto,
1437 759 1968 848 A‘ntonianisqae
2016 759 2342 838 militibus
2414 760 2499 828 ad
2564 786 2637 829 se
2716 777 2909 831 tran-

686 878 1030 945 seuntibus
1061 875 1247 945 nullo
1277 877 1542 965 negotio
1574 875 1897 943 obtinuit.
1944 874 2287 944 Defuncta
2314 880 2582 946 interim
2613 879 2908 961 Fulvia,

688 994 882 1081 cujus
925 997 1126 1061 etiam
1172 996 1398 1060 mortis
1429 1015 1702 1059 causam
1732 995 1800 1059 in
1832 992 2133 1060 Marcum
2163 993 2535 1063 Antonium
2574 996 2903 1086 plerique

688 1109 1083 1187 retulerunt,
1113 1109 1477 1188 Triumviri
1509 1107 1730 1176 denuo
1776 1122 1935 1176 sunt
1981 1109 2342 1192 conciliati,
2370 1133 2675 1202 novaque
2712 1113 2904 1181 orbis

688 1228 1010 1297 divisione
1067 1224 1249 1293 facta
1309 1237 1668 1315 utramque
1712 1225 1998 1314 Lybiam
2065 1227 2379 1316 Lepidus,
2443 1240 2512 1294 et
2576 1227 2898 1296 Siciliam

687 1341 846 1411 Sex.
891 1341 1248 1432 Pompeius
1290 1337 1615 1431 possedit;
1660 1342 1815 1407 Asia
1859 1324 1931 1407 et
1973 1340 2289 1424 Graecia,
2334 1356 2407 1411 et
2449 1367 2649 1433 supra
2693 1368 2890 1412 mare

683 1459 951 1536 Ionium
1021 1457 1310 1547 reliquae
1377 1460 1752 1547 provinciae
1817 1456 2046 1526 Marco
2110 1458 2407 1529 Antonio
2464 1460 2888 1549 obtigerunt.

684 1573 1100 1642 Octavianus
1144 1593 1296 1641 vero
1341 1572 1581 1639 Galliis
1641 1576 1952 1653 retentis,
1993 1596 2282 1663 quarum
2349 1587 2573 1664 postea
2617 1576 2888 1644 auxilio

684 1688 999 1758 adversus
1041 1689 1345 1756 Marcum
1377 1689 1749 1757 Antonium
1795 1690 2394 1778 non-mediocriter
2438 1691 2709 1758 adiutus
2757 1707 2883 1771 est,

683 1807 1124 1889 Dalmatiam,
1155 1807 1552 1897 Hispaniam
1598 1818 1668 1873 et
1707 1803 2084 1873 Sardiniam
2116 1807 2380 1875 babuit.
2425 1807 2517 1875 Et
2561 1832 2720 1876 cum
2766 1832 2886 1899 po-

578 1983 583 1988 .
680 1934 824 1990 stea
854 1947 1072 2014 ,agros
1131 1922 1461 1990 militibus
1524 1920 1888 2002 divideret,
1941 1934 2196 2011 praeter
2264 1946 2507 2012 paucas
2573 1927 2876 1991 civitates

678 2038 1148 2130 perduellionis
1176 2061 1340 2118 reas,
1370 2036 1594 2104 Gallia
1618 2049 1864 2118 nostra,
1894 2061 2100 2129 quarn
2130 2042 2332 2106 etiam
2365 2038 2553 2108 velut
2581 2040 2871 2110 nominis

680 2158 788 2224 sui
829 2155 1192 2224 studiosam
1241 2166 1437 2221 antea
1483 2152 1689 2240 Cajus
1726 2153 1949 2231 Julius
1993 2154 2233 2223 Caesar
2275 2158 2647 2224 immunem
2697 2154 2866 2224 fece-

590 2283 595 2288 ’
692 2284 838 2353 rat,
901 2271 1030 2341 hoc
1095 2294 1261 2339 onus
1329 2272 1607 2337 minime
1672 2273 1912 2362 sensit.
1970 2272 2265 2338 Demum
2309 2272 2538 2341 Marco
2579 2272 2871 2342 Antonio

681 2389 862 2478 apud
906 2388 1182 2455 Actium
1231 2389 1514 2453 terrestri
1560 2399 1631 2454 et
1673 2386 1901 2453 navali
1943 2387 2131 2455 bello
2168 2377 2510 2478 superato,
2533 2389 2872 2458 orbis-Ro·

681 2507 863 2570 mani
891 2505 1243 2593 imperium
1268 2502 1678 2569 Octavianus
1707 2502 1986 2592 adeptus
2005 2554 2026 2585 ,
2054 2527 2227 2572 anno
2258 2504 2344 2571 ab
2377 2503 2465 2573 U.
2488 2504 2571 2572 G.
2595 2528 2860 2580 nccxxv

571 2625 575 2629 ’
678 2632 915 2704 octavo
974 2620 1122 2686 idus
1163 2619 1448 2705 januarii
1492 2619 1727 2684 urbem
1750 2599 2022 2708 'triplici
2068 2620 2414 2710 triumpho
2485 2625 2700 2691 victor
2764 2634 2862 2689 est

677 2737 1037 2825 ingressus,
1081 2749 1149 2801 et
1193 2736 1539 2824 Augustus
1582 2733 1983 2824 appellatus.
2030 2736 2181 2819 Quo
2231 2740 2518 2826 primum
2568 2750 2858 2827 tempore

679 2850 905 2918 Gallia
958 2864 1185 2941 togata
1237 2875 1393 2918 cum
1420 2854 1681 2918 ‘ceteris
1748 2849 1926 2918 orbis
1993 2852 2291 2941 partibus
2354 2855 2858 2944 imperatoribus

676 2967 994 3038 Romanis
1038 2969 1276 3054 subjici
1320 2972 1568 3057 coepit.

812 3083 914 3152 Eo
956 3088 1282 3161 extincto,
1328 3082 1606 3171 aliisque
1652 3100 1804 3172 post
1851 3106 2014 3149 eum
2069 3083 2457 3152 Caesaribus
2502 3083 2859 3167 defunctis,

679 3219 834 3267 cum
881 3201 967 3266 ad
1011 3203 1360 3288 imperium
1384 3199 1575 3277 ‚Nero
1609 3202 2026 3287 pervenisset,
2054 3200 2289 3268 Petrus
2318 3201 2673 3290 Apostolus
2712 3202 2857 3291 plu-

680 3318 862 3386 ribus
905 3319 977 3381 in
1024 3316 1309 3384 diversas
1354 3314 1597 3381 Italiae
1643 3317 1934 3403 regiones
1979 3316 2061 3381 ad
2105 3318 2547 3385 Christianam
2610 3319 2857 3409 religio-

680 3456 837 3500 nem
887 3422 1040 3497 'late
1106 3432 1594 3522 propagandam
1640 3433 1976 3521 discipulis
2035 3434 2348 3517 dimissis,
2408 3435 2847 3526 Apollinarem

679 3548 1034 3616 Ravennae
1062 3547 1446 3615 Antistitem
1493 3546 1843 3638 praefecit3
1874 3553 1994 3640 qui
2026 3551 2255 3619 multis
2299 3551 2488 3620 editis
2532 3553 2853 3620 miraculis

679 3667 894 3755 primo
951 3689 1109 3733 eum
1160 3664 1488 3755 populum
1556 3666 1639 3732 ad
1705 3665 2009 3734 divinum
2075 3657 2336 3735 cultum
2403 3668 2737 3751 traduxit,
2779 3693 2852 3736 ac

678 3794 905 3872 postea
947 3784 1208 3851 circiter
1251 3798 1502 3850 annum
1545 3784 1818 3853 Domini
1861 3807 1953 3851 Lx
1995 3784 2277 3875 Regium
2323 3782 2692 3875 profectus,
2721 3810 2850 3854 sae-

679 3903 903 3970 viente
944 3904 1013 3968 in
1058 3904 1199 3991 pios
1245 3912 1717 3990 tyrannm-non
1748 3925 1991 3992 paucos
2020 3914 2282 3972 nostrae
2327 3904 2508 3971 urbis
2549 3906 2723 3973 cives
2762 3904 2842 3972 ad

677 4042 904 4120 veram
948 4018 1326 4108 religionem
1381 4018 1555 4086 clam
1606 3999 2008 4090 convertisse
2060 4022 2325 4088 dicitur.
2377 4022 2524 4112 Ipse
2566 4023 2637 4089 iu
2683 4021 2846 4089 salu·

647 4135 784 4203 .bri
834 4134 1152 4204 tradenda
1193 4133 1535 4226 disciplina
1587 4158 1747 4234 cum
1802 4134 1921 4204 diu
1973 4135 2369 4218 laborasset,
2423 4159 2618 4207 saevo
2667 4137 2846 4223 hoste
