2950 5017
932 437 1140 483 maaa·
1176 437 1485 495 quaa-ms
2173 420 2302 487 255

43 556 490 626 Praefectus
536 560 870 626 Passerino
915 558 1312 629 Bonacossio
1364 557 1611 650 perfide
1656 569 1946 626 castrum
1996 559 2303 649 prodidit.

41 675 292 745 Nocte
367 677 714 768 patrando
757 675 1031 744 facinori
1073 680 1473 756 constituta,
1520 677 1844 744 Passerini
1900 675 2150 744 milites
2191 676 2308 743 de-

42 794 276 861 misso
359 804 583 884 ponte
649 794 936 882 recepti,
978 795 1046 860 in
1093 795 1322 883 primis
1366 793 1642 859 Actium
1688 791 2129 881 quaerebant,
2171 790 2308 859 cla-

33 930 252 977 more
289 931 791 998 armorumque
822 910 1102 997 strepitu
1153 931 1368 975 arcem
1413 907 1720 997 implent.
1768 906 1893 974 Ille
1914 906 2006 975 ad
2046 905 2308 975 tumul·

37 1036 216 1092 tum
253 1030 580 1107 excitus,
610 1026 733 1092 ubi
763 1038 1056 1092 castrum
1102 1026 1191 1092 ab
1236 1024 1543 1093 hostibus
1573 1026 1783 1092 teneri
1814 1024 2309 1107 animadvertit,

35 1156 137 1209 ut
195 1155 374 1210 erat
424 1143 815 1213 seminudus
860 1165 899 1210 a
946 1141 1123 1210 lecto
1176 1142 1499 1232 prosiliit3
1543 1141 1656 1209 sed
1703 1143 1841 1229 jam
1887 1141 1970 1208 ad
2015 1141 2312 1210 cubiculi

41 1260 349 1326 octium
430 1261 702 1326 armatis
769 1257 1205 1338 instantibus,
1248 1257 1450 1324 aliam
1499 1255 1701 1324 saluti
1744 1280 1904 1325 suae
1951 1259 2128 1324 viam
2174 1282 2311 1326 non

45 1376 455 1442 inveniens
515 1387 745 1465 aperta
806 1373 1092 1443 fenestra
1133 1374 1392 1441 excelsa
1436 1398 1522 1441 ex
1568 1397 1715 1442 arce
1761 1373 2047 1442 tenebris
2089 1376 2314 1441 omnia

56 1489 599 1581 occupantibus
664 1491 734 1557 in
805 1487 1048 1558 fossam
1115 1512 1184 1558 se
1252 1491 1684 1579 praecipitem
1740 1488 1960 1571 dedit3
2028 1512 2107 1557 ac
2169 1512 2317 1581 per·

55 1601 333 1674 fractis
381 1606 691 1674 omnibus
736 1606 1053 1674 membris
1100 1609 1332 1673 misere
1377 1609 1591 1674 vitam
1638 1604 1882 1672 finivit.
1931 1606 2037 1673 Ita
2084 1604 2312 1673 Passe-

63 1724 292 1790 rinus
338 1721 576 1790 Castro
620 1722 1019 1790 Arianorum
1091 1724 1384 1812 potitus,
1435 1720 1609 1789 illud
1667 1720 1969 1790 Guidoni
2036 1720 2314 1789 Rodelio

65 1840 466 1906 commisit.
517 1837 777 1906 Verum
822 1862 957 1907 non
1019 1837 1242 1906 multo
1301 1851 1450 1928 post
1493 1836 1721 1905 Guido
1767 1835 2016 1904 Savina
2056 1836 2320 1905 Follea-

73 1975 260 2034 nun,
289 1956 619 2043 corruptis
648 1953 1060 2045 quibusdam
1107 1952 1362 2033 incolis,
1396 1976 1512 2042 per
1542 1952 1983 2043 proditionem
2022 1966 2314 2020 castrum

73 2067 442 2136 obtinuin
501 2068 626 2135 Rei
674 2072 919 2137 nuncio
970 2080 1253 2159 accepto
1297 2068 1650 2156 Regienses
1672 2119 1694 2150 ‚
1738 2080 1820 2141 ut
1864 2079 2172 2157 optatum
2219 2067 2316 2136 lo-
2392 2070 2409 2088 “

75 2205 256 2251 cnm
330 2186 699 2274 reciperent
719 2234 741 2265 ‚
810 2181 1137 2251 Praefecti
1204 2182 1540 2251 Pontificii
1616 2185 2018 2252 auctoritate
2082 2183 2316 2252 habito

79 2298 412 2367 militum
479 2298 781 2381 delectu,
852 2325 931 2369 eo
1004 2299 1558 2390 proficiscuntur-3
1630 2303 1983 2390 primoque
2057 2302 2317 2390 impetu

81 2415 462 2485 moenibus
505 2415 770 2498 dirutis,
819 2416 1095 2491 tandem
1142 2416 1534 2498 castellum,
1578 2441 1715 2506 quo
1760 2419 1948 2484 annis
2001 2429 2151 2485 octo
2211 2439 2319 2483 ca-

83 2545 401 2615 ruerant,
444 2537 619 2601 intra
665 2558 910 2625 paucos
953 2534 1093 2602 dies
1137 2533 1540 2602 habuerunt.
1587 2536 1711 2602 Per
1754 2558 1866 2602 eos
1913 2533 2054 2601 dies
2085 2534 2318 2603 Ludo-

83 2654 290 2718 vicus
355 2651 652 2718 Bavarus
722 2651 1094 2741 Imperator
1160 2651 1245 2718 ad
1311 2651 1802 2741 impugnandos
1852 2648 2233 2719 Pontificius
2280 2673 2321 2716 a

86 2765 447 2835 Galleatio
491 2770 564 2833 in
609 2767 877 2835 Italiam
926 2780 1202 2836 vocatus
1260 2767 1552 2835 calendis
1611 2769 1786 2854 junii
1833 2770 1903 2833 in
1949 2767 2109 2833 Divi
2154 2766 2319 2832 Am·

93 2882 320 2951 brosii
382 2881 640 2972 templo
709 2907 750 2950 a
821 2884 1334 2953 Bartholomaeo
1401 2883 1832 2974 Eporediensi
1899 2882 2319 2972 Regiensium

97 2998 449 3090 Episcopo
472 3050 493 3080 ,
561 3012 634 3067 et
698 3000 830 3071 alio
899 3002 1217 3069 Brixiano
1284 3000 1639 3092 Pasquali,
1708 2999 1891 3089 quod
1958 2997 2319 3066 Mediolani

93 3114 384 3184 Praesul
446 3115 784 3198 exularet,
830 3118 962 3187 hoc
1009 3122 1144 3184 ritu
1192 3117 1469 3185 ferream
1518 3140 1825 3187 coronam
1874 3096 2152 3205 accepit.
2200 3113 2321 3184 So-

95 3230 313 3298 lemni
381 3254 657 3322 precum
725 3224 1117 3302 recitatione
1179 3233 1448 3302 Caesari
1518 3247 1740 3302 noster
1783 3234 2080 3300 Antistes
2149 3231 2321 3298 bene

97 3360 417 3438 precatus
477 3351 838 3438 pretiosum
897 3348 1226 3418 annulum
1275 3350 1419 3439 ejus
1466 3351 1778 3417 dexterae
1822 3371 2062 3415 manus
2108 3348 2319 3437 digito

97 3468 396 3536 minimo
435 3468 744 3555 proximo
790 3467 1074 3550 indidit,
1120 3492 1284 3537 mox
1328 3468 1513 3537 nudo
1556 3466 1790 3557 gladio
1848 3477 2147 3557 porrecto
2193 3463 2323 3533 fer-

103 3607 290 3651 ream
336 3608 652 3652 coronam
696 3589 901 3676 capiti
948 3589 1307 3676 imposuit3
1340 3585 1650 3667 demum,
1687 3588 1870 3676 virga
1911 3608 2030 3674 pro
2064 3595 2323 3672 sceptro
2386 3648 2401 3659 ,

103 3712 451 3791 porrecta,
496 3714 811 3770 auratum
856 3702 1152 3785 malum,
1198 3703 1374 3794 quod
1422 3703 1604 3771 orbis
1650 3700 2074 3772 monarchiae
2127 3722 2322 3788 argu-

111 3829 425 3885 mentum
471 3830 640 3899 erat,
707 3820 777 3886 in
843 3822 1104 3887 sinistra
1150 3842 1360 3886 manu
1405 3818 1675 3887 locavit.
1734 3817 1865 3884 Sed
1910 3816 2084 3883 hanc
2126 3814 2324 3881 laeti-

114 3936 280 4001 tiam
357 3938 563 4003 tristis
638 3940 859 4004 exitus
923 3938 1377 4027 perturbavit.
1455 3934 1807 4027 Siquidem
1878 3936 2109 4024 paucis
2177 3942 2330 4023 post

115 4049 349 4119 diebus
397 4055 656 4134 evenit,
700 4066 778 4121 ut
825 4055 1038 4123 minor
1081 4053 1416 4121 Galleacii
1447 4053 1882 4125 vicecomitis
1928 4049 2153 4132 frater,
2203 4051 2323 4139 qui

119 4168 294 4259 apud
328 4167 681 4239 Caesarem
727 4172 1076 4262 pincernae
1122 4167 1339 4242 officio
1384 4168 1817 4264 fungebatur,
1859 4169 2094 4237 vinum
2141 4187 2327 4257 prae-
