2950 5017
990 423 1187 469 meaa
1213 424 1526 478 ‚quimus
2118 406 2127 415 ’
2225 413 2369 503 379.

31 550 164 606 ut
233 545 336 611 in
385 543 556 612 urbe
598 567 755 612 cum
801 546 1097 612 exercitu
1152 568 1289 612 esse
1344 558 1596 636 posset,
1639 548 1751 614 sed
1794 529 2193 639 prohibente
2248 551 2356 639 ju-

29 674 419 730 ventute
466 676 657 732 extra
703 665 1462 750 moeniacastrametari
1508 678 1778 734 coactus
1822 671 2205 737 amoeniora
2243 692 2360 737 su·-

29 774 379 845 hux-bia
410 802 570 846 cum
603 777 781 848 villis
811 779 1208 854 devastavit.
1256 783 1377 849 His
1422 782 1624 849 aliam
1671 782 2129 864 calamitatem
2161 788 2360 876 quin-

30 918 239 984 que
295 897 776 988 campicajani
819 898 1136 989 oppidani
1182 900 1628 984 addiderunt3
1674 906 1794 992 qui
1842 901 2184 972 frumenta
2232 928 2359 973 un-

31 1014 338 1105 dique
385 1015 722 1107 populati,
767 1019 970 1085 etiam
1017 1018 1185 1085 illud
1232 1020 1554 1111 oppidum
1601 1022 1925 1111 prodituri
1974 1035 2202 1105 erant3
2240 1023 2353 1092 sed

43 1156 150 1198 re
221 1132 518 1201 detecta
562 1133 1013 1223 comprehensi
1085 1135 1332 1227 laqueo
1395 1141 1608 1206 vitam
1678 1137 2020 1212 finierunt.
2065 1140 2179 1208 Ab
2224 1140 2357 1209 alia

45 1264 326 1338 parte
356 1251 608 1333 Roscii,
637 1264 705 1319 et
737 1251 990 1321 Torelli
1040 1255 1122 1321 ad
1171 1254 1496 1323 Sanctum
1547 1257 1838 1324 Paulum
1872 1255 2358 1327 ¹frumentarias

53 1366 350 1438 mola·
377 1367 694 1451 diruunt3
722 1368 836 1437 sed
866 1369 1101 1439 ineolis
1145 1371 1231 1439 ad
1274 1396 1393 1440 sua
1435 1372 1886 1443 conservanda
1929 1375 2356 1444 venientibus

57 1497 285 1555 octo
333 1488 710 1577 sagittarios
758 1489 1015 1577 equites
1071 1492 1471 1572 amiserunt,
1521 1503 1592 1560 et
1637 1515 1805 1581 quos
1850 1489 2149 1560 fecerant
2204 1515 2361 1583 cap-

67 1604 306 1671 tivos
337 1602 680 1672 dimittere
709 1607 926 1674 eoacti
972 1618 1153 1674 sunt.
1199 1603 1451 1675 Contra
1484 1605 1740 1677 Sfortia
1771 1611 2027 1699 ingenti
2060 1608 2355 1678 hostium

73 1730 352 1810 strage
401 1717 607 1803 facta,
636 1724 932 1813 Argenta
963 1721 1248 1812 Regium
1294 1748 1448 1792 cum
1500 1728 1734 1813 copiis,
1767 1725 2014 1794 deinde
2044 1726 2358 1795 Parmam

75 1834 482 1927 profectus
522 1851 645 1908 est.
693 1838 1014 1908 Hercules
1057 1844 1175 1931 qui
1247 1840 1451 1931 vulgo
1519 1841 1759 1909 obiisse
1825 1854 1947 1908 aut
2014 1844 2363 1911 insaniisse

79 1954 551 2036 credebatur,
594 1967 675 2022 ut
717 1955 1034 2042 injectam
1082 1960 1387 2025 omnium
1436 1960 1677 2026 animis
1720 1960 2102 2047 opinionem
2137 1959 2363 2026 discu-

89 2083 342 2153 teret,
386 2070 623 2140 lectica
665 2072 952 2162 Regium
999 2073 1266 2142 delatus
1303 2076 1674 2144 Antonium
1725 2075 2008 2143 Bebium
2056 2077 2355 2167 equitem

87 2190 422 2269 creavit,
470 2200 539 2256 et
581 2188 952 2258 Ferrariam
998 2190 1223 2258 rediit.

264 2303 457 2372 Inter
500 2304 666 2376 baec
708 2307 1236 2397 conspirantibus
1265 2320 1496 2374 contra
1527 2305 1819 2375 Venetos
1848 2309 2084 2376 ceteris
2115 2306 2357 2374 Italiae

95 2421 580 2513 Principibus,
624 2421 942 2494 Pontifex
986 2448 1288 2515 quoque,¹
1320 2426 1818 2507 ut‚Atestinu'm
1866 2450 1905 2493 a
1952 2424 2141 2494 bello
2186 2424 2359 2494 libe-

99 2551 350 2621 ras-et,
417 2542 489 2608 in
560 2531 708 2608 eam
756 2544 1142 2612 societatem
1192 2547 1404 2612 venit.
1447 2543 1762 2611 Comitiis
1806 2543 2208 2612 Cremonam
2257 2545 2361 2612 in·
2405 2629 2411 2635 θ

101 2657 334 2726 dictis
376 2679 459 2724 eo
502 2655 874 2727 cardinalis
920 2658 1332 2728 Mantuanus
1389 2683 1507 2747 pro
1565 2657 1925 2738 Pontifice,
1969 2657 2359 2747 Alphonsus

105 2772 487 2843 Calabriae
548 2773 748 2856 Dux,
802 2774 1184 2859 Ludovicus
1241 2773 1530 2854 Sfortia,
1596 2775 1998 2841 Laurentius
2065 2770 2361 2846 Medicas

108 2891 363 2962 cosmi
408 2890 612 2974 filius,
657 2892 974 2960 Hercules
1004 2894 1375 2972 Atestinus,
1419 2891 1706 2968 Ioannes
1750 2883 2169 2972 Bentivolus,
2211 2892 2363 2959 Fri·

113 3009 396 3076 dericus
428 2996 811 3100 Gonzsgus,
849 3022 924 3076 et
959 3006 1342 3095 Bonifacius
1372 3006 1704 3077 Gulielmi
1735 3008 2137 3078 Marchionis
2166 3009 2362 3079 Mon-

117 3124 452 3194 tisferrati
504 3123 705 3194 frater
748 3137 1225 3196 convenerunt.
1272 3125 1591 3215 Aragonii
1649 3148 1805 3193 cum
1866 3127 2359 3217 quinquaginta

120 3241 560 3325 triremibus,
599 3254 674 3312 et
725 3245 1031 3334 quinque
1076 3243 1391 3314 onerariis
1436 3240 1725 3312 navibus
1767 3265 1839 3310 se
1884 3243 2196 3312 Atestino
2240 3266 2361 3310 au·

117 3358 299 3430 xilio
341 3355 617 3428 futuros
659 3381 799 3430 esse
844 3361 1316 3449 promiserunt,
1359 3382 1440 3428 ac
1484 3370 1745 3454 statuto
1796 3371 2098 3450 tempore
2127 3361 2197 3428 in
2228 3358 2361 3430 Re.-

117 3475 511 3567 giensibus‚
556 3488 678 3543 aut
722 3475 1219 3545 Mutinensibus
1286 3488 1581 3566 quatuor
1647 3449 1863 3546 millia
1923 3490 1993 3544 et
2038 3475 2365 3568 quadrin-

119 3605 370 3685 gentos
412 3595 698 3685 equites,
742 3606 812 3661 et
856 3617 1099 3664 novem
1149 3593 1392 3662 millia
1412 3594 1719 3685 pediturn
1767 3594 2138 3664 habituros.
2188 3595 2363 3664 Her-

121 3709 324 3780 cules
353 3727 646 3801 quatuor
673 3709 888 3800 millia
932 3713 1240 3801 equitum
1290 3722 1361 3778 et
1408 3723 1511 3780 ter
1556 3710 1748 3778 mille
1782 3710 2032 3801 pedites
2062 3707 2363 3778 calendis

121 3830 296 3898 maii
366 3851 439 3896 se
501 3830 986 3898 instructurum
1049 3827 1387 3919 pollicitus
1445 3840 1574 3898 est.
1619 3828 1724 3896 Ad
1773 3827 1937 3898 belli
1983 3830 2361 3919 impensam

121 3944 288 4037 plus
332 3943 550 4012 decies
607 3957 887 4014 centena
954 3943 1171 4016 millia
1243 3967 1595 4016 aureorum
1664 3957 2006 4034 praesente
2073 3945 2361 4034 pecunia

122 4060 382 4130 collata
428 4057 640 4129 fuisse
684 4059 1015 4132 feruntur.
1070 4060 1322 4130 Soluto
1371 4073 1712 4130 conventu
1759 4062 2161 4155 Laurentius
2219 4060 2361 4126 Me-

127 4180 354 4263 dices,
407 4192 480 4247 et
535 4181 820 4258 Joannes
864 4179 1257 4251 Bentivolus
1302 4180 1639 4252 Cremona
1684 4179 1967 4270 Regium
2016 4180 2358 4248 venientes
