2950 5017
900 437 1099 486 trena
1145 437 1421 485 rannus
2128 441 2155 487 1
2168 424 2249 511 73

58 555 387 626 militibus
416 555 931 647 comprehensus
961 570 1031 625 et
1059 560 1294 626 misere
1324 557 1690 625 trucidatus
1717 568 1846 652 est.
1878 556 2249 627 Castellum

56 685 407 764 receptum
454 675 494 752 J
497 673 812 741 acobinus
873 673 1117 741 bellica
1157 674 1355 741 laude
1399 674 1615 740 clarus
1637 725 1657 755 ‚
1709 675 2107 763 reipublicae
2151 695 2253 742 re-

57 792 294 857 stituit.
344 790 515 857 Inde
559 789 941 858 Creveriam
991 789 1205 860 ductu
1282 793 1581 856 exercitu
1647 813 1733 856 ex
1776 801 1972 880 pacto
2015 789 2253 858 deden-

59 903 241 971 tibus
310 927 382 971 se
454 903 694 972 incolis
756 903 929 970 illud
973 918 1264 995 ’quoque
1308 903 1675 971 Castellum
1719 906 1803 972 in‘
1833 904 2252 995 Regiensium

59 1029 463 1108 potestatem
511 1042 732 1087 mense
776 1022 1041 1108 augusti
1083 1023 1248 1087 citra
1291 1023 1678 1109 sanguinem
1723 1014 1989 1109 redegit.
2038 1002 2253 1111 Supe-

65 1147 243 1202 rerat
295 1135 656 1225 Regiolum
721 1136 907 1226 quod
976 1159 1017 1202 a
1082 1135 1308 1203 Sessiis
1371 1136 1930 1205 Cremonensibus
1995 1140 2252 1226 pignori

69 1250 302 1317 datum
331 1249 558 1318 fuerat
591 1250 802 1319 tribus
846 1251 1145 1320 millibus
1172 1251 1498 1321 librarum
1530 1251 1991 1342 Regiensium,
2019 1258 2256 1342 quinto

73 1366 214 1433 idus
252 1366 621 1434 decembris
664 1380 763 1435 est
805 1371 1229 1450 restitutum,
1272 1368 1357 1435 de
1402 1392 1575 1458 quo,
1622 1380 1704 1434 ut
1747 1367 1868 1434 alii·
1924 1368 2256 1451 scribunt,

77 1483 509 1572 expugnando
555 1483 675 1549 diu
741 1486 814 1550 in
877 1487 1063 1551 curia
1130 1496 1229 1552 est
1295 1487 1659 1574 agitatum.
1707 1483 1839 1551 Sed
1887 1508 2044 1551 cum
2089 1485 2257 1553 haec

78 1623 243 1667 nova
288 1623 443 1667 cum
489 1599 1047 1669 Cremonensibus
1107 1603 1372 1691 gerendi
1426 1602 1593 1668 belli
1653 1625 1854 1668 causa
1898 1625 2034 1668 esse
2076 1602 2259 1668 vide-
2336 1651 2341 1656 -

81 1727 291 1797 retur,
332 1716 710 1784 maluerunt
754 1715 1097 1785 Senatores
1157 1721 1437 1807 pecunia
1489 1742 1700 1808 quam
1739 1718 1933 1785 Sessii
1980 1742 2258 1808 accepe-

84 1842 257 1911 rant,
283 1830 821 1899 Cremonensibus
849 1844 1296 1921 praesentata,
1327 1834 1649 1923 oppidum
1682 1845 1915 1923 pacate
1944 1837 2256 1923 recipere,

86 1971 280 2036 quam
311 1948 511 2017 dnbio
554 1948 735 2018 bello
783 1972 924 2016 rem
968 1953 1408 2017 committere.
1455 1951 1554 2018 Re
1596 1954 1802 2040 igitur
1845 1975 1960 2040 per
2002 1950 2257 2041 legatos

85 2085 371 2152 prospere
415 2075 778 2146 transacta,
822 2078 891 2131 et
931 2068 1189 2154 integro
1235 2078 1508 2155 argento
1551 2065 1798 2150 soluto,
1828 2070 2064 2156 quinto
2093 2066 2259 2135 idus

87 2177 429 2246 decembris
457 2179 810 2268 Regiolum
857 2204 964 2261 ex,
987 2181 1163 2249 bona
1203 2181 1331 2249 fide
1374 2155 1885 2273 est·receptum.
1919 2181 2258 2272 Sequente

93 2316 252 2364 anno
292 2294 641 2366 Manfredo
687 2320 728 2363 a
771 2296 1021 2366 Saxolo
1065 2300 1372 2368 Praetore
1438 2302 1653 2389 primo
1726 2303 2026 2367 semestri
2051 2286 2261 2389 'Regii

88 2410 187 2494 jus
224 2410 517 2493 dicente,
561 2411 964 2481 Mutinenses
1029 2413 1457 2503 Regiensium
1527 2415 1781 2484 auxilio
1842 2415 2259 2483 Brandulum

91 2527 158 2592 vi
215 2539 660 2618 oppugnatum
727 2528 1092 2596 diruerunt.
1162 2531 1396 2599 Postea
1457 2531 1859 2621 Raymundo
1894 2530 2257 2601 *Torad‘ello

95 2639 498 2724 Provinciali,
543 2656 623 2711 ut
667 2648 862 2714 uxori
905 2645 1129 2714 Caroli
1198 2650 1592 2737 promissum
1647 2647 1905 2726 fuerat,
1951 2659 2261 2735 praetura

95 2751 374 2845 fungenti
438 2759 527 2825 de
602 2739 1058 2850 expugnandis
1123 2762 1383 2851 aliquot
1447 2761 1730 2829 castellis
1795 2784 1969 2850 quae
2033 2784 2260 2850 parere

101 2871 336 2939 civitati
359 2875 752 2943 recusabant
780 2875 1185 2944 demandata
1215 2879 1556 2966 provincia
1601 2881 1669 2944 vi
1711 2876 1960 2944 insoliti
2005 2875 2262 2967 frigoris

101 2986 401 3055 retardata
440 2986 604 3057 fuit.
645 2988 864 3059 Medio
906 2992 1083 3058 enim
1133 2990 1333 3081 aprili
1361 2994 1589 3079 ingens
1620 2993 1765 3070 nix,
1794 3014 1966 3080 quae
1995 2991 2261 3072 duobus

101 3097 316 3169 diebus
341 3106 517 3171 terris
548 3108 846 3173 tenacius
874 3107 1193 3187 inhaesit,
1224 3107 1620 3176 horrendam
1649 3106 1934 3173 hiemem
1968 3107 2263 3188 reduxit,

103 3228 165 3283 et
200 3222 408 3290 vineas
453 3244 685 3290 omnes
730 3224 1039 3313 perdidit.
1088 3224 1270 3292 Cum
1314 3227 1604 3315 primum
1672 3248 1824 3293 vero
1891 3248 1962 3292 se
2027 3227 2261 3292 mitius

102 3332 336 3403 coelum
393 3338 681 3406 ostendit
724 3339 812 3405 ad
858 3339 1376 3429 expugnandum
1426 3340 1830 3429 Piccigolum
1890 3352 1990 3407 est
2048 3343 2258 3421 itum,

108 3469 224 3536 quo
263 3455 326 3519 vi
366 3465 599 3547 capto,
628 3477 750 3522 arx
776 3478 1047 3545 quoque
1090 3456 1549 3525 munitissima‘
1580 3459 1947 3546 expugnari
1990 3469 2259 3547 coepta,

105 3565 200 3632 sed
237 3581 485 3640 nostros
550 3573 798 3662 ingredi
869 3585 1204 3642 tentantes
1269 3573 1490 3642 hostes
1555 3572 1912 3664 sulphureo
1956 3576 2138 3664 igne,
2189 3584 2260 3641 et

108 3684 428 3754 missilibus
473 3679 751 3756 viriliter
794 3688 1191 3775 rejecerunt.
1235 3689 1539 3758 Tandem
1581 3693 1791 3758 muris
1836 3692 2038 3765 ariete
2066 3712 2261 3780 quas·

107 3800 272 3881 ntis,
306 3803 563 3891 incolae
605 3826 673 3872 se
701 3804 1068 3887 dederunt,
1115 3819 1184 3874 et
1244 3805 1434 3876 locus
1500 3806 1641 3875 solo
1707 3819 2030 3897 aequatus
2096 3803 2259 3874 fuit.

113 3908 249 3981 Inde
273 3916 573 3988 Teanum
602 3925 902 3990 exercitu
932 3921 1136 3991 ducto
1154 3973 1175 4004 ,
1206 3922 1375 3991 illud
1406 3917 1676 4015 quoque
1720 3934 1994 4015 captum
2040 3933 2261 3994 totum

117 4022 284 4116 furo,
320 4047 389 4104 et
431 4038 586 4129 igne
634 4051 733 4107 est
775 4037 1213 4110 devastatum.
