2950 5017
640 395 772 463 216
1383 412 1621 460 annun
1661 413 2079 461 nominum

640 547 842 624 aeque
881 535 952 600 in
983 530 1160 599 Antii
1206 532 1487 622 gratiam
1531 508 1775 622 reoep'ri
1818 535 2277 600 restituuntur.
2323 530 2465 601 sod
2509 555 2668 601 eum
2713 538 2835 602 in-

636 650 920 719 domitos
969 647 1478 734 conjunctarum
1546 650 1836 737 partium
1900 650 2155 718 animos
2217 648 2452 717 Aetius
2509 652 2830 732 timeret,

634 768 985 855 minusque
1027 774 1216 831 tutus
1261 761 1478 830 adhue
1521 764 1593 829 in
1637 760 1867 831 infima
1896 787 2045 831 arce
2072 786 2140 831 se
2169 766 2562 847 contineret,
2594 789 2831 833 mense

638 881 964 951 februario
1007 878 1211 947 aliam
1255 878 1338 945 ad
1382 877 1455 947 S.
1503 879 1684 946 Petri
1742 890 2002 970 portam
2053 877 2398 971 profundis
2439 879 2639 950 fossis
2682 886 2835 950 oin-

635 1010 817 1066 otam
857 996 1283 1087 turribusque
1329 994 1634 1086 pluribus
1698 1000 2034 1065 ‘munitam
2099 1020 2321 1064 arcem
2338 1048 2359 1079 ,
2425 997 2546 1064 ubi
2578 1077 2587 1085 ἱ
2620 1011 2827 1066 antea

634 1119 839 1185 otiam
882 1112 1319 1183 fundamenta
1373 1113 1554 1198 jaota
1613 1125 1834 1195 erant,
1890 1111 2299 1196 aedificavit3
2351 1137 2525 1206 qnae
2582 1130 2827 1206 postea

637 1258 680 1302 a
725 1231 997 1325 populo,
1040 1243 1121 1299 ut
1161 1229 1335 1299 infra
1376 1229 1784 1310 narrabitur,
1829 1231 2052 1299 diruta
2092 1229 2250 1299 fuit.
2292 1231 2373 1299 In
2416 1230 2543 1300 hoo
2591 1256 2829 1301 rerum

633 1373 936 1419 successu
979 1348 1458 1419 Cremonenses·
1495 1369 1537 1413 a
1578 1345 1924 1416 Matthaeo
1967 1348 2209 1438 Magno
2251 1348 2660 1417 Vieeoomite
2713 1372 2831 1417 as-

634 1465 823 1535 siduo
867 1463 1045 1534 bello
1101 1466 1313 1531 attriti
1331 1515 1352 1546 ,
1395 1485 1553 1531 oum
1619 1484 1804 1552 aegre
1870 1486 2112 1532 nomen
2158 1462 2618 1553 Guelphorum
2667 1477 2834 1532 tue-

633 1594 900 1663 rentur,
953 1581 1266 1662 Aotium,
1307 1583 1428 1670 qui
1469 1576 1884 1646 infensissimi
1942 1577 2148 1647 hostis
2194 1581 2545 1669 impetum·
2587 1593 2832 1647 retun-

636 1698 847 1779 deret,
889 1697 1261 1787 Principem
1304 1696 1584 1786 eligunt.
1629 1695 1693 1761 Is
1736 1693 2048 1784 prudenti
2089 1694 2356 1764 oonsilio
2385 1698 2562 1786 prins
2590 1695 2828 1765 Bono-

635 1813 973 1881 niensibus
1016 1810 1402 1881 eonciliatns
1445 1821 1676 1900 postea
1701 1810 2020 1887 Ioannem
2049 1808 2493 1879 Marohionem
2534 1810 2831 1879 Montis-

634 1928 857 1999 ferrati
878 1981 897 2010 ‚
942 1929 1389 2019 Bergomates,
1430 1928 1865 1995 Dertonenses
1878 1974 1898 2007 ,
1942 1939 2013 1992 et
2052 1925 2491 1994 Vercellenses
2532 1930 2605 1993 in
2650 1927 2831 1994 belli
2946 1984 2948 1991 .

634 2047 1012 2112 societatem
1082 2044 1380 2110 adscivit.
1449 2022 1743 2109 Demum
1808 2044 2237 2131 septingentis
2299 2040 2641 2131 equitibus
2659 2092 2680 2121 ,
2745 2053 2831 2109 et

630 2160 936 2251 peditum
1005 2159 1302 2227 millibus
1371 2173 1658 2248 quatuor
1712 2157 2006 2227 collectis
2049 2158 2337 2248 Regium
2401 2158 2774 2246 ingreditur
2801 2185 2828 2240 3

631 2276 784 2343 inde
850 2299 1089 2365 paucos
1154 2286 1306 2365 post
1348 2273 1486 2341 dies
1530 2274 1930 2342 Cremonam
1995 2297 2155 2342 oum
2222 2273 2444 2343 valido
2510 2276 2831 2341 exercitu

631 2391 988 2483 profectus,
1037 2404 1116 2458 ut
1159 2391 1613 2460 Tioinensibus
1680 2391 1989 2459 adversus
2034 2391 2470 2460 Vioecomites
2535 2414 2833 2459 succur-

630 2521 835 2590 reret,
875 2531 1034 2576 suae
1078 2507 1231 2576 fidei
1295 2512 1676 2579 commissos
1742 2512 1917 2578 oives
1983 2512 2235 2598 egregie
2278 2505 2592 2575 defendit.
2648 2508 2846 2576 Mat-

629 2623 865 2692 thaeus
908 2627 1108 2692 tantis
1151 2626 1402 2694 viribus
1446 2628 1694 2714 impar,
1738 2647 1893 2691 oum
1937 2624 2132 2692 Aetio
2198 2646 2358 2713 paoe
2413 2626 2613 2704 inita,
2661 2624 2832 2710 ejus

626 2762 910 2807 sororem
938 2740 1302 2807 Beatrioem
1336 2764 1750 2830 quamquam
1796 2761 2029 2830 sponso
2074 2761 2317 2806 novem
2362 2742 2541 2806 annis
2579 2738 2826 2823 majo-

625 2879 768 2923 rem
809 2855 1148 2924 Galleacio
1215 2859 1650 2946 primogenito
1718 2859 1962 2946 nuptui
2030 2854 2301 2923 locavit.
2363 2857 2539 2922 Haeo
2600 2866 2828 2922 antea

625 2972 807 3042 Nino
852 2973 1088 3042 Pisano
1130 2972 1447 3040 Gallurae
1494 2977 1562 3039 in
1608 2971 1910 3041 Sardinia
1951 2972 2237 3061 Principi
2284 2972 2521 3062 opibus
2583 2969 2825 3038 elaris-

625 3090 791 3157 simo
834 3102 1051 3178 nupta
1099 3088 1340 3168 fuerat,
1385 3112 1561 3176 quae
1608 3092 1820 3177 priore
1863 3092 2006 3159 viro
2051 3084 2363 3156 defuncto
2407 3090 2475 3153 in
2519 3087 2823 3178 splendi-

623 3201 957 3283 dissimam
1029 3202 1514 3269 Vioeoomitum
1580 3199 1907 3268 familiam
1975 3201 2320 3284 traducta,
2389 3215 2472 3269 ut
2537 3205 2817 3291 nuptias

625 3317 1021 3397 celebraret,
1089 3317 1421 3383 Mutinam
1496 3320 1697 3384 venit.
1766 3316 1868 3385 Eo
1918 3341 2184 3410 quoque
2226 3318 2603 3386 Galleacius
2645 3342 2817 3386 oum

623 3430 1144 3523 splendidissimo
1206 3436 1529 3501 comitatu
1597 3446 1667 3499 et
1733 3433 2033 3502 ducentis
2099 3436 2433 3504 nobilibus
2498 3438 2817 3525 stipatus,

620 3549 788 3639 quo's
831 3549 1329 3617 versicoloribus
1360 3549 1657 3616 vestibus
1689 3548 2206 3618 Mediolanenses
2248 3574 2370 3619 suo
2420 3575 2570 3617 aere
2615 3574 2821 3619 exor-

620 3679 970 3746 naverant,
1012 3666 1475 3755 quadrigisque
1528 3665 1760 3734 nobili·
1809 3677 1987 3734 teoto
2032 3666 2390 3748 divitibus,
2434 3677 2505 3731 et
2555 3689 2814 3757 pompa

619 3785 852 3871 insigni
896 3806 971 3847 xr
1016 3781 1320 3849 calendas
1347 3782 1502 3868 julii
1535 3781 1865 3872 profectus
1914 3795 2037 3852 est.
2085 3762 2417 3872 Sponsum
2463 3782 2817 3851 osculatus

619 3896 850 3962 Aetius
895 3911 962 3964 et
1009 3921 1206 3965 aureo
1249 3897 1522 3965 baltheo
1586 3922 1703 3988 pro
1759 3922 1944 3967 more
1987 3898 2313 3967 donatum
2369 3901 2658 3988 equestri
2709 3897 2816 3963 di-

618 4017 868 4102 gnitate
938 4015 1339 4083 honestavit.
1385 4016 1549 4083 Mox
1590 4016 1905 4102 juvenem
1972 4015 2250 4084 comiter
2317 4015 2811 4106 apprehensum

612 4127 893 4199 Beatrioi
938 4132 1004 4197 in
1050 4129 1328 4197 sublimi
1366 4134 1671 4222 regioque
1701 4130 1866 4202 solio
1906 4130 2158 4200 sedenti
2202 4129 2480 4202 obtulit.
2528 4129 2810 4203 Gallen-
