2950 5017
782 413 868 480 30
1520 433 1758 478 usuum
1798 433 2215 479 airammum

779 551 1121 620 laboribus
1148 554 1483 643 quaesitas
1513 552 1720 621 dubio
1748 576 1969 621 rursus
2000 552 2243 643 praelio
2272 551 2478 620 velint
2504 556 2879 622 committe

783 671 996 757 primo
1038 671 1319 757 patriam
1372 669 1790 760 repetendam
1821 668 2078 750 suadet,
2109 682 2186 735 ut
2216 669 2311 735 ibi
2343 669 2879 759 impedimentis

785 787 958 853 lictis
1002 784 1435 874 expeditiores
1491 798 1714 875 postea
1769 786 2074 852 adversus
2118 785 2450 854 Romanos
2517 800 2879 854 revertant

778 902 1071 972 Consilio
1118 902 1203 969 ab
1247 902 1560 969 omnibus
1603 901 1907 990 probato,
1954 916 2108 969 ante
2152 902 2369 969 lucem
2415 902 2671 991 praeda
2723 927 2879 971 onu

777 1043 893 1110 per
936 1016 1125 1085 inferi
1171 1020 1365 1083 maris
1407 1016 1598 1084 littus
1627 1015 1921 1084 Galliam
1955 1029 2284 1107 repetunt.
2309 1015 2629 1085 AEmilius
2659 1042 2879 1108 recep

777 1158 951 1225 quae
995 1137 1064 1200 in
1106 1132 1345 1202 collem
1392 1130 1851 1223 confugerant,
1896 1136 2100 1222 copiis
2136 1132 2520 1223 confligendi
2550 1136 2879 1202 occasion

774 1261 1265 1339 expectaturus,
1319 1248 1579 1315 hostem
1645 1250 2041 1337 insequitur.
2112 1247 2363 1317 Eodem
2432 1247 2604 1318 forte
2664 1263 2878 1339 temp

776 1366 857 1434 C.
903 1364 1181 1433 Attilius
1227 1363 1395 1431 alter
1439 1363 1697 1432 Consul
1739 1388 1823 1430 ex
1868 1363 2174 1432 Sardinia
2228 1389 2387 1433 cum
2438 1368 2743 1432 exercitu
2789 1366 2878 1431 Pi

775 1478 1136 1570 profectus,
1182 1481 1493 1568 expositis
1537 1483 1606 1545 in
1654 1491 1891 1545 terram
1922 1482 2122 1569 copiis
2149 1481 2432 1547 Romam
2464 1484 2713 1559 iturus,
2749 1480 2879 1546 Ga]

771 1595 950 1685 apud
992 1594 1303 1662 Aretium
1349 1596 1657 1662 occurrit.
1705 1593 1812 1661 Ex
1857 1595 2263 1685 quibusdam
2308 1599 2611 1686 captivis,
2660 1596 2879 1664 hostir

770 1718 925 1794 iter,
969 1724 1038 1782 et
1080 1710 1428 1779 AEmilium
1474 1735 1645 1801 pone
1691 1715 1878 1801 sequi
1925 1713 2138 1781 audit.
2183 1713 2423 1803 Itaque
2467 1716 2698 1779 statim
2734 1714 2823 1780 ad
2873 1739 2879 1779 :

771 1827 1228 1895 ter-eludendos
1276 1825 1506 1895 Gallos
1547 1825 1913 1916 legionibus
1942 1850 2060 1916 per
2091 1825 2582 1896 anfractuosum
2614 1830 2879 1895 tramit<

767 1946 1155 2034 praemissis,
1177 1946 1316 2033 ipse
1346 1945 1812 2011 imminentem
1843 1943 2082 2013 collem
2113 1968 2272 2012 cum
2304 1948 2609 2036 equitatu
2634 1968 2879 2035 occupz

766 2059 970 2138 Galli,
1013 2063 1131 2149 qui
1177 2058 1396 2125 Attilii
1441 2061 1805 2127 adventum
1859 2061 2286 2149 ignei-abant,
2340 2075 2420 2128 ut
2485 2058 2879 2150 praecedent

764 2180 985 2267 copias
1029 2177 1362 2256 viderunt,
1393 2180 1608 2266 primo
1638 2174 1988 2244 AEmilium
2021 2189 2216 2245 nocte
2245 2200 2403 2243 cum
2424 2180 2734 2268 equitatu
2765 2201 2879 2267 pra

767 2296 1025 2359 cessisse
1067 2294 1566 2373 existimarunt3
1620 2292 1730 2359 sed
1798 2315 1868 2359 re
1934 2306 2160 2381 postea
2226 2316 2313 2359 ex
2378 2296 2656 2382 captivis
2706 2296 2873 2360 certi

764 2420 1122 2497 comperta,
1167 2432 1234 2476 se
1277 2407 1669 2475 interclusos
1710 2420 2049 2476 cernentes
2081 2432 2119 2474 a
2152 2406 2366 2477 fronte
2396 2422 2464 2474 et
2496 2420 2704 2497 tergo,
2736 2412 2878 2475 acie

766 2527 1127 2604 instruunt,
1172 2523 1463 2590 Gessatis
1509 2535 1578 2589 et
1620 2524 2013 2590 Insubribus
2077 2522 2373 2603 AEmilio,
2441 2523 2748 2590 Taurinis
2791 2547 2876 2592 ve

765 2651 834 2705 et
876 2639 1026 2711 Bois
1068 2644 1239 2707 circa
1282 2640 1540 2706 Padum
1585 2639 2053 2707 habitantibus
2097 2639 2339 2706 Attilio
2373 2642 2713 2728 oppositis,
2743 2663 2877 2706 cur1

763 2756 1022 2846 busque
1051 2778 1207 2822 cum
1238 2756 1729 2846 impedimentis
1762 2768 1954 2823 extra·
1981 2757 2190 2822 aciem
2220 2755 2591 2835 collocatis,
2621 2755 2877 2845 reliqua:

763 2875 1071 2963 praedam
1119 2898 1274 2941 cum
1321 2897 1647 2963 equorum
1695 2874 2010 2963 praesidio
2053 2876 2123 2940 in
2173 2875 2475 2962 proximo
2533 2872 2696 2941 colle
2740 2897 2877 2963 exp«

760 3003 955 3057 nunt.
1001 2988 1340 3072 AEmilius,
1409 2994 1528 3080 qui
1590 2994 1795 3058 socios
1853 2994 2105 3058 venisse
2168 2989 2465 3056 nondum
2521 3011 2876 3078 cognovere

761 3117 844 3171 ut
887 3128 975 3172 ex
1018 3105 1306 3172 clamore
1349 3128 1620 3172 suorum
1676 3119 1743 3170 et
1797 3108 1992 3171 armis
2042 3117 2378 3172 certamen
2433 3104 2757 3194 intelligit,
2811 3129 2874 3171 m

760 3218 1013 3301 litibus,
1057 3222 1177 3307 qui
1222 3221 1291 3285 in
1335 3217 1507 3285 colle
1548 3223 1788 3284 servati
1844 3216 2131 3298 fuerant,
2183 3220 2474 3289 subsidio
2529 3223 2746 3300 missis,
2790 3225 2875 3309 ips

761 3360 801 3402 a
846 3345 1026 3422 tergo
1071 3334 1286 3401 hostes
1332 3334 1796 3399 circumvenit.
1827 3333 1975 3401 Boii
2004 3333 2317 3402 Insubres
2349 3339 2558 3403 aureis
2590 3338 2875 3426 torquibn

761 3461 830 3515 et
874 3451 1141 3537 virgatis
1184 3472 1343 3515 auro
1387 3447 1631 3537 sagulis
1675 3446 2005 3537 fulgentes
2050 3452 2221 3516 inter
2263 3473 2491 3518 omnes
2533 3453 2801 3540 insignes
2842 3474 2874 3517 s

761 3565 1212 3634 ostendebant.
1260 3564 1515 3631 Verum
1563 3564 1876 3633 Gessatae
1920 3566 2083 3632 nudi
2128 3578 2286 3634 ante
2316 3570 2526 3634 aciem
2550 3589 2693 3634 cum
2725 3569 2875 3634 armi

760 3695 1128 3774 pugnantes
1172 3681 1577 3751 horrendam
1624 3694 1896 3773 aspectu
1941 3706 2235 3774 pugnam
2291 3681 2636 3751 faciebant.
2678 3683 2873 3750 Tanti]

762 3823 919 3867 vero
962 3813 1107 3865 erat
1148 3798 1571 3868 classicorum
1616 3802 1894 3881 sonitus,
1947 3800 2191 3890 quibus
2244 3802 2548 3867 universa
2588 3798 2873 3867 Gallorur

760 3914 1127 3984 multitudo
1171 3915 1509 3984 dissonum
1555 3903 1912 3986 clamorem
1955 3919 2129 3983 inter
2156 3914 2568 3983 inconditum
2598 3914 2873 3981 ululatur

762 4030 1143 4112 attollebat,
1185 4043 1266 4098 ut
1310 4035 1537 4099 omnia
1566 4034 1871 4121 proxima
1898 4030 2049 4098 loca
2078 4028 2359 4098 terrifico
2387 4032 2603 4097 sonitu
2634 4029 2873 4117 undiqu·

759 4149 1400 4240 circumstreperent.
1480 4149 1728 4237 Aspera
1799 4150 1869 4214 in
1945 4145 2175 4235 primis
2241 4146 2326 4213 ad
2400 4143 2631 4214 collem
2697 4166 2872 4235 pugn:
