2950 5017
659 387 792 454 250
1395 402 1635 449 nulum
1677 403 2095 450 Momm

658 522 969 616 publicae
996 521 1478 592 detrimentum
1522 545 1808 593 crescere
1849 524 2240 614 conspicati,
2271 522 2543 593 castella
2582 524 2683 593 ab
2714 527 2879 617 ipsis
2938 594 2939 597 ,

659 643 925 709 munita
981 660 1358 729 expugnare
1400 637 1865 708 decreverunt.
1922 639 2299 710 Salvonum
2354 642 2595 731 itaque
2656 641 2879 712 dueta

656 758 986 837 exercitu,
1023 754 1256 824 locum
1301 753 1665 845 multiplici
1706 757 1847 822 acie
1890 756 2104 826 adorti
2159 758 2374 846 primo
2420 759 2707 847 impetu
2764 781 2877 828 oa·

656 876 877 965 piunt.
920 873 960 950 J
961 895 1246 942 oannem
1292 884 1363 940 et
1405 870 1792 963 Bertescum
1862 872 1959 939 ibi
2024 874 2356 954 inventos,
2399 876 2873 965 revinctiaque

552 999 560 1008 '
656 1001 807 1081 post
838 1000 1018 1079 terga
1046 988 1388 1070 manibus,
1415 987 1707 1077 Regium
1736 987 1971 1057 ductos
2000 990 2071 1057 in
2101 1011 2424 1058 carcerem
2454 988 2865 1077 conjiciunt.
2940 970 2941 975 ἵ

655 1104 949 1191 Baisium
965 1155 988 1186 ,
1031 1103 1151 1172 ubi
1203 1104 1487 1194 degebat
1526 1102 1970 1173 Bernardinus
2012 1104 2434 1194 Praepositus
2453 1153 2476 1186 ,
2517 1129 2701 1174 mox
2751 1130 2864 1198 op·

655 1220 1085 1312 pugnandum
1133 1230 1312 1300 erat3
1356 1218 1471 1286 sed
1502 1218 1687 1310 quod
1715 1216 2050 1288 difficilior
2093 1217 2257 1287 haec
2300 1219 2644 1310 expeditio
2676 1222 2865 1291 vide·

654 1347 861 1418 retur,
905 1336 1085 1405 vallo
1151 1337 1251 1403 ibi
1319 1359 1474 1403 cum
1524 1336 1844 1427 praesidio
1890 1337 2175 1417 munito,
2229 1335 2519 1427 populus
2563 1337 2860 1409 domum

652 1455 1023 1520 revertitur.
1067 1452 1343 1520 Interim
1388 1450 1703 1520 Castrum
1765 1462 1960 1519 vetus
2024 1475 2157 1518 non
2224 1450 2420 1542 longe
2460 1451 2724 1520 distans
2774 1453 2858 1522 ad

653 1569 1079 1640 continendos
1147 1571 1217 1636 in
1285 1566 1501 1637 officio
1548 1570 1795 1636 vicinos
1862 1567 2358 1637 restituebatur.
2402 1567 2857 1641 Bernardinus

654 1696 726 1753 et
768 1684 1176 1753 Rolandinus
1220 1684 1598 1763 Folleanus‚
1647 1687 1765 1774 qui
1810 1683 2105 1751 Baisium
2150 1684 2509 1765 tenebant,
2551 1685 2682 1751 ubi
2726 1684 2857 1755 boc

651 1826 818 1893 opus
862 1804 1171 1870 adversus
1215 1825 1284 1869 se
1327 1804 1543 1893 parari
1592 1800 2008 1890 intelligunt,
2033 1802 2198 1871 dum
2228 1799 2405 1869 fabri
2437 1804 2853 1871 munitiones

653 1915 1033 1999 aedificant,
1079 1943 1119 1985 a
1164 1918 1503 1986 Passerino
1551 1916 1947 1985 Bonacossio
2014 1917 2316 1985 Mutinae
2386 1929 2454 1984 et
2522 1917 2853 1991 Mantuae

650 2045 931 2124 tyranno
977 2035 1060 2100 ad
1105 2033 1546 2101 deturbandos
1578 2033 1800 2101 hostes
1831 2032 2158 2100 auxilium
2201 2046 2462 2123 petunt.
2510 2033 2578 2101 Is
2626 2058 2850 2103 rerum

649 2173 974 2220 novarum
1018 2151 1348 2218 studiosus
1396 2174 1475 2217 ae
1524 2173 1778 2239 semper
1827 2149 2212 2240 proferendo
2243 2153 2518 2241 imperio
2549 2153 2852 2220 intentus

649 2266 1077 2334 Franciscum
1105 2264 1321 2333 filium
1355 2268 1610 2355 magnis
1656 2269 1861 2354 copiis
1904 2269 2303 2334 instructum
2337 2290 2417 2337 eo
2450 2270 2699 2349 mittit,
2724 2272 2846 2358 qui

650 2407 846 2473 opere
889 2383 1185 2450 nondum
1220 2381 1517 2472 perfecto
1548 2386 2012 2473 superveniens
2043 2383 2218 2451 vallo
2247 2387 2514 2452 incenso
2549 2397 2848 2453 castrum

648 2497 845 2568 facile
889 2514 1207 2590 occupat:
1257 2500 1567 2568 omnibus
1621 2501 1804 2568 abire
1859 2504 2216 2590 permissis,
2260 2500 2435 2570 solos
2477 2501 2846 2571 Nicolaum

650 2629 722 2685 et
761 2618 1080 2695 Ioannem
1126 2618 1430 2684 Riccium
1477 2617 1826 2687 Folleanos
1872 2618 2270 2687 Bernardino
2330 2616 2626 2687 infensos
2688 2623 2852 2686 reti-

645 2744 789 2814 net,
832 2736 1218 2823 vinctosque
1261 2734 1564 2802 Mutinae
1607 2758 1873 2802 carcere
1915 2733 2232 2802 includit.
2301 2734 2647 2823 Regienses
2720 2736 2851 2802 ubi

645 2872 764 2940 spe
813 2872 936 2916 sua
980 2873 1048 2916 se
1093 2847 1445 2918 frustratos
1491 2850 1751 2927 vident,
1796 2848 2084 2917 Sarzano
2135 2852 2428 2930 incenso,
2471 2848 2605 2918 loci
2648 2849 2848 2919 ditio·-

643 2989 799 3034 nem
845 2965 1210 3046 Canussiis,
1280 2969 1402 3056 qui
1468 2944 1633 3034 tum*
1664 2966 1970 3033 Vectiani
2038 2965 2371 3054 degebant
2396 3017 2416 3047 ,
2488 2965 2846 3034 tradidere.

643 3083 757 3150 Ab
814 3082 947 3151 alia
1014 3097 1200 3172 parte
1243 3082 1444 3150 Sessii
1514 3107 1600 3150 ne
1668 3107 1877 3173 quam
1943 3082 2468 3152 ulciscendorum
2539 3083 2842 3152 hostium

645 3201 1062 3267 occasionem
1109 3201 1683 3287 praetermittant,
1726 3198 1891 3265 dum
1933 3198 2257 3267 Passerini
2303 3202 2534 3289 copiae
2580 3197 2841 3268 infestis

645 3317 844 3380 armis
886 3314 1170 3403 Regium
1215 3327 1497 3393 vexant,
1539 3312 1673 3381 illis
1715 3312 1970 3381 Canem
2025 3314 2433 3406 Scaligerum
2505 3316 2596 3383 ad
2667 3315 2844 3385 obsi-

645 3429 929 3497 dendam
989 3432 1275 3519 patriam
1341 3428 1789 3520 conjungunt:
1836 3433 2195 3522 capiendae
2240 3433 2422 3501 urbis
2465 3454 2658 3523 spem
2707 3457 2841 3499 ma·

645 3547 901 3612 ximam
961 3544 1212 3611 dabant
1257 3544 1761 3634 Mangiapanes,
1806 3557 1875 3614 et
1917 3549 2160 3629 Fossii‚
2203 3551 2323 3638 qui
2374 3550 2446 3614 in
2499 3547 2843 3616 suburbiis

646 3659 935 3729 Sanctae
980 3660 1245 3739 Crucis,
1294 3661 1411 3726 ubi
1460 3661 1890 3744 habitabant,
1934 3664 2267 3732 auxilium
2314 3661 2545 3731 Sessiis
2589 3667 2842 3754 promi-

647 3791 891 3845 serant.
934 3777 1035 3844 Re
1082 3774 1416 3867 patefacta
1461 3778 1855 3867 proditores,
1902 3780 2179 3848 aedibus
2246 3780 2335 3848 ab
2399 3781 2569 3846 irata
2639 3780 2842 3870 plebe

646 3895 952 3974 incensis,
982 3895 1375 3982 promeritas
1419 3892 1728 3982 perfidiae
1756 3919 1914 3963 suae
1945 3919 2188 3985 poenas
2218 3895 2568 3962 dederunt.
2601 3895 2841 3964 Hostes

650 4008 768 4074 ubi
812 4007 1076 4075 detecta
1119 4011 1600 4098 conspiratione
1647 4023 1876 4101 optata
1919 4035 2042 4102 ope
2086 4034 2154 4078 se
2197 4011 2546 4079 destitutos
2576 4010 2838 4092 vident,

644 4123 1122 4217 indignabundi
1171 4122 1401 4193 Sancti
1447 4123 1653 4207 Petri,
1696 4125 2011 4209 castelli,
2057 4127 2443 4212 Brenuonis‚
2487 4139 2557 4195 et
2602 4125 2831 4196 Sancti
