2950 5017
862 401 953 484 40
1132 379 1139 384 ’
1162 411 1168 418 ·
1607 414 1840 460 annuns
1883 413 2297 472 asormsrmu

862 562 1017 608 nem
1060 537 1354 606 Poenum
1384 532 1729 603 Amilcaris
1771 534 1988 601 filium
2031 533 2264 603 Gallos
2303 531 2755 602 sollicitantem

864 664 1092 721 motus
1138 651 1582 730 timebantur,
1624 649 1792 717 nihil
1837 661 2060 718 tamen
2114 637 2438 717 memoria
2490 648 2757 739 dignun

866 753 1034 836 fuit.
1089 768 1330 836 Liboni
1373 767 1469 835 M.
1514 765 1889 845 Cornelius,
1929 745 2051 856 qui
2108 767 2523 857 praecedenti
2578 788 2757 834 auno

866 883 1089 951 fuerat
1116 934 1136 964 ,
1202 887 1272 952 in
1337 883 1732 950 Ariminensi
1798 873 2154 956 Proconsul
2183 934 2203 962 ,
2247 869 2338 949 'et
2407 880 2528 972 Sp.
2599 883 2757 949 Luc]

866 998 1238 1083 Quintilius
1299 996 1515 1064 Varus
1574 988 1841 1065 Praetor
1893 995 2224 1064 successit.
2293 999 2383 1063 Hi
2447 996 2757 1083 conjunct

748 1117 753 1124 ’
863 1106 1108 1183 citibus
1151 1124 1519 1204 pugnantes
1563 1113 1911 1202 Magonem
1966 1116 2034 1180 in
2089 1135 2242 1202 agro
2285 1112 2709 1193 Insubrium,
2754 1145 2759 1172 ι

861 1230 1161 1297 millibus
1205 1231 1438 1308 caesis,
1484 1225 1826 1297 fuderunt.
1872 1227 2049 1295 Cum
2094 1250 2248 1295 vero
2294 1252 2392 1295 res
2421 1227 2759 1318 Carthagii

864 1347 1154 1416 maxime
1199 1344 1613 1423 laborarent,
1657 1367 1735 1411 eo
1781 1366 1933 1409 cum
1983 1342 2311 1410 Annibale
2365 1341 2567 1410 fratre
2622 1344 2708 1410 ad

859 1460 1339 1529 defendendam
1379 1470 1711 1539 revocato,
1742 1458 1963 1526 Gallia
1998 1459 2247 1527 Manlio
2284 1458 2515 1527 Sextio
2557 1459 2759 1527 Sabin

861 1581 986 1647 tori
1031 1588 1131 1644 est
1172 1553 1593 1642 demandata.
1640 1576 1899 1642 Interea
1943 1575 2118 1643 Boiis
2161 1578 2561 1644 incursiones
2616 1579 2684 1643 in
2745 1601 2761 1642 ε

858 1697 1114 1762 ciorum
1160 1692 1615 1760 Romanorum
1647 1689 2067 1770 facientibus,
2097 1692 2174 1760 P.
2206 1691 2435 1762 Aelius
2463 1692 2667 1759 Petus
2711 1709 2761 1759 et

859 1807 941 1875 C.
974 1809 1270 1897 Appium
1303 1830 1419 1897 per
1447 1806 1798 1873 Umbriam
1843 1830 2074 1895 agrum
2119 1806 2418 1875 hostium
2462 1807 2761 1876 invadere

856 1926 974 2012 qui
1018 1923 1182 1989 dum
1227 1905 1499 1990 incaute
1538 1920 2017 2003 frumentatur,
2063 1945 2218 1990 cum
2268 1935 2528 2010 septem,
2580 1922 2761 1989 milliss

855 2041 1039 2129 genti
1083 2037 1276 2104 clade
1321 2037 1641 2104 caeditur.
1687 2037 1963 2105 Caeteri·
1990 2062 2076 2104 ex
2119 2039 2410 2106 hostium
2468 2040 2763 2106 manibus

856 2178 969 2243 per
999 2152 1208 2220 saltus
1236 2155 1447 2222 invios
1474 2150 1797 2242 fugientes
1827 2153 1910 2218 ad
1939 2153 2276 2221 consulem
2308 2165 2763 2243 pervenerunt.

855 2271 938 2338 L.
985 2271 1191 2338 Furio
1237 2270 1639 2367 „Purpurioni
1705 2273 1772 2336 in
1839 2269 2131 2337 Galliam
2189 2273 2427 2351 misso,
2471 2273 2763 2360 quinque

853 2388 1182 2453 sociorum
1243 2386 1631 2453 Latinorum
1661 2435 1679 2466 ,
1723 2388 1840 2475 qui
1885 2384 2145 2452 Galliae
2206 2386 2525 2474 praesidio
2582 2409 2759 2453 essen

852 2523 1173 2567 concessa.
1228 2500 1521 2567 Amilcar
1549 2501 1838 2581 Poenus,
1869 2501 2168 2589 reliquus·
2191 2499 2275 2566 de
2304 2500 2687 2568 Asdrubalis
2723 2513 2765 2567 'e

853 2616 1033 2707 dux,
1080 2616 1296 2683 adhuc
1341 2622 1408 2684 in
1455 2617 1679 2688 Gallia
1721 2619 2139 2697 substiterat,
2169 2620 2289 2707 qui
2319 2641 2406 2684 ex
2433 2618 2632 2698 Boiis,
2662 2630 2765 2685 et«

850 2734 1067 2801 Gallis
1112 2735 1549 2825 quadraginta
1593 2735 1883 2801 millium
1930 2746 2332 2804 armatorum
2377 2734 2652 2803 collecto
2694 2760 2765 2802 ex

849 2852 1191 2938 repentino
1256 2853 1519 2940 impetu
1579 2849 1989 2917 Placentiam
2048 2852 2319 2916 invasit.
2373 2851 2652 2941 Direpta
2705 2875 2765 2917 ui

851 2989 1091 3055 magna
1116 2959 1232 3033 sex
1288 2978 1473 3057 parte
1516 2969 1775 3032 incensa
1822 2977 1900 3032 ut
1946 2968 2060 3031 vix
2105 2963 2242 3042 duo
2285 2966 2498 3032 millia
2542 2966 2765 3034 homin

851 3081 1116 3149 funesta
1161 3107 1239 3149 ea
1284 3086 1476 3150 ruina
1521 3084 1653 3148 sint
1695 3080 1919 3147 relicta
1943 3132 1961 3159 ‚
2015 3082 2287 3167 trajecto
2340 3060 2553 3162 Pado,
2595 3086 2765 3150 statii

847 3196 1114 3266 monam
1163 3199 1554 3287 aggreditur.
1601 3197 1847 3262 Lucius
1894 3198 2133 3262 Furius
2176 3198 2499 3286 Purpurio
2544 3214 2686 3266 tum
2730 3201 2765 3266 A

849 3339 1005 3381 cum
1034 3317 1338 3412 ⁸quinque
1368 3312 1669 3394 millibus
1697 3311 1889 3378 latini
1922 3315 2205 3382 nominis
2247 3316 2655 3396 subsidebat3
2683 3340 2765 3407 qu

848 3428 932 3494 ad
981 3440 1240 3494 tantam
1285 3432 1422 3494 vim
1470 3426 1819 3503 arcendam
1871 3422 2124 3517 exiguis
2190 3434 2394 3521 copiis
2460 3458 2591 3501 non
2654 3432 2765 3499 sufl

846 3542 978 3610 alio
1023 3530 1316 3642 exercitu
1360 3567 1400 3609 a
1444 3542 1529 3610 C.
1573 3543 1843 3609 Aurelio
1886 3527 2229 3631 Consule„
2251 3549 2369 3636 qui
2413 3529 2638 3614 Italiae
2681 3573 2765 3638 pr:

846 3671 1163 3747 accepto,
1187 3662 1440 3748 magnis
1486 3659 1830 3725 itineribus
1858 3659 2254 3730 Cremonam
2298 3663 2653 3732 contendit.
2699 3666 2765 3731 lh

843 3773 1148 3841 hostibus
1200 3774 1461 3863 praelio·
1489 3767 1832 3844 commisso
1887 3779 2148 3844 'tantam
2201 3801 2426 3845 eorum
2487 3791 2758 3868 stragem

843 3900 923 3953 ut
967 3911 1163 3977 supra
1209 3891 1476 3978 triginta
1506 3894 1800 3981 quinque
1847 3891 2057 3960 millia
2100 3916 2326 3973 caesa,
2370 3906 2686 3984 captaque
2729 3893 2765 3960 f

842 4013 911 4066 et
940 4003 1229 4070 Amilcar
1261 4004 1405 4070 dux
1433 4005 1761 4072 ceciderit.
1808 4005 2172 4073 Placentini
2203 4011 2449 4097 captivi
2495 4010 2575 4075 ad
2615 4009 2742 4078 duo

844 4117 1197 4187 liberorum
1254 4125 1549 4211 capitum
1596 4123 1828 4189 redditi
1873 4122 2144 4191 colonis.
2193 4107 2646 4214 Triumphauit
2696 4127 2765 4194 Pi
