2950 5017
696 400 821 469 170
1429 398 1667 443 numm
1710 398 2123 445 nzcmusmlu
2211 465 2215 472 ἱ

688 523 922 604 donec,
965 519 1158 587 Petri
1202 516 1491 587 Falconi
1536 532 1604 586 et
1644 519 1993 608 Peregrini
2040 522 2492 607 religiosorum
2538 519 2859 589 hominum

687 657 916 724 opem,
944 636 1254 702 induciae
1285 639 1356 700 in
1387 647 1522 702 tres
1564 656 1822 703 menses
1865 661 1911 701 a
1936 635 2130 724 festo
2159 634 2400 702 Sancti
2430 636 2633 706 Petri
2666 659 2858 726 usque

686 752 781 817 ad
823 749 1083 838 festum
1123 749 1365 816 Sancti
1408 749 1778 818 Michaelis
1829 749 2075 838 factae
2111 749 2313 838 fuere
2321 799 2346 832 ,
2392 773 2567 838 quas
2619 754 2858 819 demum
2908 809 2909 854 ἢ

686 864 900 932 Sessii
942 868 1230 932 nondum
1272 869 1507 954 elapsa
1549 868 1656 934 die
1683 865 2067 954 fregerunt.
2113 867 2208 932 At
2250 863 2621 933 Florentini
2643 916 2667 947 ‚
2717 890 2857 935 exu-
2908 863 2909 922 ἶ

685 977 832 1046 lum
875 979 1069 1049 bonis
1113 983 1500 1071 occupatis,
1541 980 1684 1067 jam
1730 979 2212 1070 opulentissimi
2264 977 2427 1062 facti
2480 980 2727 1049 multis
2766 1004 2856 1050 ve·

683 1095 923 1177 stibus,
947 1099 1451 1186 generosissimis
1485 1099 1709 1187 equis,
1739 1108 1808 1164 et
1838 1094 2251 1186 fulgentibus
2283 1097 2478 1164 armis
2508 1120 2579 1164 se
2608 1097 2854 1166 abunde

682 1212 1177 1295 instruxerunt,
1245 1236 1332 1279 ex
1392 1213 1645 1302 quibus
1697 1234 1854 1280 cccc
1918 1212 2329 1301 cataphracti
2381 1212 2508 1279 sub
2562 1211 2855 1282 Gnidum

684 1324 976 1410 Guerra,
1038 1341 1269 1420 postea
1334 1329 1575 1398 Carolo
1640 1329 2049 1419 Angolemo,
2101 1332 2221 1418 qui
2291 1328 2378 1397 ab
2440 1325 2731 1419 Urbano
2775 1328 2853 1397 lv
2910 1373 2911 1432 1

683 1442 977 1526 Siciliae,
1006 1446 1426 1537 Apuliaeque
1470 1471 1588 1514 rex
1631 1459 1892 1514 creatus
1936 1447 2246 1516 adversus
2277 1443 2711 1513 Manfredum
2741 1444 2857 1511 bel·

681 1558 829 1628 lum
872 1555 1171 1651 gestui-us
1204 1563 1541 1641 veniebat,
1573 1574 2018 1653 opportunam
2062 1585 2262 1651 opem
2308 1559 2637 1630 tulerunt.
2689 1561 2855 1627 Prius
2910 1563 2911 1578 ¹

687 1689 915 1746 autem
946 1677 1184 1747 Carolo
1227 1677 1433 1744 classe
1480 1678 1765 1745 Romam
1807 1673 2107 1767 profecto
2125 1727 2146 1757 ,
2174 1675 2558 1743 Guidonem
2600 1675 2857 1746 Montis·

682 1793 869 1865 fortis
934 1795 1304 1874 Comitem,
1357 1796 1480 1883 qui
1533 1816 1691 1862 cum
1749 1793 2059 1874 ‘millibus
2118 1803 2186 1860 et
2227 1795 2608 1882 quingentis
2654 1790 2854 1859 Gallis

681 1911 1021 2000 equitibus
1086 1934 1202 1998 per
1266 1909 1564 1980 Galliam
1608 1908 2015 1997 »cisalpinam
2082 1912 2155 1974 in
2225 1908 2583 1997 Regienses
2647 1904 2849 1975 Caroli

681 2008 960 2105 ux’orem
1006 2027 1321 2106 deduxit,
1362 2025 1703 2116 splendido
1748 2029 2074 2096 comitatu
2122 2038 2280 2093 sunt
2322 2028 2558 2093 secuti.
2604 2023 2710 2092 Ea
2751 2024 2855 2090 Be·

682 2145 944 2232 ringerii
1011 2143 1393 2210 Provinciae
1467 2143 1777 2231 principis
1845 2141 1983 2208 filia
2052 2139 2416 2231 profundae
2492 2140 2852 2209 ambitionis

683 2259 922 2326 mulier
949 2257 1108 2339 fuit,
1134 2282 1310 2347 quae
1353 2271 1483 2324 tres
1527 2270 1696 2325 natu
1739 2257 2113 2346 grandiores
2157 2265 2400 2326 sorores
2444 2256 2712 2346 regibus
2750 2277 2855 2321 nu-

684 2387 833 2465 ptas
876 2377 946 2442 in
1001 2375 1324 2442 conviviis
1381 2378 1796 2463 superiorem,
1840 2372 2066 2442 locum
2130 2385 2350 2440 tenere
2395 2375 2540 2461 pati
2584 2397 2718 2439 non
2758 2394 2854 2460 po-

684 2502 880 2572 terat,
909 2502 978 2557 et
1004 2513 1163 2556 cum
1193 2490 1279 2556 ab
1309 2488 1583 2558 Urbano
1609 2488 1709 2556 IV
1740 2489 2058 2558 Carolum
2107 2488 2414 2569 Siciliae,
2457 2488 2854 2577 Apuliaeque
2914 2521 2915 2554 ι

683 2632 902 2698 regem
931 2607 1341 2674 declaratum
1387 2631 1524 2674 esse
1568 2607 1966 2686 audivisset,
2010 2618 2090 2673 ut
2134 2629 2283 2674 vere
2327 2608 2556 2695 regina
2601 2604 2853 2672 salutari

682 2738 936 2817 posset,
974 2705 1082 2793 *ad
1141 2726 1690 2794 conscribendum
1755 2737 1985 2794 contra
2051 2721 2482 2791 Manfredum
2550 2722 2851 2799 militem,

682 2866 1009 2936 gemmas,
1059 2865 1331 2912 omnem
1375 2843 1662 2932 denique
1724 2855 2099 2930 argenteam
2151 2839 2640 2930 supellectilem
2681 2833 2849 2927 oppi-

682 2983 953 3049 gnorare
996 2951 1131 3029 non
1175 2960 1531 3028 dubitavit.
1577 2958 1735 3026 Idus
1779 2958 2141 3040 decembris
2173 2968 2360 3024 erant
2389 2979 2548 3022 cum
2582 2956 2848 3044 Regium

682 3079 894 3156 venit,
924 3075 1043 3142 ubi
1089 3098 1129 3140 a
1174 3075 1483 3142 Praetore
1512 3088 1581 3140 et
1610 3074 2096 3142 Decurionibus
2141 3069 2502 3140 honorifice
2549 3080 2854 3160 excepta,

625 3169 632 3174 ι
682 3204 752 3259 ‘et
795 3192 879 3258 ad
925 3192 1238 3258 antistitis
1282 3190 1612 3279 palatium
1654 3190 1938 3256 deducta
1983 3188 2151 3257 fuit.
2212 3191 2388 3256 Ante
2430 3188 2782 3256 discessum
2817 3207 2852 3249 a

684 3307 941 3392 civibus
982 3307 1367 3393 impetravit
1413 3317 1493 3370 ut
1535 3304 1974 3391 Raymundus
2006 3305 2393 3373 Toradellus
2424 3301 2850 3378 Provinciam,

683 3423 804 3510 qui
850 3444 893 3485 a
937 3422 1176 3487 marito
1223 3420 1509 3508 equestri
1553 3418 1879 3507 dignitate
1925 3434 2197 3488 ornatus
2236 3418 2484 3498 fuerat,
2514 3433 2670 3508 post
2695 3418 2854 3486 bien·

685 3538 876 3604 nium
906 3536 1092 3624 Regii
1123 3535 1393 3602 Praetor
1421 3534 1531 3620 jus
1559 3536 1829 3601 diceret.
1882 3536 2262 3604 Abeuntem
2307 3533 2676 3602 Florentini
2718 3553 2848 3600 cum

688 3650 1181 3740 quadringentis
1246 3652 1752 3737 generosissimis
1798 3654 2005 3740 equis·
2029 3649 2366 3740 splendide
2411 3650 2752 3730 instructi,
2792 3654 2857 3712 ut

688 3778 915 3834 contra
981 3763 1403 3831 Manfredum
1473 3778 1881 3855 pugnarent,
1940 3767 2222 3833 Romam
2290 3767 2591 3832 comitati
2659 3761 2854 3838 fuere,

688 3905 856 3970 quos
898 3880 1207 3948 Clem‘ens
1249 3881 1347 3948 IV
1396 3881 1710 3950 Pontifex
1751 3882 1995 3968 Carolo
2054 3880 2594 3961 commendatos,
2644 3892 2717 3946 et
2744 3870 2752 3876 ’
2775 3875 2855 3944 fa·

686 3997 911 4064 miliae
952 4021 1110 4064 suae
1153 3999 1519 4087 insignibus
1567 3999 1842 4068 donatos
1884 4001 2170 4088 benigne
2216 3998 2565 4088 amplexus
2609 4006 2730 4064 est.
2771 3991 2855 4060 Ea

686 4130 823 4186 erat
867 4115 1094 4205 aquila
1135 4119 1493 4205 sanguinea
1538 4133 1733 4206 supra
1779 4117 2052 4186 viridem
2095 4128 2465 4206 serpentem
2508 4117 2582 4183 in
2628 4131 2846 4201 campo
