2950 5017
932 416 1134 462 nnan
1175 415 1474 473 quaemus
2166 400 2298 488 249

59 546 204 613 ibi
265 542 356 611 ab
422 540 690 610 Abbate
740 539 915 611 Divi
980 540 1299 629 Prospera·
1360 544 1543 607 iusta
1589 537 1898 628 faciente
1961 538 2303 609 humatum

49 681 252 730 cue
295 670 598 728 constat.
658 654 826 742 Ejus
897 654 1276 746 peragendis
1321 655 1621 742 exequiis
1664 653 1991 743 Regiensis
2035 664 2104 720 et
2146 654 2305 722 Par-

55 776 352 843 mensis
380 774 680 842 Antiates
723 794 878 838 cum
924 794 1155 838 earum
1202 771 1472 837 urbium
1520 769 1833 858 religiosis
1862 781 1932 835 et
1964 768 2304 838 nobilibus

51 895 290 974 viris,
335 890 618 981 aliisque
661 891 1002 959 universae
1047 887 1320 955 Galliae
1363 884 1739 977 Cisalpinae
1781 888 2157 976 proceribus
2199 890 2302 954 in-

59 1005 459 1075 ter-fuere:-
482 1028 718 1075 omnes
761 1017 945 1072 veste
996 1003 1185 1096 pulla
1229 1003 1448 1071 induti
1510 1006 1748 1093 insigni
1802 1001 1996 1071 luctu
2050 1016 2303 1093 specta-

65 1125 407 1190 tissimae
449 1124 714 1191 virtutis
761 1124 975 1188 virum
1013 1120 1441 1190 defleverunt.
1486 1119 1589 1189 Eo
1637 1120 1744 1187 die
1785 1120 1825 1197 J
1827 1143 2105 1188 oannem
2138 1122 2304 1204 Qui·

67 1242 326 1305 ticum
371 1236 783 1305 Sanvitalem
805 1287 825 1318 ,
854 1239 974 1327 qui
1002 1236 1311 1304 Parmam
1356 1234 1688 1327 Scaligero
1732 1236 2096 1303 traditurus
2138 1246 2303 1319 erat,

69 1353 456 1423 Rolandus
500 1354 772 1422 Roscius
816 1353 984 1419 urbe
1031 1351 1318 1442 expulit.
1367 1352 1516 1441 Ipse
1561 1353 1817 1443 patriae
1866 1353 2145 1441 imperio
2186 1374 2305 1441 po-

75 1472 280 1537 titus
320 1466 620 1537 defuncti
659 1467 920 1535 Giberti
963 1467 1201 1536 liberos
1245 1470 1610 1536 revocavit.
1659 1467 1994 1535 Bononiae
2038 1489 2305 1558 quoque

75 1585 299 1653 aliud
344 1584 670 1676 Guelpbis
715 1585 1212 1654 incommodum
1275 1587 1587 1653 accessit:
1633 1585 1887 1654 Romeo
1954 1587 2131 1651 enim
2184 1583 2322 1650 Pe-·

82 1699 274 1792 pulo
329 1701 514 1768 urbis
580 1700 995 1769 moderatore
1065 1724 1143 1767 ac
1210 1723 1379 1790 pene
1443 1703 1735 1791 principe
1791 1698 2304 1767 Beccadelorum

87 1814 405 1885 factione
458 1816 706 1903 ejecto,
753 1815 1219 1906 Guelphorum
1265 1819 1434 1884 vires
1482 1819 1777 1882 maxime
1819 1830 1978 1883 sunt
2021 1815 2306 1883 diminu-

91 1944 265 1999 tae:
312 1932 633 2022 siquidem
682 1931 916 2000 nullus
967 1956 1047 2000 eo
1098 1934 1166 1997 in
1223 1945 1368 1999 tota
1412 1929 1612 1997 Italia
1655 1931 1854 1999 ditior
1897 1933 2057 1998 civis
2103 1929 2305 1997 habe-

83 2046 336 2129 batur,
365 2049 485 2137 qui
513 2070 597 2114 ex
627 2044 893 2116 foenore
921 2070 1029 2115 eas
1058 2047 1183 2114 sibi
1228 2070 1385 2136 opes
1412 2045 1897 2127 cumulaverat,
1928 2059 2008 2113 ut
2039 2058 2298 2136 praeter

85 2166 464 2254 pretiosam
514 2163 999 2254 supellectilem
1020 2213 1042 2245 ,
1107 2175 1176 2229 et
1244 2166 1636 2230 immensam
1705 2165 1849 2231 auri
1918 2166 2303 2254 argentique
2380 2252 2385 2257 .

86 2283 367 2371 eopiam
410 2281 643 2372 viginti
685 2279 899 2348 millia
939 2279 1336 2349 florenorum
1383 2303 1469 2346 ex
1515 2302 1824 2370 agrorum
1881 2280 2105 2347 reditu
2160 2303 2305 2371 per-

92 2402 389 2489 ciperet.

235 2514 394 2583 Sub
413 2514 508 2608 ‚id
551 2526 819 2606 tempus
847 2514 1040 2605 Regii
1071 2514 1235 2583 mali
1266 2517 1502 2584 ominis
1546 2538 1740 2582 casus
1783 2518 2074 2584 evenisse
2102 2514 2304 2606 vulgo

94 2630 398 2698 creditus
440 2640 563 2698 est.
606 2629 817 2720 Prope
863 2628 1336 2699 Crustumium
1380 2633 1562 2698 enim
1585 2681 1605 2712 ,
1660 2631 1783 2697 ubi
1837 2644 2055 2699 sontes
2105 2630 2306 2720 plecti

97 2756 618 2827 consueverant,
661 2769 854 2814 muro
898 2744 1101 2814 affixa
1143 2771 1312 2813 crux
1357 2758 1507 2813 erat
1528 2797 1550 2827 ,
1595 2768 1770 2836 quae
1811 2748 1936 2813 reis
2002 2745 2088 2812 ad
2150 2769 2308 2836 sup-

97 2859 386 2949 plicium
413 2860 632 2928 ductis
658 2860 1055 2928 Dominicae
1099 2862 1333 2930 mortis
1377 2864 1772 2929 memoriam
1803 2883 2117 2928 renovare
2146 2883 2309 2929 eon-¹

107 2987 455 3059 sueverat,
498 2989 569 3043 et
612 2975 701 3045 ob
741 2976 812 3042 id
854 2976 1146 3064 justitiae
1190 2999 1357 3043 crux
1400 2975 1769 3043 dicebatur.
1817 2975 1921 3042 Ea
1965 2977 2307 3044 moenium

111 3093 328 3182 pinna
357 3095 466 3161 cui
496 3092 706 3161 infixa
733 3091 953 3161 fuerat
1000 3118 1039 3160 e
1083 3092 1271 3162 coelo
1314 3103 1498 3160 tacta
1541 3092 1806 3160 cecidit.
1853 3092 1932 3159 Id
1975 3095 2307 3182 sequentis

105 3211 272 3277 anni
317 3207 654 3277 tumultus
719 3209 1109 3300 portendere
1179 3186 1478 3300 plerique
1532 3208 1917 3278 voluerunt.
1962 3209 2305 3299 Carpineti

107 3326 292 3391 enim
359 3323 669 3392 eeclesiae
733 3325 1146 3415 Praepositus
1215 3325 1655 3392 Bernardinus
1724 3323 2080 3395 Folleanus
2145 3348 2306 3392 cum

103 3438 415 3509 Rolando
460 3443 829 3532 propinquo
860 3440 1155 3509 Baisium
1187 3453 1254 3508 et
1283 3440 1602 3509 Paullum
1649 3453 2084 3531 occuparunt.
2129 3440 2306 3509 Gon-

106 3567 208 3624 tra
251 3555 578 3625 Gibertus
618 3568 690 3625 et
730 3557 770 3635 J
773 3580 1013 3626 oannes
1055 3557 1354 3627 Folleani
1398 3556 1676 3627 Salvoni
1747 3582 1817 3625 se
1888 3560 2303 3625 munierunt.

105 3670 273 3742 Mox
300 3671 612 3754 Pavullo,
655 3671 766 3742 vel
811 3685 894 3742 ut
940 3673 1054 3740 alii
1097 3675 1399 3742 scribunt
1426 3673 1677 3742 Sancto
1706 3672 1947 3754 Paulo,
1990 3697 2108 3763 per
2151 3695 2307 3762 pro-

109 3786 437 3858 ditionem
481 3800 677 3879 capto
721 3788 1059 3858 Simonem
1104 3789 1501 3859 Folleanum
1556 3814 1711 3857 cum
1758 3787 2102 3856 Manfredo
2163 3786 2303 3856 filio

114 3903 400 3972 calendis
440 3905 668 3995 aprilis
700 3909 884 3974 vivos
913 3908 1210 3996 capiunt.
1246 3903 1381 3972 Sed
1409 3904 1730 3972 Gibertus
1774 3918 1845 3972 et
1888 3908 2032 3995 ipse
2077 3916 2308 3994 postea

115 4017 198 4085 ab
241 4019 390 4088 aliis
433 4018 724 4092 Simonis
766 4021 1001 4089 liberis
1044 4025 1454 4112 interceptus
1499 4021 1796 4090 Baisium
1850 4024 2157 4112 captivus
2203 4033 2307 4088 est

113 4132 456 4208 deductus.
501 4138 853 4231 Regienses
898 4137 1327 4210 factiosorum
1357 4141 1621 4209 'civium
1666 4139 2015 4207 audaciam
2060 4142 2131 4205 in
2180 4140 2307 4204 rei-
