2950 5017
656 385 787 454 368
1397 397 1637 453 aarum
1682 407 2104 456 ateramum

655 526 777 594 diu
818 528 1115 616 gavisus:
1166 525 1332 594 dum
1371 529 1728 597 revertitur
1766 529 1842 598 in
1884 531 2118 598 itinere
2152 527 2384 599 lethali
2428 527 2631 601 febre
2671 554 2869 606 eorre-
2920 515 2921 534 ἶ

653 655 847 733 ptus,
888 666 1047 712 cum
1115 645 1306 711 annis
1367 646 1605 735 viginti
1657 644 1923 714 duobus
1986 648 2373 737 imperasset
2415 671 2511 716 xv
2560 647 2867 719 calendas

652 761 1048 851 septembris
1092 773 1376 830 mortem
1421 762 1617 830 obiit.
1661 761 1895 831 Nobili
1952 786 2204 854 pompa
2246 764 2464 834 elatus
2507 768 2591 834 in
2641 790 2867 837 coeno-

651 876 802 958 bio,
844 876 1032 967 quod
1053 879 1310 946 ·vivens
1355 875 1789 968 magnificum
1835 890 1906 946 et
1950 878 2372 968 amplissimis
2425 881 2729 972 praediis
2764 883 2867 953 do-

653 1005 876 1062 tatum
921 997 1235 1063 maximis
1264 994 1653 1086 sumptibus
1680 1007 2095 1077 extruxerat,
2124 996 2436 1066 conditus
2465 997 2635 1066 fuit.
2666 999 2861 1068 Borsii

651 1110 886 1180 morbo
945 1113 1045 1179 ita
1103 1111 1757 1193 incrudescenterut
1798 1111 1881 1178 de
1924 1135 2004 1181 eo
2045 1126 2281 1181 actum
2324 1137 2463 1182 esse
2504 1117 2695 1184 inter
2742 1140 2858 1183 me-

648 1226 1274 1298 dicos-convenisset
1290 1279 1312 1311 ,
1342 1227 1663 1296 Hercules
1690 1226 1867 1295 clam
1901 1241 2176 1319 paterno
2218 1232 2500 1321 imperio
2544 1232 2861 1322 capiendo

645 1344 999 1413 studebat:
1048 1346 1115 1412 id
1163 1346 1284 1415 ubi
1329 1343 1655 1415 Nicolaus
1699 1344 2002 1443 Leonelli
2071 1344 2252 1415 filius
2316 1350 2556 1431 sensit,
2606 1349 2860 1440 plorans

645 1460 952 1531 Borsium
998 1473 1167 1543 orat,
1213 1473 1294 1529 ut
1335 1461 1643 1530 debitum
1689 1464 2140 1553 principatum
2182 1463 2314 1531 sibi
2358 1464 2705 1547 redderet;
2746 1467 2852 1534 sed

643 1577 757 1646 ille
799 1579 954 1666 jam.
985 1579 1241 1648 viribus
1282 1577 1599 1647 deficiens
1647 1582 1887 1662 suasit,
1935 1592 2016 1646 ut
2059 1577 2223 1671 fuga
2279 1583 2655 1652 imminens
2705 1586 2860 1674 peri-

640 1695 878 1770 culum
930 1699 1233 1765 evitaret.
1278 1695 1609 1767 Nicolaus
1672 1719 1831 1763 oum
1888 1696 2213 1768 Mantuae
2278 1700 2605 1789 principis
2672 1723 2858 1790 opem

640 1812 1057 1904 imploraret,
1101 1815 1390 1905 graviter
1450 1825 1555 1880 est
1620 1812 2089 1903 reprehensus,
2129 1813 2313 1905 quod
2355 1812 2712 1884 difficilem
2754 1840 2858 1908 per

639 1930 961 2001 fenestras
1017 1931 1280 2001 aditum
1324 1943 1707 2023 quaereret,
1752 1934 1873 2023 qui
1943 1954 2058 2022 per
2123 1946 2348 2021 portas
2407 1933 2858 2023 imprudenter

638 2045 938 2138 fugisset.
983 2048 1209 2118 Borsio
1254 2046 1581 2116 defuneto
1611 2048 1937 2117 Hercules
1967 2060 2284 2138 paternae
2312 2048 2591 2118 ditionis
2620 2074 2857 2142 pom

636 2166 887 2232 sionem
934 2164 1077 2251 jam
1121 2167 1312 2233 annis
1358 2168 1631 2255 triginta
1675 2189 1718 2233 a
1760 2164 2028 2236 duobus
2068 2166 2244 2233 notis
2288 2162 2619 2233 fratribus
2663 2170 2856 2235 inter-

519 2369 526 2376 l
635 2293 899 2373 ceptam
933 2281 1205 2350 tandem
1236 2286 1512 2373 recepit.
1549 2282 1655 2351 Eo
1687 2282 1987 2351 Ferraria
2016 2279 2190 2351 forte
2218 2282 2501 2350 absente
2532 2283 2855 2354 Nicolaus
2920 2329 2921 2334 κ

589 2489 594 2500 α
635 2397 1083 2469 tumultuario
1131 2403 1428 2468 exercitu
1473 2400 1803 2468 Mantuae
1850 2403 2181 2469 instructo
2224 2403 2517 2491 patriam
2579 2404 2850 2482 invasit,

634 2540 850 2608 quem«
874 2516 1340 2608 sigismundus
1371 2517 1679 2586 Herculis
1711 2515 1916 2585 frater
1946 2516 2125 2584 felici
2157 2515 2408 2607 praelio
2453 2517 2855 2609 profligavit.

769 2635 894 2701 His
934 2657 1156 2702 rerum
1201 2634 1617 2706 successibus(
1657 2632 1877 2701 laetus
1904 2631 2224 2701 Hercules
2254 2631 2673 2701 Eleonoram
2714 2635 2855 2701 Fer·

630 2749 908 2818 dinandi
952 2755 1120 2841 regis
1161 2749 1371 2819 filiam
1419 2774 1701 2819 uxorem
1731 2751 1964 2834 duxit,
1993 2773 2202 2842 quam
2249 2760 2330 2817 ut
2372 2750 2675 2840 Neapoli
2705 2752 2852 2818 Fer·

535 2949 542 2957 ⁸
629 2870 876 2936 ruriam
922 2869 1320 2960 traduceret,
1348 2869 1458 2936 die
1503 2872 1743 2960 quinta
1786 2869 1988 2956 junii,
2032 2871 2154 2958 qui
2201 2879 2348 2934 tum
2389 2867 2849 2938 Pentecostem

627 2989 1000 3074 praecessit,
1044 2986 1334 3054 Romam
1379 2989 1709 3077 pervenit.
1756 2986 1862 3053 Ibi
1909 2989 1979 3054 in
2026 2985 2188 3054 Divi
2217 2983 2495 3061 Joannis
2533 2985 2844 3054 Laterani

626 3099 889 3171 Palatio
933 3125 1175 3193 sponsa
1218 3102 1747 3194 splendidissime
1819 3116 2100 3192 excepta
2166 3125 2210 3168 a
2274 3099 2556 3189 prandio
2631 3124 2847 3170 omnes

627 3219 718 3283 in·
744 3220 1063 3307 contiguo
1108 3217 1361 3308 templo
1406 3219 1707 3286 conditas
1751 3218 2104 3286 Martirum
2150 3214 2466 3306 reliquias
2510 3230 2620 3284 est
2668 3241 2846 3287 vene·

626 3344 807 3400 rata:
859 3345 1007 3401 tum
1052 3334 1187 3403 duo
1231 3359 1275 3402 a
1318 3331 1515 3403 Sixto
1562 3332 1885 3404 Pontifice
1932 3337 2116 3404 missi
2161 3332 2556 3401 Cardinales
2617 3332 2841 3401 huma·

626 3451 801 3518 niter
844 3450 1209 3519 salutatam
1253 3451 1341 3528 ad
1384 3466 1655 3522 sanctos
1690 3451 2080 3545 Apostolos,
2133 3451 2253 3520 ubi
2311 3449 2552 3519 Sixtus
2617 3451 2841 3520 reside-

625 3569 750 3637 bat
768 3619 790 3651 ,
834 3569 1197 3639 deducunt.
1245 3570 1507 3641 Villosa
1560 3587 1743 3641 veste
1811 3596 1900 3641 ex
1959 3574 2159 3663 nigro·
2205 3570 2522 3642 bombice
2580 3571 2837 3649 induta,

523 3707 528 3711 ·
625 3699 699 3756 et
743 3688 1044 3778 undique
1088 3688 1470 3762 lucentibus
1538 3701 1694 3760 ante
1761 3704 1999 3782 pectus
2063 3691 2347 3780 gemmis
2414 3686 2655 3778 puella
2708 3700 2835 3757 tota

623 3804 1043 3895 splendebat,
1072 3830 1280 3898 quam
1309 3808 1674 3877 baccatum
1718 3810 2205 3901 pretiosissimis
2248 3806 2675 3898 margharitis
2705 3830 2839 3876 mo·

624 3920 763 3994 nile
805 3920 979 3992 collo
1020 3923 1544 4006 circumdatum,
1587 3940 1675 3994 et·
1702 3928 1887 4018 niger
1932 3926 2103 3994 albis
2148 3924 2401 4016 plumis
2444 3922 2699 3992 infixus
2731 3947 2836 4015 ga·

618 4036 800 4106 lerus
842 4038 1125 4130 pulchre
1168 4040 1597 4110 decorabant.
1644 4041 1845 4133 Equo
1886 4036 2200 4132 imposita
2245 4045 2421 4110 inter
2462 4041 2638 4111 duos
2681 4063 2832 4131 pur·

616 4169 891 4247 puratos
917 4156 1268 4232 Senatores
1297 4160 1862 4251 praecedentibus
1911 4160 2358 4241 tubicinibus,
2390 4171 2460 4227 et
2491 4158 2825 4251 equitibus
