2950 5017
730 399 785 466 8
1634 412 2002 464 rumano

729 549 1004 611 nostrae
1034 530 1351 612 civitati·
1395 548 1777 626 auctorem,
1819 535 1949 610 sed
2001 534 2463 613 restitutorem
2505 535 2723 616 fuisse
2765 559 2885 617 suo

730 655 889 732 loco
909 655 1213 755 apertius
1240 654 1753 733 demonstrabo.
1781 655 1980 748 Quae
2007 673 2242 732 autem
2267 673 2427 757 post
2451 656 2707 734 urbem
2732 683 2884 735 con·

729 778 950 854 ditam
993 801 1123 877 per
1164 777 1385 853 multa
1427 776 1703 854 saecula
1733 804 1774 854 a
1802 778 2186 880 maJoribus
2213 780 2458 857 nostris
2485 796 2684 879 gesta
2710 797 2883 869 sunt,

726 917 810 974 ut
852 901 1132 999 penitus
1174 899 1512 992 abstrusa,
1565 900 1797 976 nullus
1842 927 2154 1003 unquam
2196 927 2440 979 eruere
2482 926 2694 978 ausus
2737 901 2881 976 fuit.

725 1021 880 1119 Ego
923 1022 999 1095 in
1041 1038 1235 1098 tanta
1277 1024 1687 1123 opinionum
1731 1026 2090 1116 varietate,
2137 1041 2213 1100 et
2254 1024 2687 1103 obscuritate
2713 1041 2877 1098 tem-

726 1169 1000 1244 porum,
1045 1146 1176 1221 etsi
1220 1147 1612 1221 institutum
1656 1173 1833 1247 opus
1887 1150 1980 1223 ad
2033 1148 2297 1224 exitum
2352 1146 2647 1247 perduci
2691 1169 2883 1247 posse

727 1292 867 1341 non
912 1265 1127 1342 semel
1173 1268 1481 1343 animum
1525 1268 1898 1368 despondi,
1944 1287 2025 1344 ut
2090 1295 2319 1344 meam
2384 1288 2622 1343 tamen
2666 1268 2881 1364 singu·

723 1385 943 1463 larem
985 1413 1147 1487 erga
1205 1413 1332 1465 vos
1384 1387 1949 1466 benevolentiam
2005 1389 2457 1481 declararem,
2509 1414 2657 1489 quo
2715 1385 2880 1463 diffi-

723 1509 922 1586 cilius
966 1536 1076 1585 res
1122 1530 1385 1588 vestras
1427 1510 1777 1587 scribendi
1826 1499 2180 1612 negotium
2223 1513 2627 1601 videbatur,
2657 1536 2746 1587 eo
2775 1535 2879 1584 au-

721 1631 963 1708 dacius
1006 1632 1173 1707 mihi
1221 1635 1637 1710 tentandum
1680 1659 1830 1710 esse
1872 1636 2283 1711 existimavi.
2339 1635 2528 1712 Cum
2583 1636 2777 1711 enim
2814 1635 2878 1706 in

725 1752 764 1834 J
767 1782 890 1832 ure
934 1756 1124 1833 civili
1169 1756 1490 1835 docendo
1537 1758 1806 1834 Patavii
1848 1777 2258 1860 occupatus,
2300 1786 2443 1837 non
2484 1783 2742 1858 magno
2777 1780 2876 1831 me

722 1876 928 1953 vobis
973 1880 1137 1984 usui⁴
1157 1879 1464 1954 futurum
1495 1881 2140 1973 animadverterem,
2181 1883 2418 1985 aliquo
2444 1883 2635 1959 facto
2663 1904 2873 1956 meam

719 1999 793 2071 in
839 2000 1135 2097 patriam
1182 2001 1515 2097 pietatem
1560 2019 1883 2077 testatam
1928 2002 2321 2104 relinquere
2349 2003 2755 2102 cupiebam,
2795 2000 2872 2075 ad

716 2119 796 2193 id
840 2144 953 2192 me
998 2120 1208 2194 etiam
1271 2123 1706 2198 accendebat
1774 2123 2208 2222 praeclarum
2260 2123 2534 2200 Alberti
2581 2121 2872 2224 parentis

720 2240 860 2314 mei
905 2240 1334 2342 exemplum,
1376 2243 1503 2343 qui
1548 2267 1711 2317 cum
1758 2244 1827 2315 in
1872 2244 2381 2335 conservandis,
2411 2245 2871 2343 augendisque

719 2361 931 2437 rebus
975 2364 1221 2441 vestris
1266 2389 1474 2440 omne
1517 2389 1721 2439 suum
1776 2366 2109 2454 studium,
2161 2390 2474 2465 operam,
2526 2391 2616 2439 ac
2668 2383 2869 2441 totam

718 2485 1026 2588 denique
1070 2488 1289 2565 vitam
1331 2487 1719 2574 indefessus
1774 2488 2109 2587 posuerit,
2166 2486 2260 2562 ab
2305 2513 2394 2564 eo
2439 2514 2580 2563 non
2630 2487 2871 2563 medio-

716 2613 926 2686 criter
966 2611 1419 2709 degenerasse
1462 2610 1652 2688 visus
1693 2632 1946 2701 essem,
2010 2610 2068 2684 si
2130 2609 2324 2688 nulla
2367 2612 2639 2711 patriae
2681 2632 2862 2685 meae

717 2750 972 2809 navata
1017 2756 1255 2832 opera,
1297 2732 1599 2830 segniter
1643 2731 2112 2807 decessissem.
2142 2732 2367 2808 Statui
2395 2733 2638 2833 itaque
2682 2719 2867 2833 quid-

717 2856 893 2956 quid
937 2882 1026 2931 ex
1073 2876 1392 2933 veterum
1435 2853 1760 2943 historiis,
1805 2872 1879 2927 et
1923 2856 2194 2947 nostris,
2226 2879 2309 2929 ao
2337 2856 2721 2931 vicinarum
2763 2877 2869 2926 ur·-

715 2977 913 3051 bium
977 2978 1337 3053 annalibus
1402 2977 1718 3078 undique
1783 2978 2211 3077 conquisitis,
2272 2976 2364 3051 de
2418 2976 2633 3052 rebus
2676 2972 2865 3074 gestis

711 3102 1016 3177 civitatis
1048 3120 1317 3177 nostrae
1347 3126 1591 3175 eruere
1620 3101 1845 3199 potui,
1873 3102 1947 3174 id
1977 3120 2200 3176 totum
2231 3102 2322 3175 ad
2340 3102 2557 3200 ipsius
2583 3100 2858 3199 gloriam

714 3222 1195 3298 illustrandam
1240 3240 1539 3323 actaque
1584 3222 1999 3321 explicanda
2048 3222 2372 3322 proferre.
2404 3224 2565 3299 Hoc
2593 3221 2862 3324 quidem

714 3342 884 3417 mihi
927 3343 1077 3420 aliis
1117 3344 1462 3421 continuis
1507 3345 1797 3442 negotiis
1839 3345 2129 3419 detento
2175 3342 2662 3418 difficillimum
2703 3360 2863 3437 opus

713 3467 870 3559 fuit,
909 3469 1035 3544 sed
1078 3468 1248 3544 dum
1289 3466 1690 3544 subsecivas
1733 3466 1936 3544 horas
1978 3468 2052 3540 in
2082 3466 2219 3542 hoo
2247 3491 2487 3542 omnes
2514 3462 2856 3566 impendo,

719 3591 957 3666 divino
1001 3585 1283 3667 favdnte
1330 3590 1670 3680 Numine,
1716 3590 1984 3690 aliquid
2030 3615 2144 3665 me
2200 3588 2512 3665 effecisse
2555 3583 2861 3667 confido3

715 3713 841 3813 qui
867 3714 1138 3787 tametsi
1166 3738 1308 3789 non
1334 3714 1729 3788 universam
1755 3712 1848 3786 ab
1877 3738 2043 3802 ovo,
2067 3713 2264 3812 quod
2293 3714 2519 3811 ajunt,
2546 3712 2637 3786 ad
2665 3702 2855 3788 mala,

716 3835 920 3933 Regii
962 3834 1314 3913 historiam
1379 3855 1832 3925 contexuere,
1897 3833 2100 3934 plura
2172 3851 2434 3926 tamen,
2500 3850 2621 3908 aut
2685 3842 2860 3904 certe

714 3957 1088 4058 quidquid,
1150 3983 1276 4057 pro
1341 3958 1602 4056 ingenii
1669 3956 1809 4031 mei
1870 3956 2237 4047 tenuitate,
2281 3956 2577 4032 inveniri
2622 3944 2856 4054 potuit,

716 4084 937 4180 prima
983 4080 1244 4180 origine
1288 4081 1614 4181 repetita,
1657 4078 1897 4156 ordine
1926 4078 2330 4179 explicabo:
2359 4080 2855 4168 maximumque
