2950 5017
708 431 736 476 1
754 431 780 477 1
791 430 836 477 2
1446 428 1685 475 RERUM
1727 427 2145 476 nolum

699 549 1088 631 Pontifices,
1139 563 1209 617 et
1251 549 1559 619 Caesares
1600 554 2086 632 contentiones,
2134 549 2363 619 divisis
2432 551 2515 619 in
2578 554 2871 619 contraria

702 663 929 735 studia
971 661 1391 748 civitatibus,
1434 678 1648 735 totam
1694 665 1994 735 Galliam
2040 666 2466 757 Cisalpinam
2530 668 2761 734 misere
2794 665 2874 734 sf-

698 781 1042 850 flixerunt.
1088 780 1509 850 AEnobarbus
1551 781 2159 851 Mediolanensibus
2175 833 2195 863 ,
2260 785 2387 873 qui
2462 805 2539 849 a·
2576 781 2873 849 Pontificii

681 875 1000 989 'partibus
1040 897 1345 978 stabant,
1388 897 1804 988 implacabili
1849 898 2000 967 odio
2036 885 2370 979 infensus,
2422 908 2599 966 cum
2637 896 2739 963 illi
2777 897 2873 965 ca-

697 1014 1080 1083 stellionum
1126 1014 1454 1104 oppidum
1494 1014 1891 1096 obsiderent,
1933 1027 2015 1082 ut
2058 1014 2409 1104 oppidanis
2455 1025 2863 1093 succurreret,

696 1142 876 1198 recta
917 1131 1221 1198 Laudem
1264 1130 2058 1221 Pompejamcontendit,
2102 1132 2222 1197 ubi
2270 1154 2360 1198 cx
2410 1130 2864 1208 Par-mensibus,

697 1245 1163 1336 Regiensibus,
1207 1247 1711 1336 Bergomatibus
1727 1297 1747 1327 ,
1775 1245 2273 1315 Veronensibus
2290 1297 2308 1327 ,
2357 1246 2658 1336 aliisque
2697 1246 2868 1335 proxi-

694 1365 824 1429 mis
868 1362 1149 1430 urbibus
1212 1360 1631 1431 formidando
1697 1375 2034 1431 contracto
2103 1365 2413 1430 exercitu
2438 1413 2463 1444 ,
2515 1383 2653 1431 non
2707 1360 2865 1427 modo

694 1478 988 1547 obsessos
1040 1478 1353 1547 liberavit
1375 1529 1395 1559 ,
1437 1479 1554 1546 sed
1606 1482 1814 1546 etiam
1854 1478 2379 1548 Mediolanenses
2399 1528 2425 1560 ,
2447 1463 2702 1547 demum
2746 1499 2863 1565 agro

690 1595 845 1684 igne
888 1591 1195 1684 ferroque
1250 1597 1436 1684 prius
1481 1605 1783 1675 vastato,
1844 1593 2095 1684 praelio
2161 1597 2443 1684 saepius·
2504 1592 2860 1684 profligavit.

691 1708 1072 1777 Alexander
1111 1709 1210 1775 111
1256 1706 1577 1781 Pontifex
1618 1709 2033 1777 Friderieum
2080 1712 2345 1799 saepius
2403 1710 2499 1776 ad
2548 1711 2856 1777 sanitatem

694 1846 1002 1892 revocare
1029 1837 1309 1894 conatus
1350 1825 1668 1894 inanibus
1698 1824 1915 1893 verbis
1960 1847 2217 1916 semper
2261 1840 2365 1893 est
2411 1825 2668 1905 elusus,
2694 1822 2859 1890 donec

695 1942 972 2007 victoria
1042 1941 1364 2031 superbus
1414 1937 1838 2008 AEnobarbus
1853 1989 1872 2021 ,
1918 1962 2095 2008 anno
2144 1942 2405 2008 circiter
2451 1959 2769 2011 maxim,
2802 1958 2853 2000 se

693 2069 1003 2144 apertum
1032 2054 1339 2150 Pontifici
1371 2055 1628 2123 hostem
1660 2054 2055 2137 declaravit,
2082 2079 2265 2137 cum,
2294 2056 2674 2127 Octaviano
2699 2052 2852 2119 Anu·-

693 2168 1010 2261 pontifice
1053 2160 1299 2253 creato,
1328 2174 1545 2240 invito
1572 2171 1956 2240 Alexandro
1972 2222 1992 2252 ,
2019 2175 2224 2239 ctiam
2253 2173 2338 2240 de
2368 2174 2524 2260 ejus
2554 2170 2848 2242 electione,

697 2310 782 2352 an
848 2284 1148 2374 legitima
1216 2299 1388 2353 esset
1451 2285 1784 2374 judicium
1853 2284 2023 2354 ferre
2089 2291 2511 2378 arrogantius
2557 2284 2843 2355 voluisset.

691 2401 927 2490 Itaque
992 2401 1093 2468 illi
1159 2399 1633 2471 infensissimus
1699 2404 1907 2473 bostis
1981 2401 2197 2472 factus
2263 2410 2502 2473 omnes
2556 2406 2625 2470 in
2666 2396 2845 2467 Gallia

690 2516 1034 2607 Cisalpina
1079 2517 1391 2585 ecclesiae
1436 2517 1740 2588 subditas
1786 2521 2007 2602 urbes,
2048 2532 2123 2587 et
2162 2543 2320 2588 cum
2365 2521 2477 2592 his
2522 2523 2712 2588 etiam
2749 2514 2845 2579 Re-

692 2634 881 2721 gium
928 2637 1131 2722 cepit.
1178 2633 1617 2703 Bononienses
1658 2658 1928 2728 quoque
1956 2636 2227 2704 Martini
2258 2636 2563 2717 Gessiae,
2592 2628 2841 2718 hilgeri,

686 2749 725 2827 J
732 2749 919 2817 acobi
993 2764 1059 2817 et
1125 2750 1371 2840 Ugonis
1416 2776 1455 2822 a
1501 2752 1704 2821 Porta
1746 2750 2150 2843 Ravegnana
2209 2754 2486 2824 consilio
2546 2750 2739 2819 eidem
2792 2765 2842 2807 σθ

687 2864 1113 2948 dediderunt,
1158 2890 1435 2956 quorum
1478 2869 1659 2936 urbis
1704 2871 2152 2938 moenia-solo
2193 2874 2541 2959 aequ-avit,
2582 2861 2843 2931 Gnidum

689 2983 1022 3051 Canus-sio
1067 2990 1234 3073 ipsis
1263 2985 1652 3074 Praefecto,
1682 2989 1802 3075 qui
1833 2989 2096 3076 primus
2122 2985 2652 3057 Bononienu‘um
2678 2979 2843 3046 Prae·

551 3156 560 3166 .
692 3112 800 3163 tor
828 3099 1014 3187 fuit.
1062 3099 1356 3165 Demum
1406 3101 1551 3167 aliis
1596 3100 1967 3167 Flaminiae
2008 3112 2104 3168 -et
2170 3104 2374 3169 totius
2420 3098 2716 3167 AEmiliae
2750 3110 2838 3175 op-

687 3214 859 3303 pidis
917 3219 988 3281 in
1050 3216 1369 3282 ditionem
1420 3219 1743 3304 acceptis,
1780 3220 2161 3284 universam
2230 3217 2365 3285 fere
2431 3217 2688 3286 Italiam
2741 3204 2833 3273 sibi

684 3329 1013 3414 subjecit3
1086 3353 1163 3395 ac
1231 3343 1550 3419 sequente
1622 3354 1795 3399 anno
1862 3332 2137 3421 singulis
2201 3333 2487 3402 Galliam
2512 3327 2837 3415 cisalpinae

688 3444 966 3511 urbibus
999 3445 1106 3531 jus
1139 3447 1430 3515 dicturos
1474 3444 1874 3536 praefectos,
1903 3452 2022 3539 qui
2066 3452 2292 3530 nuncii
2323 3451 2745 3519 vocabantur,
2773 3432 2835 3500 ad

684 3562 1115 3630 continendos
1158 3565 1227 3629 in
1276 3560 1482 3630 offitio
1527 3565 1739 3646 cives,
1788 3564 2181 3634 destinavit.
2228 3567 2317 3634 Hi
2362 3579 2504 3635 tam
2572 3554 2835 3653 gravibus

687 3677 960 3745 tributis
1004 3677 1286 3768 populos
1332 3676 1752 3761 afflixerunt,
1797 3693 1878 3747 ut
1924 3682 2011 3748 ab
2067 3705 2375 3771 agrorum
2417 3679 2689 3751 dominis
2735 3681 2835 3734 ter-³

687 3796 850 3861 tiam
896 3794 1242 3864 fructuum
1288 3810 1546 3886 partem
1577 3799 1978 3889 quandoque
2021 3814 2418 3889 extorquere
2460 3822 2590 3867 non
2636 3786 2834 3858 erubu-

685 3913 895 3992 erint,
944 3937 985 3979 a
1027 3915 1408 4003 quibusque
1436 3917 1642 3982 etiam
1672 3916 1997 3984 domuum
2044 3916 2276 3985 incolis
2320 3931 2389 3984 et
2430 3911 2685 4003 singulis
2723 3900 2834 3967 fru-

686 4030 1025 4095 mentariis
1054 4028 1248 4097 molis
1288 4042 1508 4097 ternos
1553 4054 1725 4099 asses
1770 4033 2067 4099 acerbius
2112 4033 2489 4122 exigebant.
2536 4030 2645 4097 His
2687 4035 2830 4084 ⁸00&

685 4142 887 4213 debat
953 4144 1132 4236 quod
1200 4146 1537 4228 venandi,
1602 4149 2113 4239 aucupandique
2178 4136 2486 4218 omnibus
2548 4134 2828 4211 facultate
