2950 5017
685 390 819 473 384
1424 404 1691 460 annun,
1722 404 2146 452 ancrzxsmm

633 527 638 532 ’
685 528 908 619 lapsa,
951 536 1211 617 quanta
1260 536 1408 617 post
1458 524 1812 595 hominum
1857 528 2250 595 memoriam
2296 547 2644 616 nunquam
2682 538 2818 596 antea

682 647 824 712 visa
869 639 1028 712 fuit.
1072 642 1399 713 Postridie
1442 641 1749 710 calendas
1793 641 2083 728 januarii
2126 654 2378 733 segetes
2426 641 2814 733 pullularunt,

682 784 762 827 ac
806 782 1049 850 magna
1090 764 1393 828 annonae
1436 760 1629 848 copia
1670 755 1828 826 fuit.
1876 758 2163 826 Ineunte
2213 781 2371 828 vero
2428 771 2685 826 aestate
2709 784 2814 826 cum

682 874 823 942 late
868 878 937 942 in
986 896 1257 964 campos
1284 874 1712 942 Crustumius
1743 875 2090 963 erupisset,
2120 875 2322 941 etiam
2355 873 2655 942 inaudita
2690 897 2814 964 gran-

680 992 793 1071 do,
837 1016 1013 1083 quae
1048 989 1358 1084 'quinque
1405 994 1755 1059 unciarum
1804 991 2025 1081 pondo
2070 991 2153 1058 ad
2198 992 2493 1074 duorum
2526 992 2810 1081 digitorum

683 1109 1109 1178 altitudinem
1180 1109 1461 1187 cecidit,
1530 1107 1835 1177 homines
1901 1107 2323 1189 vulneravit,·
2380 1122 2487 1191 et,
2551 1108 2810 1190 arbor-ihm

679 1226 977 1313 dejectis,
1007 1226 1302 1317 plurima
1330 1228 1536 1294 etiam
1569 1226 1771 1293 bruta
1802 1229 2143 1317 oppressit.
2190 1225 2364 1294 Eam
2415 1226 2811 1306 calamitatem,

680 1354 948 1434 propter
1007 1344 1175 1409 aeris
1224 1344 1689 1432 intemperiem
1740 1364 1898 1409 cum
1954 1341 2198 1409 ultima
2244 1355 2462 1410 aestas
2505 1355 2575 1410 et
2613 1355 2813 1410 autum·

679 1481 811 1552 nus
853 1454 1217 1549 frigidiores
1260 1456 1541 1527 fuissent
1557 1507 1576 1538 ,
1619 1480 1818 1528 saeva
1862 1460 2064 1549 pestis
2110 1471 2342 1527 secuta
2382 1460 2575 1549 Regii
2615 1458 2811 1549 graman

680 1578 924 1667 coepit.

816 1695 912 1761 At
955 1693 1308 1776 Hercules,
1363 1718 1450 1762 ne
1502 1693 2020 1763 vicedominum
2064 1694 2485 1770 Venetorum
2530 1694 2810 1761 Ferrariam

682 1826 1042 1884 venturum
1075 1813 1355 1894 videret,
1399 1813 1685 1903 Regium
1732 1836 1813 1894 se·
1848 1812 2167 1896 contulit,
2215 1813 2332 1880 ubi
2379 1817 2453 1882 in
2499 1813 2707 1900 jocosis
2739 1809 2816 1877 ob·

680 1929 1156 1997 lectationibus
1211 1942 1518 1998 versatus
1586 1920 1837 1998 sinuosi
1909 1929 2276 2020 labyrinthi
2330 1930 2724 2019 descriptioni
2759 1949 2809 1992 ae

678 2045 997 2135 luporum
1032 2046 1500 2115 venationibus
1532 2070 1803 2138 operam
1834 2046 2039 2114 dedit.
2088 2047 2450 2115 Caeterum
2495 2060 2574 2113 ut
2613 2065 2807 2114 omnem

680 2186 770 2229 ex
813 2175 996 2252 gesto
1049 2162 1231 2231 bello
1281 2162 1558 2231 livorem
1612 2165 2012 2253 abstergeret
2055 2164 2437 2247 Venetias,'
2467 2166 2586 2231 ubi
2633 2182 2809 2249 magno

677 2280 928 2348 honore
971 2293 1295 2369 exceptus
1340 2293 1471 2359 est,
1518 2296 1850 2350 senatores
1904 2281 2316 2372 salutaturus
2361 2307 2431 2351 se
2476 2277 2727 2349 contulit
2746 2276 2806 2340 (¹7.

679 2395 877 2464 Inde·
909 2419 1203 2464 reversus
1273 2397 1357 2464 ad
1423 2397 1909 2479 Monticolum‚
1962 2399 2148 2489 quod
2205 2391 2598 2478 Temenus,
2643 2414 2812 2485 quam·

677 2537 922 2604 quarn,
967 2513 1310 2581 Ludovico
1355 2511 1607 2581 Sfortia
1660 2514 1978 2601 jubente,
2022 2516 2362 2583 obstinate
2409 2517 2717 2583 restituere
2747 2530 2809 2573 re·-

678 2629 997 2711 cusabat,
1041 2630 1566 2720 oppugnandum
1616 2655 1686 2697 se
1730 2634 2042 2699 accinxit.
2089 2622 2406 2699 Pluribus
2455 2632 2536 2708 ad
2576 2650 2702 2695 eam
2734 2644 2810 2712 ex·

677 2747 1084 2835 peditionem
1139 2747 1529 2816 obeundam
1584 2751 1929 2815 tormentis
1990 2747 2245 2816 bellicis
2305 2727 2587 2837 Regium
2630 2740 2807 2814 missi&

677 2867 823 2954 ipse
869 2887 1032 2933 mox
1085 2865 1478 2933 subsecutus
1527 2866 1692 2932 dum
1739 2866 2051 2933 Parmam
2108 2866 2193 2934 ad
2245 2865 2650 2934 Ludovicum
2683 2853 2808 2923 Sfor·

678 2984 846 3047 tiam
913 2982 1303 3064 contendit,
1373 3006 1645 3052 omnem
1715 2967 2057 3073 reliquum
2122 2994 2541 3073 apparatum·
2588 2970 2809 3064 expedifi

677 3097 904 3184 jussit.
965 3100 1061 3166 At
1125 3098 1486 3167 Taurellus
1555 3098 1912 3168 Monticnli
1977 3102 2538 3191 expugnationem
2593 3094 2803 3163 veritus,

677 3237 809 3281 non
857 3226 1212 3304 expectato
1259 3214 1445 3282 hoste
1491 3215 1808 3288 discessit.
1855 3217 2076 3300 Quare
2124 3217 2267 3303 ejus
2312 3210 2687 3306 praesidiarii
2723 3202 2805 3269 mi-

619 3315 625 3322 *
675 3328 827 3406 lites
872 3328 1056 3397 facta
1096 3332 1434 3399 deditione
1484 3356 1525 3399 a
1550 3333 1824 3409 VJoanne
1878 3334 2075 3403 Petro
2143 3328 2801 3422 Bergamin0,-Parmae

678 3444 1040 3537 praefecto,
1070 3460 1139 3514 et
1169 3447 1566 3520 Guicciardo
1615 3453 2112 3541 sagittariorum
2142 3450 2354 3518 Ducis
2389 3444 2667 3519 Herculis
2686 3438 2798 3504 ⁴111oe

676 3564 807 3631 fide
848 3567 1114 3634 victoris
1158 3564 1447 3656 Regium
1509 3591 1722 3658 usque
1775 3568 2047 3635 deducti
2103 3565 2378 3638 fuerunt
2415 3569 2518 3636 (ὓ).
2564 3544 2799 3630 Poffltridie

676 3682 1029 3775 Philippus
1095 3684 1537 3773 Buccamajor
1604 3688 2064 3768 Ferrariensis,
2121 3697 2192 3753 et
2256 3685 2450 3775 Regii
2516 3674 2795 3775 praesentat

592 3799 598 3805 ’
669 3825 837 3870 cum
894 3803 1336 3874 nobilioribus
1396 3805 1585 3874 urbis
1638 3803 2085 3873 Monticolum
2154 3801 2503 3893 profectus
2564 3789 2797 3889 oppidum

753 4064 848 4133 (r)
876 4065 976 4118 Dio
1007 4068 1227 4121 munda
1261 4068 1562 4124 novembris
1598 4084 1965 4121 mcoccrxxxv.

756 4155 841 4228 (a)
873 4157 975 4214 Dio
1005 4178 1115 4236 xnr
1150 4159 1331 4230 aprilis
1364 4177 1730 4215 uccccuxxvr
1764 4161 1900 4215 circa
1934 4160 2118 4216 boram
2149 4176 2266 4216 xiva
