2950 5017
847 455 852 463 .
921 423 1131 474 nnn
1173 426 1511 478 sammua.
2165 411 2297 497 481

52 545 408 638 nqnitum
473 543 584 614 ala
647 542 933 637 Regium
999 547 1295 620 advolat.
1364 549 1504 620 Ubi
1534 605 1541 610 .
1571 546 1658 618 ad
1705 547 1873 621 Divi
1916 545 2305 622 Geminiani

52 665 432 757 :emplum
477 666 815 756 pervenit,
842 667 1022 756 quod
1069 678 1233 736 tnnc
1278 670 1346 736 in
1393 671 1635 737 nostris
1676 667 2029 760 suburbiis,
2057 668 2307 738 Parma

50 783 518 851 venientibus
562 783 980 864 occurrebat,
1024 784 1275 875 triplici
1320 782 1505 852 facta
1549 786 1900 854 acie-duas
1931 786 2204 869 dextra,
2230 797 2305 855 et'

50 900 356 968 sinistra
420 898 720 967 dimissas
733 945 764 979 ,.
796 902 1036 990 quavis
1089 904 1204 969 via
1262 901 1503 968 urbem
1566 901 1807 970 adoriri
1872 902 2103 989 jubet,
2170 914 2304 971 ter-

50 1017 255 1084 iam
300 1019 450 1107 ipse
491 1015 674 1106 apud
734 1038 804 1082 se
863 1019 1142 1098 retinet,
1184 1016 1876 1110 Guicciardinurnque
1940 1020 2026 1087 ad
2094 1019 2301 1090 collo·

48 1134 330 1220 {nium
398 1142 618 1200 vocat.
672 1132 882 1198 Facta
945 1131 1032 1199 ad
1090 1132 1182 1199 D.
1240 1129 1569 1223 Stephani
1635 1119 1974 1224 portulam
2041 1135 2303 1204 dicendi

48 1259 443 1338 potestate,
472 1249 796 1318 laescutns
840 1271 1018 1339 equo
1061 1248 1425 1331 descendit,
1468 1250 1804 1343 longaque
1849 1256 2173 1335 oratione,
2216 1264 2300 1321 ut

48 1366 269 1434 urhis
317 1364 726 1458 praefectum
770 1367 1108 1448 distineat,
1153 1366 1386 1435 exules
1426 1381 1660 1436 contra
1718 1365 1985 1442 foedera
2050 1371 2141 1437 ab
2210 1393 2293 1441 eo

46 1486 291 1575 recipi
338 1488 666 1575 queritur.
710 1484 977 1553 Interea
1004 1483 1346 1554 Bonvallis
1384 1508 1603 1576 unuin
1635 1509 1722 1553 ex
1750 1509 1982 1555 eorum
2012 1487 2300 1557 ducibus

46 1625 240 1670 cum
289 1603 730 1694 cataphractis
775 1605 846 1670 vi
889 1602 1143 1691 ingredi
1185 1615 1488 1702 conatur.
1527 1603 1727 1672 Porta
1770 1609 2004 1673 statim
2051 1628 2299 1697 magno

46 1722 349 1811 impetu
413 1718 675 1803 clausa,
727 1744 783 1786 -a
849 1720 1144 1800 civibus,
1190 1723 1312 1810 qui
1370 1743 1490 1810 per
1534 1723 1796 1791 moenia
1840 1722 2336 1793 Guicciardini·

50 1836 442 1928 vigilantia
484 1839 778 1928 dispositi
817 1834 1121 1917 fuerant,
1164 1849 1234 1904 et
1279 1837 1634 1919 militibus,
1679 1833 1799 1930 qui
1845 1864 1923 1910 ea
1968 1853 2164 1910 nocte
2206 1865 2295 1911 ex

44 1955 574 2026 Mutinensibus
617 1967 974 2036 venerant,
1023 1952 1219 2022 facile
1262 1955 1681 2047 propellitur.
1728 1957 1808 2025 In
1854 1981 1933 2027 eo
1979 1958 2292 2047 tumultu

46 2071 457 2140 Alexander
487 2070 818 2139 Triultius‘
859 2092 1065 2138 aenea
1109 2069 1349 2161 glande
1393 2094 1761 2161 percussus,
1790 2074 1967 2141 intra
1998 2073 2289 2146 biduum

47 2187 432 2257 occubuit.
457 2187 789 2256 Lesoutus
818 2210 1088 2277 quoque
1134 2188 1274 2277 ipse
1319 2189 1670 2255 tormentis
1714 2191 1933 2257 aeneis
1977 2189 2287 2260 sublatus

45 2318 250 2374 met
271 2355 293 2388 ,
335 2308 482 2378 nisi
506 2303 1003 2395 colloquentem
1050 2301 1625 2372 Guicciardinum.
1649 2302 1983 2375 offendere
2029 2310 2293 2378 timuis·

49 2433 250 2491 sent.
312 2422 518 2490 lllum
579 2445 736 2492 vero
796 2423 1141 2512 repentino
1206 2445 1471 2491 rumore
1538 2423 1957 2513 perculsum,
1999 2438 2070 2492 et
2122 2425 2290 2517 quid

55 2540 413 2632 agendum
469 2537 602 2609 sibi
666 2545 864 2607 esset'
902 2542 1232 2608 incertum
1250 2590 1273 2623 ,
1326 2540 1840 2608 Guicciardinus
1907 2544 1979 2608 in
2046 2543 2289 2610 urbem

52 2659 418 2751 perduxit,
446 2680 526 2726 ac
566 2657 656 2727 ab
699 2660 883 2726 omni
926 2660 1337 2728 imminentia
1380 2657 1665 2749 periculi
1711 2671 1900 2726 metu
1945 2656 2284 2728 liberavit.

56 2776 216 2847 Alii
262 2778 385 2869 qui
428 2776 515 2844 ad
559 2778 888 2845 sinistram
934 2798 1002 2843 se
1048 2788 1387 2844 verterant
1436 2776 1696 2865 equites
1758 2797 1916 2842 cum
1975 2798 2096 2866 per
2138 2797 2290 2846 cru-

58 2918 271 2963 oeam
317 2905 612 2984 portam,
658 2905 742 2960 ut
783 2891 1182 2960 mandatum
1227 2903 1405 2975 erat,
1447 2894 1809 2983 irrumpere
1854 2902 2285 2975 conarentur,

59 3010 163 3078 ab
212 3009 320 3077 his
360 3012 483 3101 qui
525 3005 856 3100 praesidio
900 3019 1090 3076 erant
1156 3006 1332 3099 pulsi
1400 3029 1518 3097 per
1569 3009 1747 3075 viam
1768 3058 1789 3088 ,
1842 3021 1911 3074 et
1955 3030 2141 3098 agros
2183 3032 2287 3075 re-

57 3127 254 3195 lictis
295 3128 498 3194 armis
548 3128 619 3193 in
675 3123 909 3217 fugam
960 3122 1233 3194 effusius
1288 3149 1357 3192 se
1400 3123 1673 3192 dederet
1721 3134 1789 3192 et
1832 3146 1992 3192 cum
2038 3126 2285 3192 Lescu-

59 3257 253 3326 tnrn,
295 3246 418 3335 qui
458 3247 530 3312 in
573 3243 740 3312 urbe
783 3254 1090 3333 receptus
1141 3255 1316 3324 erat,
1373 3256 1653 3332 captum
1713 3265 1848 3310 esse
1896 3239 2081 3311 fama
2124 3243 2284 3310 Par-

59 3386 260 3431 mam
308 3384 519 3453 usque
561 3360 939 3443 detulisset,
983 3364 1184 3429 ceteri
1228 3363 1351 3452 qui
1410 3360 1557 3428 aliis
1601 3364 1809 3451 portis
1856 3362 1993 3429 vim
2038 3357 2282 3445 inferre

57 3477 459 3558 voluerunt,
493 3489 592 3544 ·et
656 3480 783 3568 ipsi
851 3479 1135 3570 turpiter
1200 3475 1446 3568 repulsi
1502 3474 1714 3545 fuere.
1769 3476 2280 3546 Guicciardinns

58 3596 202 3663 etsi
231 3593 586 3663 Gallorum
631 3592 914 3686 perfidia
956 3618 1090 3663 non
1135 3594 1551 3663 mediocriter
1592 3607 1998 3674 commotus,
2043 3606 2124 3660 ut
2165 3592 2282 3660 da-

59 3725 219 3779 tam
291 3724 510 3780 tamen
577 3709 777 3779 fidem
842 3722 1169 3794 servaret,
1214 3709 1524 3780 illaesum
1570 3710 1938 3777 Lescutum
2000 3706 2276 3776 dimisit.

63 3829 156 3897 In
199 3830 426 3900 animo
471 3827 854 3896 habuerant
878 3826 1064 3896 Galli
1096 3838 1368 3918 captam
1399 3826 1637 3895 urbem
1660 3824 1965 3914 diripere,
1994 3833 2064 3890 et
2094 3845 2282 3907 eam,
2388 3909 2391 3914 y

65 3948 282 4013 caesis
317 3944 814 4028 exulibus,.suo
841 3947 1121 4036 irnperio
1151 3944 1458 4034 adjicere.
1488 3935 1845 4033 Fugientes
1872 3940 1960 4008 ad
1993 3940 2279 4012 Niceam

67 4062 333 4132 flumen
376 4062 784 4132 Friderieum
830 4061 1217 4154 Gonzagam
1259 4059 1509 4131 Botioli
1553 4061 1917 4152 principem
1964 4057 2280 4149 pedestri·-

67 4181 202 4251 bus
230 4180 593 4252 Gallorum
637 4182 844 4273 copiis
887 4179 1303 4272 praefectum
1339 4202 1499 4250 cum
1537 4176 1725 4250 mille
1769 4176 2105 4270 peditibus
2144 4175 2277 4247 sibi

1941 4292 2003 4345 31
