2950 5017
877 429 882 438 .
972 395 1175 444 menn
1218 399 1509 455 ommes
1566 413 1569 420 ⁴
2203 385 2332 451 383

63 517 452 618 Rhodigiq
515 539 672 586 oum
744 519 1209 607 adjacentibus
1265 520 1631 612 paludibus
1686 533 1974 616 retento,
2019 546 2061 592 a
2104 524 2333 593 Ferra-

68 639 314 706 riensi
371 636 554 705 bello
597 637 1047 719 discederent3
1093 637 1231 705 alia
1275 663 1431 708 vero
1486 639 1644 707 hine
1694 640 1847 708 inde
1897 653 2098 731 capta
2146 644 2334 712 resti-

71 768 492 824 tuerentur.
538 755 654 823 Ob
685 777 865 824 -eam
924 761 1439 826 conventionem
1487 759 1803 828 Hercules
1846 755 2154 843 Adriam,
2198 760 2337 829 Ad-

69 874 431 953 rianum,
483 871 945 955 comaclium,
995 872 1384 953 Melan-iam,
1440 873 2098 959 Castellumnovum,
2143 877 2338 945 Fica·

67 987 374 1070 tolum,
405 987 777 1056 Castellum
809 988 1260 1071 Gulielmum,
1307 990 1576 1060 Zanioli
1619 991 1941 1074 Bastiam,
1985 1015 2146 1062 eum
2190 1005 2338 1061 tota

73 1104 252 1172 Fili
300 1130 456 1188 ora,
496 1130 706 1197 quam
753 1087 999 1177 Veneti
1044 1121 1574 1199 occupaverant,
1619 1112 1894 1200 recepit.
1940 1108 2179 1178 Eidem
2221 1134 2340 1202 pa·

77 1222 399 1305 latium,
457 1225 642 1315 quod
694 1224 990 1300 Venetiis
1034 1225 1437 1315 possidebat,
1482 1250 1639 1293 oum
1690 1229 1873 1296 omni
1920 1229 2206 1318 pristina
2243 1228 2341 1295 di-

84 1343 388 1430 gnitate
432 1355 532 1407 est
575 1346 985 1409 restitutum.
1033 1331 1385 1433 Regienses
1427 1367 1704 1434 quoque
1760 1347 2096 1414 continuis
2147 1343 2342 1414 hellis

86 1461 394 1534 attritos
440 1462 786 1527 miseratus
840 1458 1153 1529 Pontifex
1215 1463 1310 1528 eis
1357 1462 1815 1544 deeimarum,
1863 1483 2033 1553 quas
2084 1460 2345 1553 flagita:-

88 1589 341 1656 verat,
387 1583 799 1646 exactionem
848 1580 1125 1647 remisit.
1173 1576 1489 1647 Solutam
1536 1582 1890 1669 pecuniam
1946 1580 2126 1671 apud
2170 1580 2344 1649 Bon·

93 1689 525 1760 stanciseu'm
573 1697 941 1761 antistitem
991 1709 1408 1785 sequestrum
1454 1695 1694 1786 deponi
1750 1699 1987 1763 sacrati
2042 1699 2167 1763 viri
2228 1693 2344 1787 po-

91 1810 506 1891 stulabant,
535 1833 743 1902 quam
775 1835 934 1878 eum
969 1835 1213 1879 avarus
1242 1825 1553 1903 quaestor
1585 1816 1928 1880 restituere
1957 1825 2349 1894 recusasset,

97 1929 419 2018 religiosi
485 1931 555 1996 in
605 1929 848 2017 majus
916 1929 1249 2019 templum
1295 1933 1691 2012 convocati,
1737 1953 1978 2021 magno
2040 1930 2346 2013 tumultu

97 2047 451 2126 excitato,
496 2044 692 2113 illum
738 2047 929 2115 honis
973 2046 1284 2115 omnibus
1328 2047 1746 2114 denudatum
1793 2050 1864 2115 in
1912 2046 2190 2115 celerem
2236 2045 2346 2115 fua

97 2185 280 2253 gam
338 2162 842 2253 compulerunt.
896 2161 999 2231 Eo
1056 2187 1231 2232 anno
1284 2164 1844 2254 christophorus,
1893 2164 2220 2247 Iacobus,
2277 2176 2348 2235 et

103 2278 493 2348 Leonellus
537 2279 777 2348 Zoboli
797 2331 837 2365 ‚‚
861 2279 1166 2348 millibus
1220 2304 1576 2362 aureorum
1630 2304 1750 2371 pro
1793 2280 2064 2350 donario
2106 2284 2348 2352 consti-

97 2399 333 2478 tutis,
389 2395 569 2464 Sixti
637 2396 905 2464 Summi
972 2395 1318 2466 Pontifieis
1385 2402 1784 2467 auctoritate
1853 2398 2014 2466 Divi
2080 2398 2349 2467 Nicolai

111 2512 469 2605 templum
524 2537 723 2582 suum
775 2514 1277 2604 juspatronatus
1330 2512 1643 2582 futurum
1699 2514 2189 2595 condiderunt3
2233 2514 2350 2581 sed

103 2653 359 2712 mum,
402 2631 583 2721 quod
628 2633 696 2699 in
742 2610 1044 2721 eligendo
1094 2632 1390 2722 praesule
1436 2631 1758 2711 habebat,
1803 2630 2148 2704 caleulum
2178 2631 2351 2700 Leo*-

115 2746 352 2818 nellus
399 2748 701 2839 Regiensi
745 2751 1064 2828 entistiti,
1093 2762 1181 2816 ·et
1226 2747 1346 2817 ille
1392 2772 1616 2817 rursus
1656 2747 1898 2816 Carolo
1930 2745 2190 2817 Zobolo
2235 2747 2353 2816 do·-

119 2868 349 2935 navit.
397 2867 488 2934 Hi
534 2881 762 2934 autem
808 2891 895 2934 ex
939 2868 1338 2948 Franconia,
1385 2866 1508 2932 uhi
1555 2865 1777 2934 adhuc
1808 2865 2050 2934 Zoboli
2095 2867 2164 2933 in
2208 2888 2354 2933 ma-

121 3007 267 3074 gna
310 2984 637 3074 dignitate
682 2984 1062 3065 habentur,
1118 2987 1346 3051 venire
1400 2984 1795 3064 creduntur,
1862 3007 1903 3049 a
1969 2980 2354 3074 sobolisque

124 3097 454 3191 pellibus,
495 3124 666 3191 quas
711 3100 917 3191 vulgo
961 3099 1334 3191 gebellinas
1377 3123 1731 3180 vocamus,
1764 3097 2061 3167 familiae
2105 3121 2354 3172 nomen

129 3217 434 3285 inditum
479 3214 711 3285 ‘fuisse
779 3217 993 3309 aliqui
1060 3229 1447 3285 autumant.
1511 3215 1854 3307 Siquidem
1926 3213 2053 3285 hae
2103 3228 2355 3299 vestes,

129 3359 315 3427 quae
369 3339 648 3404 summis
708 3349 971 3404 tantum
1021 3339 1179 3405 viris
1227 3338 1294 3403 in
1341 3336 1702 3403 Germania
1751 3335 2181 3454 tribuuntur,
2235 3359 2354 3427 pro

133 3476 411 3522 summo
459 3452 708 3523 honore
749 3456 906 3544 ipsis
940 3464 1299 3524 'concessae
1345 3452 1550 3522 fuisse
1581 3454 1917 3522 dicuntur.
1963 3454 2123 3523 Post
2146 3454 2357 3533 haec,

131 3573 396 3662 ingenti
452 3582 859 3639 terraemotu
929 3571 1098 3639 urbe
1165 3591 1529 3653 concussa,
1574 3572 1782 3638 etiam
1834 3569 2213 3661 pestilentia
2256 3580 2361 3637 est

134 3689 578 3772 laboratum3
623 3702 694 3757 et
737 3703 896 3756 oum
942 3689 1033 3757 ab
1073 3691 1274 3758 initio
1320 3690 1562 3758 mensis
1616 3690 1842 3756 martii
1897 3710 2110 3778 usque
2153 3683 2238 3755 ad
2282 3679 2361 3752 fi-

131 3827 296 3878 nem
343 3812 507 3880 anni
551 3831 900 3898 nunquam
950 3806 1252 3899 pluisset,
1281 3820 1586 3875 extrema
1615 3810 1819 3874 etiam
1856 3807 2134 3898 penuria
2165 3807 2361 3872 time-

135 3927 386 3996 batur:
435 3949 614 4018 quae
659 3928 840 3994 enim
900 3936 1111 3993 terrae
1177 3924 1500 3994 mandata
1564 3936 1754 3992 erant
1819 3926 2076 3993 semina
2140 3921 2362 3991 adhue

131 4046 268 4113 suh
312 4043 530 4114 humo
577 4055 966 4113 conservata
1011 4041 1311 4114 nondum
1357 4066 1430 4112 se
1476 4037 2061 4123 ostenderant,=ut
2097 4040 2180 4107 de
2224 4038 2362 4109 fru-

133 4163 339 4254 gibus
386 4158 638 4231 futuris
681 4160 1171 4252 desperaretur:
1219 4161 1494 4230 demum
1542 4173 1732 4230 tanta
1782 4162 1955 4228 nivis
2008 4158 2204 4250 copia
2247 4156 2361 4225 de-
