2950 5017
961 425 1161 470 manu
1208 427 1501 480 Qum-rus
2199 407 2326 477 333

76 563 216 618 tem
250 558 596 618 creatum
632 547 809 638 pileo
841 547 1051 616 Ducis
1081 551 1345 639 insigni,
1376 561 1445 616 et
1476 546 1686 618 nobili
1722 545 2058 615 humerali
2082 545 2327 638 (vulgo

75 667 432 734 Baverum
502 667 800 753 vooant)
848 668 1231 733 exornavit.
1277 637 1504 750 Quam
1549 665 1638 733 ob
1683 687 1993 745 oausam,
2036 686 2217 754 quae
2263 665 2328 730 ei

75 784 424 873 parebant
475 784 790 849 civitates
835 782 1113 871 legatos,
1140 785 1264 873 qui
1296 782 1572 873 publico
1603 784 1871 850 nomine
1900 779 2104 849 fidem
2151 803 2330 850 novo
2356 829 2379 856 ,

79 898 547 988 jurejurando
590 900 1110 989 obstringerent,
1156 903 1513 968 miserunt.
1572 899 1707 969 Tot
1760 901 2064 989 speciosis
2112 897 2330 966 titulis

81 1015 307 1085 elatus
353 1017 666 1094 Ioannes
710 1016 1125 1097 Galleaoius,
1172 1028 1252 1083 ut
1299 1041 1566 1096 eorum,
1609 1019 1731 1106 qui
1775 1028 2011 1086 eontra
2057 1039 2129 1096 se
2170 1038 2329 1084 eon·

87 1131 233 1200 silia
276 1136 626 1212 inierant,
670 1131 1022 1199 audaciam
1063 1131 1542 1211 contunderet,
1585 1132 1940 1199 Mantuam
1986 1132 2336 1221 quampri-

88 1273 278 1318 mum
325 1252 406 1318 in
459 1273 666 1318 suam
714 1261 1112 1340 potestatem
1144 1250 1435 1340 redigere
1478 1251 1853 1318 oenstituit.-
1898 1248 2166 1338 Ingenti
2208 1250 2335 1316 ita-

89 1390 219 1457 que
286 1378 550 1435 coacto
621 1368 923 1436 exercitu
954 1368 1021 1430 (¹)
1054 1368 1364 1456 ‚primum
1411 1366 1807 1444 Luzariam,
1853 1362 2335 1454 Susariamque

91 1505 222 1550 uon
265 1481 616 1573 ignobilia
659 1479 935 1550 castella
965 1481 1215 1557 Iacobo
1244 1480 1525 1549 Vermio
1568 1483 1913 1571 copiarum
1960 1479 2133 1546 duee
2179 1489 2337 1548 octo

95 1597 351 1665 dierum
399 1599 639 1688 spatio
683 1598 1123 1687 expugnavit..
1166 1595 1335 1663 'Inde
1380 1619 1734 1664 conversus
1780 1596 1866 1663 ad
1912 1595 2334 1676 Mellariam,

105 1737 305 1805 quam
349 1716 428 1782 in
481 1713 654 1782 Padi
699 1716 843 1803 ripa
888 1714 1270 1802 expositam
1302 1713 1592 1780 Atestini
1641 1712 1970 1802 Gonzagis
2015 1714 2340 1802 oppigno-

111 1843 448 1910 raverant,
498 1830 693 1900 brevi
740 1852 889 1896 eam
921 1852 1226 1919 quoque,
1271 1851 1436 1896 mox
1480 1829 1907 1908 Mareariam,
1951 1841 2022 1894 et
2066 1827 2340 1918 Campi-

113 1944 342 2014 tellum
416 1948 496 2014 in
570 1968 765 2016 suam
836 1958 1235 2035 potestatem
1290 1944 1579 2035 redegit.
1651 1945 1773 2011 His
1832 1946 1997 2011 actis
2049 1944 2343 2020 Iacobus

117 2062 430 2132 Vermius
477 2065 934 2156 quadraginta
967 2064 1282 2132 rostratis
1336 2063 1624 2131 navibus
1670 2087 1787 2153 per
1833 2061 2206 2130 Eridanum
2253 2061 2339 2132 ad
2427 2049 2453 2140 J

113 2163 510 2271 Burgifortis
559 2194 835 2273 pontem
868 2180 1130 2248 delatus
1159 2183 1369 2266 atroci
1403 2163 1653 2271 praelio
1699 2179 1923 2248 hostes
1969 2182 2156 2249 vicit.
2203 2180 2341 2264 Qui
2422 2265 2425 2270 Ι

117 2293 280 2363 eladi
320 2294 817 2389 superfuerunt
862 2322 1105 2388 magno
1152 2300 1376 2374 animo
1443 2296 1527 2364 ad
1594 2296 2084 2387 prohibendum
2133 2298 2343 2366 victo-

118 2412 292 2482 ribus
340 2418 715 2483 transitum
769 2416 1289 2494 contenderunt:
1338 2414 1450 2482 sed
1496 2413 1600 2482 illi
1657 2412 1927 2490 favente
1981 2426 2220 2495 vento,
2256 2427 2342 2482 ,et

124 2532 420 2599 secundis
465 2531 643 2600 Padi
699 2530 1021 2599 fluctibus
1076 2554 1319 2621 magno
1373 2536 1635 2621 impetu
1690 2534 1906 2610 vecti,
1957 2529 2217 2597 facibus
2269 2532 2342 2597 in

123 2640 401 2733 ligneam
473 2651 832 2716 materiam
904 2646 1191 2733 injectis,
1264 2661 1541 2737 pontem
1613 2644 1812 2711 facile
1882 2644 2341 2712 incenderunt.

129 2758 390 2832 Carolus
434 2763 803 2831 Malatesta
848 2761 1040 2830 velut
1087 2762 1254 2830 alter
1302 2760 1540 2830 Cocles
1595 2785 1754 2827 eum
1812 2763 2344 2830 constantissime

134 2874 444 2962 defendit,
489 2880 708 2949 donee
754 2893 1112 2971 superante
1156 2878 1433 2946 flamma
1489 2880 1794 2945 omnium
1849 2877 2132 2944 ultimus
2184 2899 2344 2943 eum

135 2990 471 3067 Francisco
522 2996 843 3086 Gonzaga
874 3020 943 3064 se
974 2997 1333 3064 Mantuam
1379 2997 1675 3085 recipere
1721 3006 1992 3064 coactus
2036 3007 2164 3068 est.
2209 2992 2345 3061 Eos

138 3122 385 3180 secutus
429 3114 752 3182 Vermius
798 3112 1037 3182 urbem
1085 3113 1422 3179 munitam
1469 3110 1721 3200 ingredi
1767 3134 1900 3178 non
1936 3112 2199 3201 potuit,
2227 3108 2346 3177 sed

138 3231 344 3297 omnia
398 3234 559 3322 igne
614 3231 918 3323 ferroque
965 3230 1323 3298 absumens
1377 3229 1705 3297 suburbia
1750 3231 2064 3296 vastavit.
2111 3227 2347 3297 Conti-

141 3346 276 3411 nuis
319 3348 546 3430 bellis,
592 3349 1156 3439 immoderatique
1203 3348 1590 3438 sumptibus
1647 3349 1917 3413 attritus
1962 3344 2346 3413 Galleacius
2392 3335 2399 3342 ’

143 3479 348 3529 mense
414 3466 591 3552 julio
659 3465 1017 3555 vectigalia
1063 3464 1497 3555 duplicavit„
1522 3487 1645 3531 neo
1692 3462 1912 3532 multo
1959 3475 2114 3554 post
2160 3461 2347 3530 aliud

147 3597 401 3670 quoque
429 3582 688 3675 duplex
722 3583 1056 3654 tributum
1102 3586 1504 3674 imperavit3
1536 3598 1606 3649 et
1635 3605 1791 3648 oum
1826 3583 2106 3648 tertium
2139 3584 2348 3647 etiam

155 3708 289 3780 Post
332 3721 583 3788 paucos
634 3702 777 3770 dies
831 3702 1220 3783 indixisset,
1265 3714 1535 3769 tantum
1582 3724 1754 3769 onus
1799 3723 1932 3768 nou
1980 3696 2352 3766 ferentibus

152 3812 428 3899 civibus,
473 3844 765 3911 quorum
819 3820 907 3888 ad
961 3823 1338 3888 extremam
1393 3821 1696 3909 inopiam
1744 3817 2050 3909 plerique
2094 3815 2351 3886 redacti

155 3920 447 4018 fuerunt,
492 3936 769 4008 dimidia
825 3948 1096 4005 tantum
1164 3959 1316 4027 pars
1384 3949 1627 4003 exacta
1694 3934 2033 4026 reliquum
2079 3933 2353 4001 ditiores
2406 4005 2413 4012 ,

232 4183 314 4256 (⁸)
345 4209 626 4251 Ιῦωιανιι
659 4197 744 4253 die
782 4215 850 4250 m
884 4197 1085 4268 aprilis.
