2950 5017
893 416 1097 463 mana
1141 418 1436 475 Qum-rus
2130 404 2261 494 373

68 541 338 612 antium
419 536 853 610 traderentur
868 590 890 621 ,
933 540 1120 631 quod
1184 542 1553 611 exactionis
1616 562 1825 631 genus
1863 539 2271 635 salgamum

68 658 172 726 lim
217 655 627 726 vocabatur
655 656 757 724 (ί).
804 656 884 722 Id
913 679 1102 732 ‚onus
1145 659 1590 748 rusticis,·qui
1634 660 1706 725 in
1752 657 1929 727 villis
1973 660 2058 726 ad
2104 683 2259 730 eam

68 795 399 866 npensam
453 776 747 865 aptiores
776 773 1201 857 videbantur,
1218 774 1618 862 ‚injunctum
1647 772 1804 844 fuit.
1835 777 2047 844 Zeam
2078 799 2257 869 quac

68 891 106 959 d
130 889 422 960 alendos
451 911 671 981 equos
716 911 885 979 opus
928 902 1094 972 erat,
1124 894 1365 982 quanti
1389 904 1563 959 tunc
1594 890 2030 974 vendebatur,
2061 896 2262 984 quin-

69 1031 148 1075 ne
177 1007 451 1076 assibus
483 1019 802 1076 monetae
843 1009 1088 1077 veteris
1130 1010 1204 1076 in
1249 1006 1543 1098 singulos
1586 1031 1806 1077 saccos
1837 1008 1937 1076 ab·
1957 1010 2263 1100 agricolis

68 1147 221 1193 scus
263 1123 582 1193 emebat.
613 1122 764 1191 -Sed
808 1146 969 1191 cum
1007 1126 1170 1215 ipsis
1200 1123 1448 1192 durum
1480 1136 1648 1192 esset
1690 1124 1874 1215 apud
1916 1148 1984 1193 se
2027 1143 2262 1197 exosos

68 1241 266 1311 milites
307 1242 611 1323 habere,
655 1242 927 1310 tandem
973 1240 1414 1312 obtinuerunt
1461 1255 1543 1311 ut
1584 1240 1921 1311 infaustae
1965 1242 2261 1336 hospita·-
2328 1320 2336 1326 ,

68 1363 236 1444 itatis
279 1360 808 1430 incommodum
853 1351 1136 1451 pecunia
1188 1373 1676 1452 permutarent.
1721 1352 2107 1429 Decretum·
2134 1364 2264 1430 ita·

68 1499 162 1568 [ne
197 1489 282 1545 ut
321 1500 454 1568 pro
483 1475 770 1566 singulis
798 1479 988 1569 equis
1017 1489 1309 1569 quatuor
1338 1477 1486 1565 ej'us
1515 1467 1834 1550 monetae
1875 1491 2260 1548 menstruae

69 1592 240 1661 ibrae
301 1592 769 1675 solverentur,
815 1572 993 1685 quae
1038 1606 1186 1664 tota
1229 1607 1495 1664 summa
1563 1596 1897 1663 sexdecim
1966 1594 2265 1666 millium

68 1710 354 1780 librarum
423 1722 674 1803 postea
743 1735 804 1778 a.
850 1714 1119 1780 rusticis
1170 1714 1534 1803 quotannis
1591 1725 1831 1782 exacta
1879 1711 2055 1782 fuit:
2103 1733 2265 1783 nam

68 1827 317 1898 Hercule
388 1852 434 1897 a
508 1827 917 1898 Florentinis
981 1829 1394 1912 discedente,
1451 1834 1581 1898 etsi
1635 1835 1927 1922 equites,
1973 1855 2266 1923 quorum

68 1967 238 2033 opera
277 1944 587 2036 amplius
643 1968 811 2036 opus
876 1970 1015 2014 non
1082 1959 1255 2027 erat,
1300 1957 1461 2014 sunt
1503 1946 1863 2030 dimmissi‚
1906 1947 2268 2017 solvendae

68 2073 268 2132 tamen
310 2065 653 2153 pecuniae
683 2060 945 2132 functio
979 2077 1301 2154 perpetua
1331 2066 1600 2133 mansit.
1635 2064 1715 2131 Id
1745 2086 1956 2154 genus
2000 2065 2269 2147 tributi,

69 2183 207 2267 qnia
243 2183 313 2249 in
359 2204 631 2273 equum
662 2192 957 2271 quatuor
995 2180 1177 2248 illius
1225 2184 1545 2271 temporis
1589 2181 1916 2250 librarum
1961 2185 2270 2252 aestima-

72 2297 232 2364 tione
276 2310 601 2366 taxatum
648 2311 817 2394 crat,
862 2309 1061 2365 taxac
1106 2310 1265 2366 sunt
1311 2298 1725 2388 appellatae,
1765 2311 2057 2390 quorum
2082 2323 2271 2391 qua-

73 2410 242 2482 drans
283 2428 522 2506 postea
569 2414 839 2505 benigni
883 2417 1194 2506 principis
1238 2414 1648 2484 liberalitate
1700 2419 1964 2487 civitati
2010 2429 2111 2485 est
2153 2416 2273 2488 do·

77 2543 271 2614 natus,
299 2559 420 2602 nec
447 2536 593 2603 nisi
618 2533 970 2602 duodecim
1015 2533 1231 2601 millia
1275 2533 1603 2602 librarum
1648 2533 1847 2602 hodie
1891 2532 2266 2603 solvuntur.

79 2644 188 2714 Hic
221 2671 450 2719 census
510 2674 642 2741 pro
700 2649 901 2719 modo
953 2649 1077 2719 soli
1121 2652 1521 2718 rusticorum
1567 2651 1737 2739 agris
1780 2650 2133 2739 impositus
2174 2648 2277 2717 di-

83 2769 309 2835 stractis
350 2769 648 2859 praediis
691 2790 852 2836 cum
896 2792 1020 2837 suo
1065 2767 1495 2838 incommodo
1526 2767 1611 2834 ad
1654 2777 2023 2857 emptorem
2065 2769 2276 2836 etiam

91 2881 280 2951 civem
324 2888 602 2966 transit,
628 2898 698 2954 et
727 2908 850 2976 pro
877 2907 995 2951 nea
1031 2884 1355 2975 exigenda
1397 2882 1672 2973 perinde
1717 2906 1798 2949 ac
1841 2885 1897 2951 si
1941 2886 2098 2974 equi
2143 2883 2281 2952 ale-

87 3011 313 3082 rentur,
355 3000 566 3072 fiscus
603 3004 677 3070 in
722 3001 1017 3091 singulos
1072 3023 1293 3071 saccos
1343 3025 1481 3071 non
1538 2999 1694 3091 plus
1736 3002 2042 3092 quinque
2098 3023 2278 3070 asses

92 3127 365 3185 monetae
409 3120 737 3211 antiquae
773 3117 1004 3198 solvit,
1034 3141 1173 3208 quo
1210 3119 1416 3184 etiam
1461 3120 1676 3207 pretio
1721 3114 1890 3186 olim
1933 3118 2070 3185 cmi
2118 3139 2282 3186 con·
2314 3167 2321 3174 -

99 3246 399 3301 sueverat.
442 3235 709 3305 verum
753 3234 959 3323 hujus
1005 3258 1279 3326 quoquc
1323 3233 1565 3303 tributi
1615 3255 1770 3324 pars
1815 3235 2011 3302 tertia
2054 3243 2299 3325 postea.

101 3342 178 3410 ab
213 3348 553 3440 Alphonso
597 3356 867 3422 remissa
908 3351 1068 3421 fuit.
1122 3351 1201 3419 Id
1260 3350 1497 3442 13abuli
1568 3374 1776 3442 genus
1840 3351 2024 3442 quod
2094 3353 2287 3442 equis

103 3458 243 3532 olim
282 3470 725 3556 praebebatur
768 3481 978 3561 caput
1020 3492 1142 3538 seu
1185 3471 1536 3561 capitatio,
1579 3479 1664 3536 ut
1706 3478 1943 3538 auctor
1970 3479 2074 3536 ‘est
2108 3468 2288 3538 Mar-

104 3576 350 3654 oellinus
385 3589 490 3671 (⁸),
537 3586 945 3670 vocabatur,
1003 3610 1297 3679 quorum
1363 3584 1676 3677 frequens
1742 3589 1816 3655 in
1881 3586 2031 3672 jure
2096 3582 2286 3653 civili

109 3701 329 3771 mentio
369 3716 471 3774 est
495 3705 566 3776 (3)
581 3756 601 3775 .
646 3704 749 3777 Eo
793 3729 970 3776 anno
1015 3705 1310 3794 Antonio
1355 3702 1756 3773 Trombetto
1799 3711 2068 3774 mortuo
2110 3698 2287 3769 Bon·

174 3925 330 3996 (=)1..
365 3950 485 4004 hc.
517 3938 764 4010 desalga.
796 3938 908 3994 mil.
939 3954 1050 3994 uon
1083 3944 1272 4009 praest-

175 4019 247 4090 (a)
273 4024 385 4082 Lib.
413 4048 556 4092 ιαμ.

180 4110 251 4182 (3)
279 4115 339 4171 In
371 4119 407 4172 Ι.
439 4124 534 4178 ult.
566 4144 609 4180 e.
643 4126 708 4179 de
738 4142 852 4180 oro.
883 4124 1017 4178 mili.
1048 4140 1132 4177 an.
1174 4123 1276 4198 lib..
1301 4140 1418 4190 ιιι,
1450 4128 1504 4177 ct
1535 4121 1595 4176 in
1629 4138 1692 4176 co
1733 4126 1772 4174 t.
1805 4135 1850 4173 c.
1882 4120 1948 4174 de
1980 4134 2064 4171 an.
2096 4124 2149 4173 ct
2181 4133 2292 4189 cap.

120 4194 169 4250 ᾗ
193 4203 231 4273 5
259 4206 381 4267 iuna
414 4214 471 4269 in
504 4227 638 4275 auct.
671 4226 730 4274 ut
761 4218 894 4274 indi.
927 4217 1040 4274 sine
1073 4232 1229 4291 quoq.
1264 4215 1437 4271 suffra.
1471 4213 1620 4269 fiant.
1652 4221 1705 4268 et
1736 4210 1881 4270 alibi.
