2950 5017
939 426 1137 472 turta
1181 425 1476 481 Qun-rus
2152 404 2278 472 281

26 542 437 615 mnus
481 543 722 614 Parma
779 547 1049 627 amissa,
1093 570 1247 614 cum
1294 549 1497 615 etiam
1546 545 1731 614 Luca
1794 568 1872 614 se
1925 546 2287 612 cariturum

26 661 390 746 vident,
450 663 948 754 quamprimum
992 661 1233 733 Obicio
1274 665 1578 732 Atestino
1643 673 1711 729 et
1775 661 2291 731 Bononiensibus

26 776 422 847 advenas
452 778 798 868 Gonzagos
841 801 911 846 se
939 778 1325 864 conjunxit,
1372 801 1447 846 ac
1491 777 2010 848 Mantuanorum
2055 798 2290 868 agrum

26 894 218 983 igne
241 943 277 976 ‚
367 891 678 984 ferroque
742 894 1070 961 vastavit.
1120 892 1371 962 Contra
1435 893 1697 961 Loisius
1761 916 1920 963 cum
1984 892 2289 962 Luchino

26 1008 534 1079 vicecomite
576 1006 929 1076 Mediolani
975 1010 1268 1098 principe
1309 1005 1567 1076 foedere
1623 1031 1928 1097 percusso
1989 1008 2069 1075 ad
2130 1010 2295 1075 reci-

27 1126 350 1217 pienda
393 1146 576 1217 quae
616 1147 659 1192 a
701 1123 1033 1193 Folleanis
1087 1124 1589 1214 possidebantur
1657 1122 1929 1191 castella
1996 1127 2291 1194 animum

27 1240 428 1311 intendit.
473 1241 555 1309 In
597 1242 823 1331 primis
867 1240 951 1307 ad
995 1240 1432 1331 diripiendum
1465 1238 1813 1307 Scandiani
1859 1218 2089 1330 agrum
2135 1264 2293 1307 con-

36 1380 329 1426 versus
378 1376 602 1426 nonas·
618 1356 791 1443 junii
821 1356 1178 1424 Recettum
1211 1368 1309 1422 est
1343 1355 1734 1447 populatus,
1765 1379 1843 1423 ac
1871 1355 2294 1423 Matthaeum

41 1473 515 1544 Folleanum
555 1471 811 1553 locum,
841 1470 1044 1540 salvis
1074 1472 1270 1540 rebus
1315 1484 1385 1540 et
1429 1473 1838 1554 hominibus,
1866 1472 2090 1540 cedere
2118 1495 2299 1541 com-

53 1589 307 1681 pulit.
359 1590 479 1656 Ab
522 1588 653 1656 alia
697 1603 881 1679 parte
924 1589 1191 1677 Bojardi
1238 1600 1307 1655 et
1351 1591 1477 1680 ipsi
1525 1612 1764 1680 magno
1827 1612 1980 1656 cum
2052 1612 2298 1680 paupe-

63 1728 250 1773 rum
301 1703 707 1773 detrimento
751 1703 960 1794 Bagni
1005 1727 1250 1794 pagum
1297 1727 1456 1771 cum
1501 1705 1946 1772 animantibus
1988 1705 2297 1772 incende-

69 1835 296 1891 runt.
362 1821 678 1890 Ceterum
745 1845 906 1888 cum
965 1821 1280 1889 Albertus
1344 1819 1637 1912 Scaliger
1702 1846 1832 1890 non
1902 1822 2297 1890 mediocrem

77 1962 190 2006 ex
236 1937 617 2007 Mantuano
661 1961 813 2028 agro
857 1937 1165 2029 praedam
1212 1938 1531 2029 abigeret,
1574 1937 1990 2029 Philippinus
2035 1949 2106 2006 et
2149 1936 2302 2006 Fel-

79 2058 328 2124 trinus
375 2055 579 2122 Loisii
623 2055 818 2133 liberi
861 2057 922 2122 ei
967 2054 1210 2122 illitam
1256 2058 1572 2147 sanguine
1620 2055 2063 2124 chirothecam
2108 2057 2300 2123 mise-

79 2185 268 2240 runt
317 2170 447 2259 (id
492 2168 701 2237 futuri
731 2170 1074 2241 conflictus
1101 2175 1362 2263 signum
1396 2173 1618 2259 erat):
1668 2194 1815 2239 eam
1858 2170 2035 2240 laeto
2077 2174 2300 2241 animo

89 2290 419 2380 accipere
484 2286 800 2355 Albertus
869 2287 1245 2369 simulavit,
1304 2288 1419 2355 sed
1485 2288 1726 2356 relictis
1800 2288 2294 2378 impedimentis

91 2405 426 2496 sequenti
490 2414 685 2472 nocte
750 2407 994 2472 tacitus
1039 2404 1354 2472 discessit.
1399 2406 1619 2472 Hostis
1663 2408 1951 2472 versutia
1996 2406 2297 2494 cognita,

96 2519 422 2608 Gonngi
487 2541 644 2586 cum
700 2521 836 2586 suis
895 2530 965 2587 et
1008 2520 1295 2588 Luchini
1359 2523 1565 2610 copiis
1628 2523 1696 2586 in
1763 2518 2076 2609 Scaligeri
2139 2518 2301 2586 fines

101 2633 585 2725 populabundi
628 2636 1065 2703 incursionem
1094 2633 1377 2703 faciunt.
1409 2633 1733 2702 Martinus
1761 2647 1843 2701 ut
1870 2646 2010 2701 erat
2041 2633 2300 2722 ingenio

111 2748 316 2820 ferox
362 2749 447 2817 ed
492 2749 838 2817 arcendam
884 2753 1022 2818 vim
1082 2753 1286 2840 portis
1336 2751 1585 2839 erupit,
1637 2770 1716 2815 ac
1784 2748 2034 2839 praelio
2099 2768 2301 2838 prope

103 2865 533 2958 Nugarolam
576 2866 1054 2936 veronensium
1099 2867 1417 2957 oppidum
1462 2877 1782 2946 conserto,
1812 2867 2059 2956 ingenti
2089 2878 2300 2954 strage
2412 2858 2417 2863 ’

111 2994 228 3051 cst
280 2982 687 3073 profligatus,
733 2983 1068 3074 multique
1113 2983 1461 3051 Mantuam
1509 2984 1756 3074 captivi
1807 2993 1965 3051 sunt
2007 2981 2299 3049 deducti.

111 3096 488 3190 Reliquum
535 3104 689 3168 anni
731 3102 801 3168 in
846 3099 1226 3191 diripiendis
1268 3099 1446 3166 villis
1492 3110 1593 3167 est
1632 3110 2127 3188 consumptum.
2171 3097 2304 3165 Re·

109 3217 378 3306 gienses
418 3213 813 3297 Sabionem,
856 3217 1161 3285 Casalem
1216 3237 1568 3306 magnum,
1610 3214 2050 3296 Turicellam,
2092 3215 2304 3298 Quer-

115 3331 399 3412 tiolam,
443 3330 913 3421 Carpinetum,
956 3333 1419 3413 Livizzanum,
1463 3331 1788 3400 Sanctum
1834 3330 2301 3412 Valentinum,

113 3460 186 3514 et
228 3444 611 3515 Rodelliam
642 3446 1105 3516 Folleanorum
1150 3447 1425 3516 castella
1469 3471 1584 3537 per
1627 3458 1782 3516 octo
1826 3446 1966 3513 dies
2007 3446 2307 3515 devasta-

115 3575 305 3631 runt.
348 3561 601 3631 Contra
643 3562 743 3630 illi
786 3587 944 3631 cum
987 3564 1121 3631 alia
1163 3567 1276 3633 via
1318 3564 1617 3632 Loisium
1670 3562 1896 3630 ulcisci
1958 3588 2090 3630 non
2157 3585 2309 3651 pos-

120 3691 300 3759 sent,
329 3676 416 3745 ad
444 3679 747 3763 Quatuor
774 3678 1067 3748 castella
1104 3679 1472 3771 diripienda
1511 3690 2013 3748 convertuntur.
2055 3677 2304 3768 Philip-

120 3797 324 3883 piuus
351 3791 737 3878 canussius,
767 3799 885 3887 qui
929 3798 999 3864 in
1037 3796 1257 3886 Gypsi
1285 3809 1360 3862 et
1385 3795 1689 3864 Crustuli
1734 3794 1990 3886 oppidis
2034 3817 2102 3861 se
2146 3816 2304 3862 con-

127 3910 411 3992 tinebat,
453 3911 575 3978 ubi
619 3935 741 3979 sua
782 3915 923 4004 rapi
969 3916 1204 3995 cernit,
1250 3936 1406 3980 cum
1446 3910 1809 3981 Manfredis
1852 3914 2042 3980 sociis
2086 3910 2307 3979 hostes

131 4028 202 4094 in
244 4023 476 4119 fugam
543 4032 710 4121 egit,
753 4054 830 4099 ac
871 4042 1156 4123 quatuor
1220 4042 1489 4101 tantum
1558 4033 1808 4123 captis,
1868 4028 2305 4121 quadraginta

132 4144 518 4213 trucidavit.
