2950 5017
665 419 796 510 898
1405 431 1645 479 anun
1705 431 2125 478 amianarum

664 557 901 626 xandri
930 552 1268 626 Pontificis
1296 551 1509 623 filiam
1530 604 1550 636 ,
1576 554 1796 625 cento
1823 566 1894 621 et
1922 554 2126 622 Plebe
2169 552 2429 645 oppidis
2473 553 2560 622 ad
2609 553 2881 623 Renum

660 678 731 742 in
777 676 1003 744 dotem
1048 673 1359 763 acceptis,
1403 695 1686 740 uxorem
1728 671 1962 739 duxit:
2011 684 2085 738 et
2123 671 2319 762 Regii
2367 671 2611 761 templi
2662 677 2885 739 maxi-

663 794 758 859 mi
806 790 1328 881 hemispherium
1397 792 1652 880 ingenti
1724 790 1943 857 studio
2012 788 2439 857 aedificatum
2501 787 2669 857 fuit.
2715 789 2884 877 Ejus

660 911 817 975 anni
865 906 1106 998 hyeme
1150 918 1422 997 propter
1464 909 1680 987 nives,
1709 927 1887 996 quae
1927 904 2011 973 ad
2042 906 2270 972 decem
2315 919 2470 975 octo
2515 909 2875 973 unciarum

659 1023 1088 1091 altitudinem
1157 1023 1543 1090 ceciderunt
1570 1005 1611 1103 ,’
1652 1045 1790 1092 non
1861 1041 2112 1112 paucae
2178 1022 2373 1089 aedes
2435 1034 2880 1091 corruerunt.

655 1138 1037 1209 Alexander
1081 1162 1240 1208 vero
1285 1135 1604 1209 Pontifex
1647 1138 1816 1206 dum
1870 1141 2362 1228 provinciarum
2428 1140 2722 1229 imperio
2788 1143 2880 1207 in-

658 1255 830 1336 hiat,
859 1258 928 1326 in
959 1255 1182 1326 medio
1224 1258 1365 1346 spei
1408 1275 1610 1324 cursu
1654 1257 2042 1344 pincernam
2087 1257 2443 1321 incautum
2474 1252 2875 1322 fallentibus

656 1373 942 1463 lagenis,
989 1394 1171 1464 quae
1221 1394 1482 1440 veneno
1525 1367 1818 1439 infectae
1884 1373 1954 1438 in
2022 1368 2303 1439 aliorum
2351 1374 2720 1461 perniciem
2771 1395 2878 1462 pa-

653 1504 843 1557 ratae
884 1485 1192 1568 fuerant,
1220 1475 1533 1555 sublatus
1576 1499 1699 1566 est.
1745 1485 1874 1554 Per
1917 1510 2066 1555 eam
2112 1489 2526 1554 occasionem
2558 1486 2878 1573 Tramoja

653 1604 909 1673 Gallici
953 1606 1291 1673 exereitus
1334 1607 1694 1694 imperator
1738 1617 2012 1671 centum
2074 1607 2497 1695 septuaginta
2561 1605 2873 1672 curribus

656 1723 911 1804 loricis,
955 1722 1238 1813 aliisque
1298 1724 1500 1789 armis
1560 1724 1817 1791 onustis
1859 1722 2066 1812 Regio
2110 1722 2397 1790 Romam
2458 1725 2876 1812 properavit,

655 1840 778 1906 ubi
817 1840 938 1908 Pio
967 1839 1069 1907 111
1107 1837 1435 1908 Pontifice
1480 1850 1730 1919 creato,
1774 1861 1932 1905 cum
1978 1842 2034 1904 is
2076 1861 2352 1930 quoque
2396 1839 2574 1905 intra
2626 1860 2874 1927 paucos

655 1957 797 2031 dies
855 1956 1271 2038 decessisset,
1324 1955 1545 2034 Julius
1602 1955 1668 2022 ΙΙ
1729 1958 2077 2023 suecessit.
2130 1957 2260 2023 Hic
2310 1955 2632 2033 Julianus
2688 1968 2874 2023 antes

654 2074 875 2141 dictus
919 2072 1101 2141 sixti
1144 2095 1349 2164 nepos
1391 2097 1480 2141 ex
1523 2070 1731 2140 fratre
1774 2070 2021 2153 fuerat,
2066 2070 2346 2140 Sabatia
2384 2095 2569 2141 nunc
2607 2072 2871 2142 Savum

655 2190 823 2258 urbe
867 2190 1183 2280 Liguriae
1226 2188 1571 2258 oriundus.
1617 2189 1817 2257 Anno
1873 2211 2028 2257 vero
2079 2209 2258 2256 κων
2317 2200 2509 2257 sexto
2568 2188 2875 2256 calendas

654 2306 880 2396 aprilis
907 2309 1353 2397 Hieronymus
1381 2305 1807 2375 Praton'erius
1834 2304 2169 2375 Gabi-ielis
2209 2303 2414 2387 filius,
2457 2308 2586 2397 qui
2640 2303 2869 2396 templi

653 2428 867 2493 sancti
909 2425 1208 2514 Prosperi
1265 2449 1306 2492 a
1358 2423 1658 2495 Castello
1724 2447 1996 2492 murum
2066 2427 2461 2491 anteriorem
2533 2445 2671 2492 suo
2740 2448 2872 2492 aere

654 2554 1135 2622 construxerat,
1162 2540 1332 2609 duos
1372 2564 1459 2608 ex
1489 2539 1855 2610 Veronensi
1900 2563 2231 2609 marmore
2274 2537 2466 2607 fictos
2509 2538 2758 2609 leones
2802 2540 2871 2608 ad

652 2656 1103 2725 exornandam
1145 2654 1288 2724 fani
1332 2668 1595 2746 portam
1630 2655 1942 2737 advexit3
1977 2655 2107 2725 hoc
2135 2654 2413 2736 animal,
2445 2656 2641 2747 quod
2672 2658 2872 2727 somni

651 2777 741 2840 sit
795 2775 1191 2864 parcissimi,
1240 2772 1962 2862 vigilantissimumquc
2011 2771 2346 2852 habeatur
2410 2795 2535 2862 pro
2605 2774 2870 2841 aedium

653 2912 987 2958 sacrarum
1020 2888 1232 2957 valvis
1263 2890 1560 2978 antiquis
1599 2886 1914 2956 collocari
1958 2889 2236 2979 placuit.
2281 2887 2387 2959 Eo
2433 2900 2757 2979 tempore
2796 2888 2870 2958 ob

653 3007 1014 3073 immensas
1044 3004 1304 3095 pluvias
1336 3004 1557 3072 Padus
1600 3003 1872 3095 aliaque
1912 3003 2197 3073 flumina
2242 3018 2646 3095 eruperunt,
2680 3027 2870 3097 quaro

654 3118 875 3210 fruges
929 3120 1274 3211 plurimae
1336 3135 1808 3216 consumptae,
1870 3133 1946 3188 et
2009 3121 2103 3190 oh
2169 3123 2459 3188 nimium
2522 3120 2867 3191 humorem

652 3253 972 3330 concepto
1017 3240 1256 3307 morbo
1299 3241 1367 3305 in
1415 3238 1583 3306 urbe
1628 3238 2133 3329 aliquantulum
2194 3252 2382 3332 peste
2442 3251 2552 3308 est
2614 3239 2866 3309 lahora-

655 3368 847 3433 tum=,
890 3378 1068 3446 quae
1114 3367 1265 3445 post
1310 3378 1561 3444 paucos
1614 3377 1870 3425 menses
1924 3360 2135 3447 magis
2192 3359 2494 3425 saeviens
2557 3356 2866 3447 plurimos

651 3474 1094 3562 consumpsit.
1161 3472 1386 3540 Letali
1447 3474 1688 3544 morbo
1748 3474 1935 3566 quod
1996 3475 2090 3544 ob
2146 3474 2314 3544 eceli
2373 3473 2863 3543 inclementiam

653 3601 933 3655 exustae
961 3599 1228 3679 segetes
1269 3602 1518 3672 essent,
1567 3591 1715 3660 dira
1774 3593 1978 3660 etiam
2049 3587 2263 3669 fames
2329 3592 2647 3673 accessit,
2670 3603 2679 3606 ’
2700 3613 2861 3683 quae

651 3707 924 3794 inopem
969 3705 1234 3796 plebem
1281 3704 1472 3777 foede
1516 3706 1943 3778 deformavit.
1988 3707 2137 3777 suh
2162 3713 2340 3777 -anni
2385 3699 2595 3777 finem
2628 3711 2700 3775 (¹)
2740 3709 2861 3799 epi-

653 3844 894 3912 scopus
923 3845 1084 3891 cum
1113 3823 1368 3914 populo
1412 3825 1499 3893 ad
1540 3837 1850 3894 sanetum
1880 3824 2277 3916 Prosperum
2307 3849 2350 3892 a
2378 3824 2687 3893 castello
2730 3826 2858 3913 ejus

661 3938 1210 4029 inquirendarum
1256 3940 1691 4032 reliquiarum
1732 3945 1947 4032 gratia
1992 3945 2289 4010 accessit.
2321 3944 2526 4026 Arca,
2571 3942 2695 4010 ubi
2734 3959 2859 4010 esse

733 4175 819 4247 (ι)
852 4176 952 4231 Die
986 4177 1245 4263 trigesima
1279 4179 1566 4246 decembris
1600 4198 1761 4232 κων.
