2950 5017
979 409 1179 478 Lien
1227 387 1523 479 commus
2213 411 2339 484 561

74 551 345 642 ipsum
391 549 767 631 molitur-oe,
813 549 1166 621 nullumve
1211 554 1659 643 Hispanorum
1708 550 2114 641 praesidium
2159 495 2341 620 intra

76 668 451 759 oppidum
479 718 501 748 ,
568 670 1059 759 quinquaginta
1128 668 1424 736 millium
1494 690 1851 737 aureorum
1917 665 2346 753 fidejussione

44 784 305 865 slata,
333 800 711 874 recepturos
758 789 1236 874 promiserunt:
1271 784 1447 853 idem
1491 781 1983 853 Nivolarienses
2026 782 2340 874 polliciti.

79 901 347 985 Quare
402 901 725 970 Hercules
794 916 872 970 ut
938 916 1083 974 erat
1149 903 1512 994 benignus,
1579 901 1669 969 ab
1725 904 2043 994 omnique
2097 901 2345 988 injuria

42 1079 43 1082 ,
81 1018 515 1099 abhorrens,
562 1020 882 1090 discessit.
929 1018 1062 1086 Sed
1109 1019 1275 1088 haec
1326 1019 1660 1088 'simulata
1714 1017 1920 1088 fuisse
1965 1043 2068 1088 res
2114 1031 2346 1109 postea

42 1145 476 1204 Lconsecuta
521 1134 859 1226 patefecit.
910 1136 1140 1204 Tertio
1185 1136 1365 1203 enim
1414 1135 1563 1203 idus
1612 1134 1843 1226 aprilis
1889 1136 2343 1224 Hieronymus

40 1283 45 1320 ι
81 1250 548 1342 corrigiensis
592 1277 633 1322 a
677 1253 1144 1324 Parmensibus
1190 1255 1465 1341 adjutus
1534 1277 1694 1320 cum
1762 1252 1950 1321 mille
1996 1252 2340 1344 peditibus

40 1381 166 1442 ÷et
242 1372 502 1437 circiter
571 1374 881 1437 trecentis
962 1372 1306 1461 equitibus
1373 1371 1701 1462 oppidum
1781 1374 2107 1461 ingressus
2133 1419 2153 1450 ,
2220 1370 2343 1439 diu

42 1500 455 1577 ¹noctuque
517 1491 779 1555 munire
846 1513 982 1556 non
1051 1489 1345 1556 destitit.
1393 1489 1784 1578 Alpbonsus
1833 1512 1988 1556 vero
2033 1484 2343 1566 Herculis

39 1641 46 1678 ε
80 1602 316 1687 filius,
348 1608 468 1697 qui
498 1609 789 1697 parentis
833 1608 1044 1697 copiis
1090 1604 1466 1698 praefectus
1512 1618 1688 1686 erat,
1722 1606 2079 1676 Luzariam
2126 1609 2342 1697 primo

36 1723 375 1813 ,impetu
417 1723 815 1812 occupavit,
860 1721 1502 1791 mox-Guastallam
1553 1746 1781 1791 mense
1823 1722 2022 1809 junio.
2062 1746 2179 1814 per
2224 1723 2343 1791 tri-

80 1838 326 1907 duum
397 1842 746 1908 tormentis
816 1843 1260 1931 oppugnavit.
1311 1841 1577 1908 Interea
1644 1838 2011 1910 levioribus
2077 1840 2343 1932 praeliis

83 1953 332 2037 factis,
374 1962 495 2048 qui
543 1962 892 2030 tormentis
959 1969 1302 2047 praeerat,
1375 1956 1534 2025 oum
1607 1981 1809 2049 supra
1874 1981 2102 2027 muros
2168 1956 2342 2050 pilas

83 2095 349 2144 aeneas
414 2077 484 2146 in
555 2074 759 2142 aliam
831 2088 1201 2144 castrorum
1273 2089 1534 2165 partem
1604 2068 1976 2158 emitteret,
2022 2100 2337 2168 magnam

35 2226 36 2249 i
82 2196 348 2262 nostris
390 2191 649 2262 cladem
702 2193 986 2261 intulit:
1033 2217 1174 2286 qua
1219 2218 1287 2262 re
1333 2207 1714 2286 comperta,
1767 2219 2000 2264 eorum
2046 2196 2184 2265 duo
2238 2194 2341 2264 la·

35 2332 40 2392 ;
81 2331 285 2401 queo
330 2322 488 2380 sunt
534 2314 776 2378 necati.
824 2310 1143 2380 Ceterum
1183 2311 1535 2403 Alphonso
1581 2337 1620 2379 a
1667 2327 1885 2405 patre,
1932 2317 2053 2405 qui
2101 2337 2336 2405 pacem

33 2474 36 2481 -
84 2427 457 2510 tentabat,
500 2443 851 2510 revocato,
898 2430 1583 2521 hincCorrigienses,
1629 2432 1786 2500 inde
1833 2432 2335 2512 Guastallcnses

33 2572 36 2631 ς
82 2546 528 2638 Regiensium
600 2548 798 2617 villas
868 2550 1223 2618 crudeliter
1269 2551 1717 2641 diripuerunt.
1766 2550 2096 2646 Camillus
2137 2553 2334 2620 -enim

82 2665 461 2755 Gonzagus
503 2690 591 2733 ex
635 2666 1025 2736 Alexandro
1071 2669 1344 2745 Joannis
1390 2669 1569 2735 Petri
1639 2691 1842 2759 nepos
1912 2667 1999 2734 ad
2051 2668 2333 2736 Pratum

84 2783 478 2865 Fontanae‚
524 2797 595 2850 et
643 2784 982 2874 proximas
1014 2785 1207 2853 villas
1236 2788 1464 2876 ,captis
1512 2788 1749 2853 nostris
1794 2785 2060 2854 civibus
2103 2787 2332 2855 omnia

86 2901 408 2966 armenta
454 2899 706 2990 abegit.
752 2901 941 2968 Idem
990 2901 1080 2968 ab
1124 2901 1261 2968 alia
1309 2915 1504 2992 parte
1548 2926 1587 2970 a
1620 2901 2150 2992 corrigiensibus
2193 2900 2334 2969 fac-

89 3032 255 3085 tum
304 3015 479 3086 fuit.·
512 3017 625 3085 Ob
672 3018 742 3085 id
789 3021 1003 3088 iratus
1047 3013 1436 3110 Alphonsus
1493 3022 1875 3088 universum
1924 3043 2154 3089 eorum
2203 3031 2331 3088 ter·

86 3137 410 3208 ritorium
467 3135 772 3206 inccndio
827 3140 1260 3227 consumpsit.
1310 3139 1446 3222 Qui
1495 3137 1859 3206 Rossenam
1907 3129 2328 3219 incolebant,

88 3251 553 3342 Corrigiorum
586 3252 936 3343 oppidum,
968 3256 1196 3344 gravia
1242 3267 1309 3322 et
1354 3258 1482 3345 ipsi
1529 3257 1765 3324 vicinis
1802 3254 1978 3324 villis
2023 3268 2093 3322 et
2138 3257 2328 3346 pagis

86 3369 349 3438 damna
393 3370 794 3438 intulerunt.
851 3370 984 3439 Res
1031 3374 1283 3440 rustica
1350 3373 1441 3440 ab
1511 3372 1811 3463 agricolis
1861 3372 2330 3455 deserebatur,

90 3485 420 3555 animalia
467 3488 767 3580 undique
799 3489 1272 3579 subigebantur,
1310 3492 1491 3559 cives
1533 3490 1738 3558 simul
1783 3504 1853 3558 et
1896 3494 2126 3560 rustici
2171 3513 2329 3581 cap-

91 3606 226 3672 tivi
268 3604 720 3676 ducebantur.
761 3608 984 3691 Quare
1017 3587 1296 3688 Canuli,
1327 3606 1593 3692 Fossae,
1632 3606 1995 3698 Cognenti,
2041 3620 2109 3675 et
2154 3605 2328 3673 aliae

86 3719 442 3790 inferiores
490 3722 689 3802 villae
760 3746 1000 3794 messes
1066 3726 1476 3805 amiserunt,
1545 3736 1615 3791 et
1682 3723 1962 3814 plurimi
2031 3745 2330 3792 moerore

90 3837 323 3908 affecti
347 3890 367 3921 ,
414 3852 485 3907 et
531 3843 913 3932 praesertim
961 3844 1190 3910 rustici
1237 3845 1357 3934 qui
1407 3841 1576 3910 urbe
1622 3840 1867 3908 inclusi
1937 3843 2122 3908 exire
2188 3864 2328 3910 non

90 3970 442 4048 poterant,
486 3959 887 4035 occubuere.
935 3956 1320 4051 Alphonsus
1367 3981 1526 4028 vero
1573 3958 1846 4026 dimissa
1876 3956 2161 4050 Corrigii
2208 3957 2330 4026 ob-

87 4076 351 4145 sidione
422 4100 735 4168 magnam
806 4080 1117 4174 equitum
1189 4079 1636 4170 peditumque
1703 4089 1962 4169 partem
2035 4076 2326 4168 Regium

88 4194 419 4279 deduxit,
482 4207 553 4264 et
619 4194 786 4268 alios
856 4195 1039 4266 abire
1106 4195 1325 4283 jussit.
1381 4196 1622 4289 Itaque
1668 4195 2117 4289 Corrigienses
2184 4193 2334 4282 jam

1992 4310 2061 4363 36
