2950 5017
932 390 1132 467 unna
1173 421 1472 478 oviam
2156 412 2289 498 247

84 539 607 633 responderunt.
653 538 767 607 Ob
810 538 879 608 id
924 540 1080 609 diris
1139 543 1459 629 subjecti,
1515 539 2012 636 inferorumque
2064 551 2295 637 poenis

77 659 320 728 devoti
365 656 576 725 fuere.
641 654 778 724 Sed
821 681 977 725 cum
1021 657 1418 733 Pontificem
1488 660 1574 727 ad
1640 660 1876 729 Italiae
1936 665 2292 754 imperium

78 778 384 865 aspirare
429 776 804 855 sensissent,
847 773 1231 841 Matthaeus
1273 774 1661 844 vicecomes
1702 776 2062 847 Mediolani
2104 779 2294 847 Prin·

79 914 270 982 ceps,
318 890 725 971 Passerinus,
766 902 838 958 et
880 889 996 958 alii
1040 889 1412 960 Soncinum
1457 915 1852 976 convenere,
1882 894 2005 963 ubi
2031 892 2296 964 foedere

77 1008 436 1095 conjuncti
468 1007 725 1076 Canem
755 1005 1165 1098 Scaliger-um
1199 1008 1438 1076 ducem
1471 1012 1803 1077 exercitus
1845 1023 2074 1081 contra
2116 1035 2298 1082 com-

81 1146 374 1191 munem
418 1121 679 1192 hostem
723 1121 1012 1190 ducendi
1056 1122 1506 1192 declararunt.
1552 1124 1617 1191 Is
1661 1127 1949 1215 pecunia
2000 1148 2043 1193 a
2104 1129 2297 1197 sociis

81 1239 406 1328 adjutus,
446 1239 677 1309 Monte
720 1237 929 1308 Silice
974 1253 1197 1331 capto,
1240 1240 1464 1309 multa
1519 1241 1862 1332 praeclara
1930 1245 2161 1333 gessit3
2206 1244 2299 1313 ob

84 1380 270 1449 quae
313 1368 754 1447 cognomento
782 1356 1072 1424 Grandis
1101 1369 1201 1424 est
1230 1358 1634 1449 appellatus.
1664 1358 1919 1428 Contra
1948 1359 2299 1450 Regienses

86 1497 250 1543 cum
289 1474 666 1543 Flaminiae
710 1487 780 1541 et
822 1474 1183 1541 Hetruriae
1213 1473 1548 1564 Guelphis
1577 1475 1911 1544 Bononiae
1939 1475 2299 1544 Gibertum

89 1589 475 1682 corrigium
518 1593 859 1680 copiarum
892 1594 1362 1680 imperatorem
1400 1591 1763 1669 declarant.
1795 1592 1890 1660 At
1919 1592 2303 1662 Gulielmus

93 1705 494 1785 Ganusdus,
536 1718 606 1773 et
649 1705 973 1773 Gibertus
997 1757 1017 1787 ,
1061 1705 1482 1797 Joannesque
1526 1706 1857 1789 Folleani,
1901 1708 2084 1798 quod
2123 1708 2301 1776 clam

95 1843 261 1888 cum
307 1820 663 1888 Gibellinis
729 1823 972 1888 sentire
1029 1805 1461 1903 viderentur,
1531 1822 1714 1911 plebi
1778 1825 2067 1913 suspecti
2133 1823 2299 1890 facti

97 1960 330 2006 mense
368 1936 561 2024 junio
615 1941 830 2027 patria
891 1940 1078 2004 exire
1146 1940 1307 2026 jussi
1376 1936 1866 2029 indignabundi
1909 1942 1987 2021 in>
2022 1962 2145 2007 sua
2188 1964 2302 2007 ca-

97 2052 290 2121 stella
335 2077 730 2123 concessere.
775 2053 1130 2144 Regienses
1196 2066 1280 2123 ut
1349 2053 1673 2124 adversus
1716 2053 2011 2123 hostium
2055 2057 2193 2124 vim
2235 2079 2304 2125 se

100 2174 447 2239 munirent
488 2174 558 2238 in
603 2174 831 2262 primis
876 2195 1049 2262 quas
1110 2183 1268 2238 ante
1329 2182 1619 2261 quatuor
1664 2195 1868 2241 annos
1912 2186 2304 2263 aperuerant

96 2284 336 2357 Portas
376 2289 896 2369 obstruxerunt3
941 2288 1096 2355 inde
1142 2287 1227 2354 ad
1271 2288 1649 2378 recipienda
1694 2288 2164 2357 rebellantium
2212 2293 2305 2357 ci·

97 2407 286 2473 vium
333 2404 607 2472 castella
652 2409 956 2473 animum
1001 2404 1358 2494 adjiciunt.
1417 2406 1660 2498 Itaque
1704 2409 1977 2474 ineunte
2018 2431 2172 2476 vere
2218 2406 2304 2473 ad

101 2518 401 2589 Mentem
446 2518 739 2588 Gaulum
801 2520 1124 2610 perducto
1192 2524 1523 2603 exercitu,
1592 2526 1854 2590 moenia
1921 2544 2304 2614 expugnare

103 2649 461 2718 conantur,
508 2660 682 2727 quae
749 2638 985 2706 altiore
1046 2642 1119 2704 in
1187 2636 1342 2727 loco
1408 2639 1624 2727 posita
1685 2642 1889 2707 ariete
1931 2642 2121 2730 quati
2164 2658 2300 2706 nou

107 2766 443 2842 poterant,
494 2776 619 2821 nec
663 2757 922 2836 minus,
966 2752 1481 2823 vulnerantibus
1523 2756 2158 2846 propugnatoribus,
2203 2752 2302 2822 fa-

107 2867 247 2937 cilis
293 2870 379 2937 ad
423 2869 909 2938 ascendendum
972 2869 1306 2937 militibus
1369 2869 1598 2937 aditus
1658 2871 2123 2961 praebebatur.
2167 2870 2300 2937 De-

113 3004 306 3051 mnm
345 2984 543 3053 densa
587 2985 917 3052 testudine
958 2983 1168 3066 facta,
1200 3006 1378 3075 quae
1406 2987 1828 3075 sagittarum,
1857 3008 2304 3075 saxorumque

110 3096 280 3167 ictus
321 3102 679 3190 exciperet,
726 3123 919 3169 mons
961 3113 1347 3191 superatur:
1397 3101 1497 3167 ibi
1541 3098 1738 3168 scalis
1781 3123 1976 3169 muro
2018 3100 2301 3168 admotis

106 3235 254 3283 cum
299 3216 443 3303 jam
487 3219 788 3285 cominus
831 3230 1261 3308 pugnaretur,
1293 3216 1667 3286 funditores
1711 3200 1954 3286 crebris
1991 3216 2297 3307 lapidum

111 3330 435 3400 imbribus
477 3331 725 3401 incolas
767 3336 1033 3403 moenia
1076 3332 1372 3402 deserere
1416 3343 1707 3424 cogunt;
1752 3355 2041 3423 quorum
2093 3331 2298 3423 pluri-

113 3444 230 3515 bus
279 3449 738 3538 scorpionibus
779 3447 1120 3530 confossis,
1163 3449 1513 3541 Regienses
1560 3462 1872 3541 superato
1928 3472 2121 3518 muro
2182 3472 2299 3538 po·-

109 3563 361 3645 stu-idie,
405 3577 605 3653 pacta
646 3564 997 3634 hominum
1066 3565 1285 3633 salute
1306 3616 1328 3648 ,
1386 3577 1680 3635 castrum
1749 3577 2084 3656 ceperunt.
2129 3562 2295 3630 Inde

113 3674 568 3747 castellariam
613 3683 824 3763 itum,
866 3705 1046 3773 quae
1112 3706 1248 3751 non
1300 3680 1496 3773 longe
1538 3707 1579 3750 a
1623 3681 1858 3751 Castro
1899 3681 2295 3749 Arianorum

113 3793 179 3861 in
215 3791 535 3863 inferiore
578 3795 848 3865 Gabelli
892 3799 1106 3865 amnis
1151 3800 1295 3889 ripa
1349 3798 1525 3886 jacet
1548 3849 1568 3880 ,
1608 3797 1736 3867 hoc
1778 3819 2049 3889 quoque
2110 3791 2299 3885 oppi-

117 3906 267 3980 dum
340 3935 383 3980 a
443 3911 691 3982 Saxolo
734 3913 1080 3983 Saxolensi
1133 3915 1485 3983 detentum
1506 3967 1526 3996 ‚
1592 3938 1750 3984 cum
1818 3915 1937 3981 diu
2003 3915 2296 3981 resistere

117 4046 240 4095 non
289 4031 649 4120 potuisset,
695 4034 932 4122 quinto
999 4030 1310 4100 calendas
1376 4031 1600 4123 aprilis
1665 4031 1964 4099 deditum
2011 4027 2170 4096 fuit.
2211 4028 2293 4095 In

123 4158 190 4211 ³0
225 4142 380 4217 loeo
424 4145 749 4237 praesidio
775 4149 1113 4238 imposito,
1142 4145 1487 4240 Regienses
1518 4146 1894 4217 Bianellum
1942 4144 2027 4214 ad
2070 4140 2290 4236 probi·
