2950 5017
697 425 780 472 ιε
1427 424 1665 473 mun
1707 425 2124 475 norsum
2603 481 2606 486 .

689 544 777 612 ad
823 541 1092 612 Italiam
1156 544 1408 634 primus
1476 545 1805 636 appulisse
1867 543 2272 636 significatur
2286 592 2308 612 .
2348 542 2528 613 Cum
2585 567 2749 615 vero
2793 546 2886 614 ad

685 681 933 729 Βοῦσαι.
975 662 1217 730 aetatis
1260 683 1512 730 annum
1558 664 1995 752 pervenisset,
2020 663 2142 753 qui
2184 659 2320 728 fuit
2354 673 2506 752 post
2533 661 2882 731 diluvium

685 797 880 866 coos,
922 776 1209 856 moriens
1259 776 1480 847 Grano
1547 776 1687 848 filio
1703 827 1725 861 ,
1774 800 1985 869 quem
2052 789 2458 870 postremum
2510 790 2839 869 genuerat
2856 829 2885 859 ,

689 892 924 961 Italiae
952 896 1308 986 imperium
1350 894 1648 985 reliquit.
1693 893 1759 963 Is
1793 894 2060 965 Coritus
2088 907 2398 977 vocatus,
2426 917 2565 986 quo
2596 897 2877 965 nomine

684 1012 897 1100 prisca
939 1009 1167 1104 lingua
1207 1032 1427 1102 regem
1472 1010 1931 1102 appellabant,
1975 1035 2132 1081 cum
2178 1013 2669 1102 quinquaginta
2712 1025 2874 1081 octo

687 1147 894 1194 annos
937 1129 1358 1234 imperasset,
1387 1139 1458 1194 et
1486 1129 1627 1216 ipse
1657 1126 2015 1194 Aurunum
2057 1124 2275 1194 filium
2317 1129 2603 1195 cor-itum
2647 1138 2878 1207 creat,

538 1273 571 1290 ·’
685 1242 805 1330 qni
849 1263 1024 1311 anno
1070 1244 1250 1333 regni
1292 1244 1558 1310 circiter
1603 1244 1920 1333 vigesimo
1974 1265 2064 1309 ex
2106 1243 2435 1310 Armeniis
2478 1240 2873 1331 Griphoniis

683 1357 756 1423 in
799 1355 1071 1425 Italiam
1114 1358 1578 1449 navigantibus
1606 1381 1798 1426 suam
1831 1356 2047 1426 adhuc
2075 1359 2390 1447 exiguam
2418 1366 2683 1449 gentem
2716 1355 2875 1448 plu-

685 1473 932 1538 rimum
981 1472 1285 1540 adauxit.
1330 1475 1584 1542 Ausoni
1627 1494 1902 1563 quoque
1964 1495 2097 1541 non
2145 1470 2362 1541 multo
2406 1484 2558 1562 post
2600 1470 2688 1538 ad
2735 1472 2872 1539 He-

685 1598 982 1655 truscum
1026 1585 1225 1656 littus
1266 1587 1628 1678 appellanti
1673 1587 2066 1658 orientalem
2094 1586 2330 1655 Italiae
2359 1585 2659 1678 plagam,
2687 1610 2870 1677 quae

683 1701 774 1769 ab
815 1726 896 1771 eo
940 1703 1237 1773 Ausonia
1291 1714 1393 1770 est
1442 1702 1818 1794 appellata,
1864 1702 2148 1793 benigne
2215 1703 2562 1771 concessit.
2614 1698 2718 1766 Ea
2762 1713 2870 1768 est

683 1841 858 1910 pars,
879 1842 1084 1910 quam
1117 1844 1298 1889 nunc
1320 1820 1726 1901 Calabriam,
1749 1831 1819 1887 et
1842 1818 2160 1909 Apuliam
2189 1820 2561 1888 nominant.
2583 1817 2872 1889 Amano

680 1955 838 2000 cum
884 1939 1071 2002 annis
1115 1936 1555 2025 quadraginta
1583 1937 1880 2024 quinque
1923 1943 2273 2022 regnasset,
2303 1931 2588 2001 Malotos
2616 1930 2864 2023 Tageti

683 2046 863 2117 filius
902 2052 973 2118 in
1016 2073 1218 2140 regno
1260 2051 1644 2129 succedens,
1687 2072 1863 2118 anno
1909 2060 2058 2138 post
2100 2059 2437 2138 sceptrum
2477 2060 2868 2140 susceptum

687 2166 1002 2247 secundo,
1045 2166 1480 2233 Phaetontem
1527 2164 1611 2231 ad
1655 2187 1726 2231 se
1770 2185 1930 2231 cum
1974 2161 2408 2231 multitudine
2453 2166 2825 2233 venientem
2842 2215 2870 2247 ,

680 2284 957 2349 caeteris
999 2281 1135 2367 jam
1168 2279 1405 2348 Italiae
1448 2279 1825 2370 regionibus
1868 2283 2243 2369 occupatis,
2271 2282 2343 2346 in
2373 2279 2710 2370 Liguriam
2729 2330 2752 2363 ,
2790 2293 2868 2349 et

681 2408 932 2464 nostros
962 2418 1146 2485 agros
1174 2397 1566 2464 transmisit.
1611 2394 1790 2461 Tum
1821 2383 2013 2462 rudes
2044 2393 2275 2485 populi
2306 2394 2596 2464 colendis
2638 2398 2867 2485 potius

681 2514 849 2601 agris
893 2512 1073 2579 unde
1118 2514 1444 2592 viverent,
1470 2534 1680 2601 quam
1712 2509 1907 2577 luxui
1936 2512 2208 2592 intenti,
2237 2510 2535 2578 nondum
2565 2509 2863 2601 lapideos

677 2649 904 2694 muros
969 2639 1091 2694 aut
1155 2626 1356 2694 aliam
1425 2625 1757 2694 nobilium
1805 2623 2251 2694 aedificiorum
2298 2623 2864 2714 magnificentiam

676 2754 1031 2824 noverant3
1061 2743 1175 2810 sed
1208 2740 1582 2809 humilibus
1613 2745 1842 2821 tectis,
1870 2764 2045 2832 quae
2075 2764 2162 2809 ex
2191 2740 2369 2809 arida
2398 2739 2645 2832 stipula
2677 2764 2867 2811 com-

678 2857 1045 2947 ponebant,
1082 2860 1420 2951 contenti,
1466 2868 1787 2946 agrestem
1818 2859 2028 2923 vitam
2060 2855 2417 2945 degebant.
2447 2854 2627 2924 Cum
2656 2857 2864 2946 igitur

675 2976 849 3040 circa
892 2978 1188 3041 sinuosas
1216 2972 1487 3040 Eridani
1519 2976 1690 3062 ripas
1720 2972 1809 3039 ob
1840 2983 2292 3061 opportunum
2321 2970 2588 3039 fluentis
2631 2993 2863 3054 usum,

676 3099 747 3154 et
790 3090 876 3156 ad
918 3087 1064 3156 loca
1107 3088 1290 3155 Istris
1342 3090 1646 3176 proxima
1698 3085 1836 3152 late
1884 3109 1954 3153 se
2005 3086 2481 3168 extendissent,
2524 3087 2861 3156 continuis

677 3204 1053 3295 mapalibus
1100 3228 1188 3272 ex
1232 3204 1549 3271 arundine
1593 3207 1821 3270 erectis
1888 3201 2059 3271 forte
2127 3207 2395 3285 evenit,
2441 3213 2522 3270 ut
2565 3214 2712 3273 orto
2756 3207 2863 3273 in-

676 3321 939 3401 cendio,
993 3333 1061 3387 et
1112 3322 1262 3409 igne
1312 3322 1383 3386 in
1436 3321 1770 3408 proximas
1826 3341 2005 3387 casas
2048 3342 2119 3385 se
2163 3317 2584 3401 effundente,
2627 3318 2860 3390 multis

676 3436 910 3503 diebus
956 3448 1097 3503 tota
1149 3438 1326 3524 regio
1388 3434 1884 3524 conflagraverit
1912 3463 1941 3516 3x
1991 3435 2147 3502 inde
2211 3449 2444 3525 postea
2510 3438 2859 3505 universus

675 3550 793 3618 ille
838 3564 1088 3618 tractus
1132 3550 1525 3633 Palensana,
1569 3553 1741 3618 idest
1796 3554 1972 3647 regio
2031 3552 2378 3619 combusta
2400 3601 2418 3631 ,
2461 3573 2580 3616 sua
2623 3550 2859 3641 lingua

677 3692 718 3736 a
758 3670 1090 3758 Janigenis
1133 3680 1233 3736 est
1274 3671 1644 3737 nominata.
1688 3670 1862 3736 Hinc
1905 3681 2064 3735 nata
2093 3667 2359 3749 fabula,
2389 3668 2860 3753 Phaetontem,

676 3787 1045 3874 impetratis
1090 3808 1131 3850 a
1173 3782 1312 3853 sole
1357 3786 1578 3875 equis,
1607 3785 1871 3874 regendi
1898 3807 2125 3852 currus
2157 3785 2543 3874 imperitum
2584 3782 2858 3852 coelesti

674 3904 823 3989 igne
869 3911 1105 3966 terram
1151 3901 1499 3981 exussisse,
1567 3911 1639 3967 et
1703 3899 1791 3967 ob
1860 3901 2280 3965 temerarium
2326 3922 2561 3966 ausum
2606 3921 2647 3966 a
2686 3898 2858 3976 Jove

675 4018 887 4081 ictum
920 4013 1199 4084 fulmine
1228 4018 1296 4083 in
1329 4016 1589 4083 Padum
1634 4014 1965 4082 cecidisse.
2012 4015 2270 4081 Primus
2313 4038 2466 4103 ergo
2503 4012 2652 4084 loca
2695 4034 2857 4107 agro

677 4144 897 4206 nostro
928 4132 1237 4217 finitima,
1268 4156 1441 4203 anno
1469 4145 1623 4226 post
1649 4131 1980 4202 diluvium
2012 4154 2252 4201 ccccm
2284 4132 2580 4202 Phaeton
2610 4132 2848 4201 tenuit.
