2950 5017
247 397 292 434 ¹
967 437 1172 485 mmm
1216 437 1505 494 enimus
2211 423 2339 494 361

18 577 327 647 agos
367 579 700 625 excavare
740 556 1017 648 placuit.
1047 558 1366 651 Sequenti
1402 584 1578 630 anno
1607 558 1777 629 obiit
1808 553 2131 632 Giroldus
2157 564 2348 636 Flor-

18 670 437 741 leballus
466 675 571 742 vir
599 676 856 764 pietate
884 671 1156 767 insignis
1198 676 1666 767 bonorumque
1703 679 1973 746 suor'um
2016 681 2344 767 majorem

18 788 484 857 =eclesiam
545 788 896 858 haeredem
963 790 1260 883 reliquit.
1305 794 1401 861 At
1443 791 1806 862 Leonellus
1852 817 2009 862 cum
2061 796 2143 863 ad
2189 797 2345 864 libi-

18 902 368 973 dinem
427 905 779 996 proclivior
839 909 1204 998 impensius
1255 911 1480 979 veneri
1531 933 1802 999 operam
1845 910 2066 994 daret,
2110 915 2348 980 imma-

18 1031 362 1088 turam
404 1034 695 1091 mortem
762 1023 891 1090 sibi
957 1027 1331 1107 accersivit,
1377 1027 1498 1115 qni
1541 1038 1865 1117 sequente
1917 1051 2090 1096 anno
2135 1029 2348 1119 pridie

18 1136 448 1205 calendas
491 1139 779 1207 octobris
810 1151 972 1230 ‚post
1018 1141 1361 1208 meridiem
1398 1144 1645 1214 aetatis
1673 1164 1833 1210 suae
1863 1166 2036 1212 anno
2063 1143 2348 1235 quadra-

18 1254 392 1343 gesimo
433 1255 650 1343 primo
694 1266 765 1322 et
808 1257 1071 1345 imperii
1100 1259 1293 1326 nono
1337 1268 1678 1329 contracto
1724 1258 1961 1328 morbo
2005 1262 2346 1348 extinctus

29 1380 246 1436 est.
302 1368 597 1438 Moriens
625 1369 996 1440 Nicolaum·
1032 1370 1251 1439 filium
1296 1347 2021 1443 duodecim'annorum
2065 1332 2350 1465 {Su—{rum
2402 1399 2407 1406 ·

37 1485 369 1556 Borsio
411 1485 604 1556 fratri
666 1511 757 1556 ex
819 1489 1059 1556 iisdem
1112 1490 1505 1580 parentibus
1558 1494 1785 1585 genito
1827 1493 2345 1563 commendavit.

57 1601 266 1670 Sed
321 1626 531 1695 quam
576 1601 775 1672 fidem
824 1607 966 1694 ipsc
1009 1608 1187 1698 patri
1231 1629 1363 1672 non
1407 1618 1820 1688 servaverat,
1864 1631 1907 1673 a
1952 1605 2154 1676 fratre
2201 1634 2337 1678 non

63 1724 527 1811 promeruit.
573 1721 841 1789 Borsius
882 1723 1063 1788 enim
1102 1723 1173 1788 in
1212 1720 1356 1789 divi
1409 1720 1683 1812 Georgii
1736 1722 1958 1791 insula
2009 1726 2348 1794 Ferrariae

67 1836 451 1927 Princeps
497 1836 860 1930 salutatus,
890 1839 1015 1904 etsi
1046 1836 1472 1928 aliquamdiu
1507 1841 1866 1929 imperium
1895 1845 2174 1931 respuit,
2204 1856 2351 1912 tan-

75 1952 282 2022 dem
327 1952 763 2022 hortantibus
830 1955 1067 2046 amicis
1130 1958 1443 2044 suscepit.
1509 1931 1690 2022 Cum
1759 1979 1918 2025 vero
1984 1958 2347 2027 Herculem

81 2069 424 2138 Nicolai‘
457 2068 674 2136 filium
735 2068 1112 2160 legitimum
1160 2093 1203 2137 a
1245 2070 1562 2139 Leonello
1622 2082 1897 2162 paterna
1942 2073 2194 2143 ditione
2247 2079 2352 2143 in-

89 2173 308 2274 ju'ria
352 2187 695 2277 privatum
741 2186 1027 2270 videret,
1070 2211 1430 2278 rursusque
1488 2191 1876 2278 promissam
1925 2189 2126 2258 fidem
2172 2190 2352 2260 fran-

99 2327 285 2394 gere
326 2302 575 2370 durum
625 2327 764 2371 esse
809 2303 1267 2387 arbitraretur,
1297 2311 1435 2395 ipse
1465 2306 1797 2375 coelibem
1828 2310 2041 2376 vitam
2071 2308 2348 2391 ducens,

109 2424 188 2488 ei
236 2423 366 2512 qui
413 2423 663 2502 virtute
730 2425 1165 2512 praestantior
1232 2425 1576 2505 evasisset,
1629 2448 1910 2515 regnum
1978 2425 2350 2516 relinquere

117 2540 516 2608 constituit.
562 2538 923 2606 Herculem
952 2541 1154 2630 igitur
1183 2564 1343 2608 cum
1374 2540 1802 2631 Sigismundo
1833 2519 2036 2609 fratrc
2065 2542 2348 2611 domum

121 2672 562 2737 revocatum,
629 2655 822 2725 velut
888 2660 1309 2747 generosioris
1377 2657 1620 2726 indolis
1680 2658 1997 2745 juvenem
2046 2657 2349 2727 ‘Nicolao

123 2774 483 2866 praetulit.
528 2771 652 2841 Sui
698 2776 1109 2865 principatus
1178 2777 1371 2852 initio
1416 2775 1631 2843 Casae
1686 2776 1815 2842 Dei
1883 2797 2134 2864 pagum
2156 2825 2178 2857 ‚
2206 2779 2353 2874 »qui

128 2893 313 2960 urbi,
341 2903 606 2961 nostrae
656 2916 881 2983 parere
925 2891 1232 2973 nolebat,
1275 2892 1710 2983 Regiensibus
1769 2892 2150 2979 subjectum
2214 2916 2351 2962 esse

127 3011 437 3088 censuit;
479 3008 1031 3099 splendidioribus
1082 3009 1318 3077 deinde
1371 3008 1589 3076 titulis
1640 3011 2089 3099 principatum
2147 3033 2347 3078 suum

127 3126 469 3194 illustrare
512 3125 795 3193 studuit.
841 3128 905 3194 A
949 3124 1282 3194 Friderico
1328 3128 1508 3218 enim
1539 3125 1641 3193 111
1671 3124 1950 3192 Caesare
1981 3149 2184 3216 quem
2214 3126 2354 3195 Ro-

130 3265 326 3310 mam
374 3264 612 3309 aureae
651 3265 937 3340 coronae
982 3240 1408 3331 accipiendae
1436 3245 1649 3332 gratia
1677 3244 1936 3309 iturum
1981 3241 2351 3310 lautissime

130 3360 431 3452 bospitio
474 3360 809 3427 Ferrariae
862 3373 1203 3451 acceperat
1259 3384 1433 3429 anno
1486 3379 1801 3427 mccccmr
1853 3358 2351 3450 decimoquinto

135 3476 457 3545 calendas
494 3475 666 3562 junii
711 3479 779 3543 in
828 3478 1226 3566 possessione
1256 3475 1640 3545 dominatus
1673 3488 1956 3566 augusto
1986 3476 2353 3567 diplomate

143 3592 578 3664 confirmatus
620 3606 754 3674 est,
800 3617 878 3661 ac
921 3594 1127 3684 Regii.
1153 3606 1224 3660 et
1267 3594 1574 3662 Mutinae
1619 3617 1723 3660 ex,
1748 3593 2137 3686 marchione
2182 3595 2349 3660 Dux

143 3710 543 3814 appellatus,
574 3734 712 3800 quo
743 3714 1035 3801 primum
1084 3723 1384 3800 tempore
1429 3710 1589 3778 urbs
1633 3723 1862 3779 nostra
1891 3710 2200 3812 Ducatus
2235 3732 2352 3777 no-

145 3854 295 3898 men
341 3832 624 3897 meruit.
670 3830 802 3896 Die
847 3853 985 3920 quo
1030 3831 1355 3896 Ascensus
1408 3830 1686 3898 Domini
1741 3830 2085 3926 memoria⁴
2115 3825 2355 3897 colitur

145 3945 510 4016 Fridericus
554 3947 732 4036 regio
776 3944 1263 4035 paludamento
1307 3942 1661 4035 perlucidis
1704 3947 1984 4035 gemmis
2012 3943 2354 4025 distincto,
2448 3965 2467 3990 ⁸

145 4088 311 4157 quae
351 4076 630 4133 centum
674 4065 1166 4155 quinquaginta
1218 4061 1510 4130 millium
1563 4062 1961 4132 florenorum
2017 4086 2353 4129 summam

150 4183 553 4277 aequabant,
583 4183 1005 4272 conspicuus,
1033 4179 1354 4251 Ladislao
1397 4202 1545 4271 rege
1593 4181 1946 4250 Austriaco
1989 4180 2357 4248 comitante
