2950 5017
922 453 1125 496 nam
1170 452 1458 507 ommus
1495 411 1501 442 ⁸
2161 433 2293 525 3²9

56 587 278 655 catus,
325 576 467 665 qui
522 596 678 642 cum
726 573 854 640 sub
897 574 1151 652 Joanne
1204 574 1552 643 Galleacio
1596 572 1718 641 diu
1765 576 2135 656 meruisset,
2181 597 2299 666 po-

62 706 194 761 stea
237 714 372 782 pro
424 690 782 760 Ludovieo
827 691 1285 781 Andegavensi
1320 704 1564 759 contra
1611 690 1997 758 Ladislaum
2044 691 2295 782 Regem

63 812 128 875 in
158 806 523 897 Apuliam
555 820 658 874 est
687 805 1061 895 profectus:
1097 831 1177 876 eo
1206 807 1389 876 bello
1423 799 1717 875 hostium
1750 808 2002 875 insidiis
2030 819 2299 899 captus,

67 949 139 991 ac
181 923 567 993 durissimo
614 923 959 1014 pervigilio
1007 937 1264 1004 tortus,
1307 927 1378 991 in
1429 937 1600 993 tetro
1654 947 1908 991 carcere
1951 924 2069 992 diu
2116 924 2298 1007 fuit3

63 1039 275 1108 donec
320 1039 617 1116 Joannis
665 1039 989 1107 Galleacii
1038 1044 1360 1131 pecunia,
1392 1039 1574 1130 quod
1613 1039 1758 1126 ejus
1792 1063 2019 1131 opera,
2046 1041 2301 1118 Joanne

70 1155 430 1225 Bentivolo
465 1154 859 1238 interfecto,
891 1157 1260 1225 Bononiam
1308 1157 1549 1224 urbem
1596 1158 1907 1247 cepisset,
1936 1155 2304 1224 liberaliter

76 1285 176 1340 est
214 1272 624 1363 redemptus
653 1274 755 1348 (¹22
805 1273 890 1340 ad
946 1275 1583 1364 promerendamque
1653 1276 2048 1365 praestantis
2113 1267 2304 1340 ducis

75 1389 625 1457 benevolentiam
660 1390 876 1459 eidem
910 1390 1360 1459 Monticulum
1395 1414 1552 1458 cum
1587 1392 1912 1481 proximis
1944 1387 2303 1479 oppidulis‘,

83 1518 147 1572 et
183 1505 622 1595 Nugarolam
664 1509 736 1573 in
769 1506 1134 1575 Veronensi
1186 1530 1365 1597 agro,
1411 1507 1852 1599 amplumque
1896 1504 2303 1595 stipendium

85 1636 179 1691 est
239 1624 609 1714 elargitus,
663 1626 975 1714 quamvis
1020 1623 1259 1692 Corius
1322 1623 1393 1690 id
1459 1626 1762 1715 sequenti
1816 1643 1992 1691 anno
2044 1620 2303 1690 factum
2423 1672 2427 1676 -

92 1738 275 1807 fuisse
318 1744 699 1808 existimet.

205 1855 391 1924 Inter
438 1857 616 1924 haec
657 1857 978 1925 Albertus
1022 1858 1360 1924 Ferrariae
1403 1852 1717 1946 Princeps
1762 1878 1925 1923 cum
1972 1853 2299 1924 Bonifacii

91 1970 178 2037 lx
205 1976 623 2042 auctoritate
654 1975 993 2042 Ferrariae
1039 1977 1465 2064 gymnasium
1513 1973 1939 2053 condidisset,
1984 1972 2126 2040 sine
2172 1971 2306 2039 alia

94 2085 378 2177 legitima
447 2090 647 2181 prole
705 2089 1027 2158 decedens
1071 2083 1433 2158 Nicolaum
1507 2114 1593 2156 ex
1660 2087 1869 2157 Isotta
1917 2088 2305 2155 Alberisana

97 2217 306 2293 postea
373 2209 448 2275 in
524 2231 809 2275 uxorem
856 2207 1061 2274 ducta
1119 2221 1358 2274 natum
1418 2205 1644 2281 adhuc⁴
1712 2206 2131 2297 impuberem
2177 2204 2309 2272 sub

107 2321 301 2388 tutela
334 2322 638 2413 Philippi
673 2323 956 2412 Roberti
991 2323 1327 2411 Regiensis
1371 2325 1439 2389 in
1492 2335 1834 2413 paternam
1882 2322 2104 2389 sedem
2148 2321 2309 2388 suh-

107 2435 304 2507 latum
349 2465 802 2509 successorem
857 2441 1099 2508 hahuit
1128 2444 1229 2508 (⁸).
1276 2443 1563 2519 Joafines
1611 2440 2001 2509 Galleacius
2045 2438 2309 2507 Alberti

107 2569 297 2622 morte
340 2571 691 2649 comperta
736 2582 852 2649 per
897 2559 1322 2627 Franciscum
1361 2557 1719 2639 Saxolum,
1767 2582 1973 2648 quem
2021 2558 2310 2646 pecunia

110 2687 685 2764 corruptum-eum
731 2675 998 2744 duobus
1044 2675 1309 2766 oppidis
1358 2676 1445 2743 ab
1494 2676 1798 2742 Atestino
1844 2674 2171 2760 sejunxit,
2212 2693 2311 2738 se-

113 2791 455 2873 quentibus
505 2795 697 2859 annis
728 2794 911 2881 gravi
943 2791 1126 2860 bello
1155 2791 1570 2858 Mutinenses
1612 2787 1876 2856 afflixit.
1923 2788 2307 2856 Guidonem

116 2924 359 2995 quoque
403 2907 879 2976 Polentensem
923 2907 1282 2975 Ravennae
1328 2906 1669 2996 Regulum
1722 2917 1793 2972 et
1836 2905 2309 2994 Corrigienses,

114 3023 213 3106 qui
254 3023 631 3092 Castellum
678 3027 1080 3093 Arianorum
1148 3036 1679 3114 occupaverant,
1735 3025 1808 3089 in
1867 3045 2019 3089 suas
2086 3034 2310 3111 partes

119 3142 442 3220 pertraxit.
495 3142 619 3208 His
662 3142 1059 3228 conjunctus
1107 3151 1208 3207 est
1251 3142 1488 3207 Actius
1533 3127 1801 3207 Nicolai
1870 3149 2150 3228 patruus
2221 3161 2308 3204 ex

121 3265 355 3324 vetusto
386 3259 852 3327 Atestinorum
884 3261 1207 3349 sanguine
1239 3270 1447 3339 ortus,
1480 3281 1688 3348 quem
1723 3259 1956 3325 vivens
1986 3255 2311 3323 Albertus

122 3365 612 3445 Ferrariensium
659 3351 948 3447 factione
1011 3390 1251 3468 potens
1296 3400 1454 3444 cum
1504 3377 1855 3445 Francisco
1900 3374 2310 3444 Florentiam

124 3485 536 3578 relegaverat.
582 3495 647 3562 Is
693 3499 1052 3586 imperium
1109 3495 1238 3563 sibi
1291 3494 1592 3585 legitime
1645 3493 1952 3561 debitum
2000 3517 2040 3560 a
2066 3494 2311 3582 spurio

127 3610 304 3673 teneri
346 3634 538 3702 aegre
582 3611 879 3681 ferebat:
914 3636 1123 3703 quare
1153 3615 1464 3679 trecentis
1502 3612 1954 3702 cataphractis
1984 3633 2024 3675 a
2053 3609 2092 3686 J
2095 3631 2310 3677 oanne

129 3713 440 3798 Galleacio
471 3735 798 3822 acceptis,
828 3734 1122 3823 primum
1154 3730 1468 3799 Castrum
1503 3731 1904 3798 Arianorum
1935 3725 2304 3807 contendit,

197 4040 268 4109 (Ι)
296 4043 477 4103 Jovius
508 4050 567 4102 in
602 4051 781 4121 elogiis
815 4052 1049 4106 virorum
1083 4051 1267 4105 bellica
1302 4051 1496 4103 virtute
1530 4050 1833 4103 illustrium.

196 4133 269 4236 ο(Ἃ)
297 4139 368 4193 Ut
398 4154 603 4214 apparet
634 4165 696 4200 ex
731 4147 1083 4202 instrumento
1119 4148 1183 4201 de
1216 4164 1321 4217 quo
1353 4154 1431 4201 est
1465 4154 1669 4218 rogatus
1702 4145 1978 4200 Nicolinus
2008 4142 2314 4197 Bonatiolus

138 4237 213 4289 <lm
241 4241 342 4286 erut
371 4236 589 4295 Alberto
620 4259 650 4295 a
684 4240 906 4295 secretis.
