2950 5017
578 431 713 522 57²
1328 446 1571 494 nanum
1614 446 2041 494 enormium

577 570 797 641 audiri
844 578 1112 662 petunt.
1156 565 1329 637 Orta
1367 567 1802 638 altercatione
1830 568 2146 660 Princeps
2178 590 2251 635 se
2283 589 2426 649 eos,
2451 569 2587 658 qui
2625 569 2809 658 primi
2895 645 2898 650 ,

575 689 953 758 Ferrariam
1018 686 1352 756 venissent
1382 737 1403 769 ,
1472 684 1886 754 auditurum.
1941 687 2452 777 pronunciavit.
2531 685 2810 752 Interim

576 808 889 895 utrisque
930 802 1214 872 dimissis
1258 805 1436 871 circa
1478 802 1717 872 boram
1770 804 1984 872 noctis
2036 802 2403 872 secundam
2451 794 2656 893 prius
2695 802 2810 870 Re·

575 923 905 1015 giensium
950 921 1262 1012 petitioni
1306 920 1593 1011 benigne
1635 921 1941 1001 vacavit,
1996 943 2037 988 a
2080 918 2333 1011 quibus
2388 931 2805 989 sacramento

573 1063 701 1133 pro
744 1062 930 1109 more
974 1041 1335 1131 promissae
1364 1036 1522 1105 fidei
1552 1037 1916 1107 servandae
1946 1043 2261 1129 praestito
2292 1039 2632 1129 antiquas
2660 1060 2803 1103 cum

571 1156 948 1245 majoribus
988 1157 1191 1225 initas
1234 1157 1714 1226 conventiones
1766 1153 2132 1223 liberaliter
2176 1153 2653 1223 confirmavit.
2695 1154 2816 1222 Po-

573 1273 806 1343 stridie
870 1271 1360 1342 mutinensium
1425 1294 1700 1364 quoque
1761 1270 2001 1362 legatis
2066 1268 2415 1338 satisfecit.
2478 1268 2814 1362 Sequenti

573 1411 756 1459 anno
782 1389 853 1458 (¹)
895 1411 1055 1457 cum
1102 1399 1249 1458 tota
1291 1386 1524 1456 Gallia
1566 1386 1893 1479 cisalpina
1955 1411 2220 1462 annona
2268 1388 2594 1455 maxime
2640 1385 2815 1456 labo-

575 1520 786 1589 raret,
837 1518 920 1575 ut
963 1503 1289 1574 frumenti
1335 1507 1667 1574 sextarius
1724 1528 1899 1597 pene
1964 1505 2186 1575 tribus
2238 1507 2464 1573 aureis
2516 1507 2811 1585 veniret,

568 1624 967 1717 ‘paupertati
1009 1621 1501 1693 consulendum
1545 1645 1682 1691 esse
1709 1622 1901 1713 Regii
1933 1622 2325 1691 decuriones
2369 1634 2809 1691 censuerunt.

573 1741 953 1834 Egentibus
993 1743 1173 1810 enim
1219 1743 1473 1832 cuique
1532 1738 1873 1823 familiae,
1919 1763 1961 1808 a
2003 1763 2143 1831 qua
2197 1738 2595 1821 alerentur,
2644 1742 2814 1807 attri-

575 1861 801 1943 butis,
870 1882 1185 1951 magnam
1254 1860 1460 1928 etiam
1528 1862 1777 1950 stipem
1845 1858 1933 1928 ad
2000 1856 2473 1927 sustentandos
2550 1860 2814 1949 inopes,

576 1978 771 2048 elatis
815 1980 887 2047 in
932 1977 1224 2070 publicis
1281 1976 1889 2069 supplicationibus
1948 1976 2343 2045 tutelarium
2391 1975 2812 2046 Sanctorum

577 2094 902 2186 reliquiis,
931 2096 1174 2196 quinto
1204 2093 1520 2162 calendas
1559 2092 1880 2163 februarii
1923 2092 2354 2185 collegerunt.
2388 2092 2811 2184 Respublica

576 2224 922 2281 sexcentos
967 2235 1229 2294 aureos,
1274 2210 1577 2302 religiosa
1623 2210 2056 2304 profanorum
2100 2209 2415 2280 sodalitia
2461 2211 2808 2293 centenos,

579 2340 704 2396 aut
732 2330 1265 2420 quinquagenos,
1296 2331 1659 2399 tricenosve
1690 2353 1810 2420 pro
1840 2326 2286 2398 facultatibus
2334 2328 2805 2396 contulerunt.

578 2444 849 2537 Templi
903 2445 1172 2533 majoris
1217 2433 1598 2536 Collegium
1665 2443 1890 2538 fruges
1959 2445 2146 2513 mille
2209 2445 2527 2513 ducentis
2600 2448 2814 2513 aureis

578 2566 960 2632 aestimatas
1003 2562 1310 2632 donavit.
1357 2564 1843 2655 Religiosorum
1887 2569 2160 2655 quoque
2203 2563 2534 2632 coenobia
2583 2586 2814 2632 aureos

578 2679 855 2762 calices,
896 2702 1113 2748 sacras
1157 2679 1424 2748 lanceas
1469 2692 1541 2747 et
1584 2691 1894 2772 argentea
1925 2702 2084 2748 vasa
2102 2730 2121 2761 ‚
2152 2679 2421 2771 aliquae
2461 2692 2816 2749 matronae

581 2796 845 2880 anulos,
890 2810 960 2865 et
1003 2797 1308 2878 monilia,
1351 2796 1696 2878 elenchos,
1741 2796 1852 2866 vel
1895 2795 2341 2877 frumentum,
2388 2808 2515 2864 aut
2561 2819 2804 2865 aurum

579 2937 829 3005 magno
860 2916 1129 3005 pietatis
1156 2914 1382 2983 studio
1412 2912 1842 2983 obtulerunu
1859 2912 2182 2982 Universa
2213 2937 2478 2981 summa
2513 2928 2807 3005 quatuor

580 3031 801 3099 millia
846 3053 1200 3101 aureorum
1256 3035 1578 3110 excessit,
1623 3055 1800 3121 quae
1846 3032 1936 3099 ab
1984 3034 2215 3099 attrita
2282 3030 2465 3101 bello
2534 3035 2807 3102 civitate

579 3150 700 3219 vix
744 3153 989 3240 sperari
1038 3152 1387 3241 potuisset.
1435 3150 1823 3241 Alphonsus
1868 3174 2025 3220 vero
2055 3150 2283 3220 Cosmi
2314 3150 2616 3219 Medicoe
2659 3152 2808 3221 Flo-

579 3270 837 3333 rentiae
904 3268 1222 3357 principis
1276 3265 1526 3347 filiam,
1569 3289 1777 3358 quam
1837 3270 2148 3357 proximo
2216 3291 2391 3336 anuo
2460 3280 2807 3359 acceperat

579 3381 974 3470 conjugem,
1020 3383 1106 3448 ad
1150 3406 1221 3449 se
1265 3385 1650 3451 venientem
1697 3383 2159 3452 decimotertio
2218 3382 2535 3452 calendas
2587 3389 2802 3453 martii

580 3522 826 3590 magna
871 3521 1120 3589 pompa
1163 3503 1449 3589 excepit.
1488 3501 1792 3592 Triginta
1833 3501 2129 3589 juniores
2177 3512 2522 3570 matronas
2574 3504 2804 3595 vigesi-

581 3641 773 3684 mum
820 3618 1140 3708 quintum
1189 3640 1444 3685 annum
1487 3618 1793 3687 nondum
1839 3618 2279 3701 excedentes,
2314 3622 2625 3690 vestibus
2657 3620 2808 3692 albo

581 3734 891 3822 bombice
919 3734 1317 3803 damasceno
1361 3756 1564 3825 opere
1607 3735 1966 3804 elaboratis
2011 3747 2084 3803 et
2127 3753 2402 3828 argento
2452 3739 2804 3828 picturatis

583 3852 852 3920 indutas
896 3852 1266 3922 Bononiam
1336 3875 1553 3942 usque
1624 3853 1896 3921 obviam
1966 3856 2177 3922 misit.
2224 3853 2421 3922 Aliae
2468 3867 2799 3945 praeterea

591 3973 943 4039 maturiori
987 3983 1207 4040 aetate
1252 3970 1535 4040 totidem
1578 3970 1818 4040 eodem
1847 3971 2090 4040 habitu
2125 3972 2212 4040 ad
2240 3972 2583 4067 Poggium
2615 3974 2805 4043 Lam·

588 4239 595 4244 ·
662 4219 746 4290 (¹)
779 4217 948 4276 “³12¹-
