2950 5017
965 433 1161 478 maza
1204 433 1448 479 ramus
2207 418 2291 485 55

86 559 177 626 ni
233 567 329 624 ut
388 554 507 642 ad,
534 575 806 622 arenam
871 554 1069 618 inviti
1140 553 1575 642 cogebantur,
1628 551 1834 621 ferme
1886 555 2160 623 numero
2212 577 2293 623 cc
2389 551 2404 568 ‘

78 670 413 763 fugiendi
459 667 833 738 consilinm*
859 669 1094 734 iniere.
1147 666 1246 734 Re
1289 668 1551 734 detecta
1600 668 1732 737 duo
1783 668 1866 735 de
1918 662 2292 760 octoginta,

80 781 207 878 qui
255 786 527 855 domini
572 805 811 850 manus
856 804 1151 862 evasere,
1193 805 1280 847 ex
1325 784 1706 872 coquinaria
1757 783 2031 851 taberna
2083 787 2298 874 primo

82 903 431 982 verubus,
476 913 547 967 et
588 901 924 990 bipennis,
968 911 1051 963 ut
1092 921 1225 965 sors
1269 898 1551 980 obtulit,
1582 911 1809 988 postea
1835 895 2005 971 ferro
2048 901 2301 992 gladia-

82 1022 273 1087 torio
326 1021 637 1095 invento,
679 1014 973 1082 militum
1041 1037 1225 1081 more
1289 1037 1358 1081 se
1424 1027 1877 1084 armaverunt.
1937 1016 2301 1091 Eminebat

86 1137 279 1203 inter
328 1157 441 1202 eos
484 1123 846 1221 Spartacus
897 1133 1000 1199 vir
1050 1143 1269 1199 aetate
1319 1134 1607 1222 integra,
1659 1155 1864 1200 manu
1919 1149 2299 1227 promptus,

92 1263 171 1318 et
216 1252 491 1341 ingenio
534 1247 759 1316 feroxz
807 1271 942 1339 quo
973 1248 1143 1314 duce
1173 1247 1388 1317 electo
1433 1261 1504 1316 et
1547 1246 2106 1342 facinorosissimis
2154 1258 2302 1344 qui-

94 1367 377 1457 busque
422 1375 649 1455 postea
695 1364 778 1430 ad
822 1388 935 1431 eos
978 1362 1504 1444 confluentibus,
1548 1365 1870 1454 ignobilia
1913 1369 2188 1456 oppida,
2233 1383 2302 1437 et

94 1482 311 1552 villas
352 1482 638 1571 diripere
682 1492 1072 1571 coeperunt.
1130 1480 1234 1547 Ita
1287 1480 1643 1570 paullatim
1711 1506 1934 1549 rerum
2000 1487 2304 1552 omnium

97 1603 379 1690 copiam
424 1602 640 1679 nacti,
682 1612 753 1664 et
793 1599 864 1664 in
909 1607 1323 1665 numerosam
1372 1598 1879 1666 multitudinem
1925 1604 2105 1667 aucti
2124 1652 2144 1682 ,
2172 1599 2308 1670 for-

100 1715 417 1783 midandi
454 1717 783 1781 exercitus
825 1718 1111 1804 speciem
1157 1715 1565 1782 habuerunt.
1603 1715 1843 1783 Missus
1887 1720 2102 1806 primo
2148 1741 2306 1786 cou-

110 1845 229 1900 tra
280 1856 388 1901 eos
428 1831 776 1912 Claudius,
828 1832 1059 1899 deinde
1112 1832 1393 1899 Publius
1421 1832 1760 1914 Varenus,
1789 1838 2038 1901 amissis
2081 1839 2307 1903 castris

110 1952 404 2039 turpiter
443 1946 579 2015 fusi
623 1946 832 2016 fuere.
863 1949 1126 2037 Deinde
1159 1950 1407 2016 Lucius
1440 1948 1680 2017 Gallus
1711 1950 2049 2017 Poblicola
2079 1964 2146 2018 et
2176 1952 2301 2019 Cn.

106 2063 458 2133 Cornelius
487 2064 673 2131 Coss.
708 2067 933 2131 minus‘
967 2087 1272 2154 prospere
1319 2079 1390 2131 et
1434 2068 1558 2154 ipsi
1603 2077 1973 2154 pugnantes
2005 2065 2307 2155 Spartaci
2330 2100 2347 2110 ’

110 2203 355 2248 nomen
411 2179 670 2247 celebre
721 2193 792 2247 et
856 2180 1234 2246 timendum
1279 2178 1618 2261 fecerunt,
1661 2184 1782 2271 qui
1826 2205 2133 2272 prospera
2176 2181 2307 2249 hac
2403 2267 2410 2276 ·

116 2292 387 2363 fortuna
430 2293 650 2361 elatus
714 2297 786 2361 in
853 2294 1149 2361 Galliam
1194 2295 1602 2384 Cisalpinam
1635 2281 1836 2385 ”alpes
1879 2309 2309 2385 superaturus

114 2411 488 2479 contendit.
545 2410 656 2477 Illi
706 2412 971 2479 obviam
1027 2414 1202 2482 circa
1268 2412 1527 2477 Padum
1595 2410 1811 2479 factus
1876 2435 2031 2479 cum
2077 2413 2310 2479 decem

116 2525 416 2594 millibus
486 2538 892 2593 armatorum
940 2526 1208 2594 Cassius
1251 2528 1558 2608 Praetor,
1601 2538 1901 2595 conserta
1957 2525 2310 2595 infeliciter

113 2663 369 2731 pugna,
415 2654 488 2709 et
530 2640 831 2731 pluribus
875 2645 1125 2710 amissis
1155 2645 1272 2710 vix
1301 2646 1437 2732 ipse
1467 2642 1816 2710 incolumis
1845 2646 2077 2709 evasit.
2124 2642 2306 2709 Tan-

116 2757 269 2825 dem
322 2757 473 2844 ejus
540 2757 702 2824 belli
759 2781 918 2825 cura
961 2759 1186 2827 Marco
1232 2759 1489 2826 Licinio
1533 2758 1769 2826 Crasso
1818 2759 2062 2824 tradita
2082 2808 2102 2838 ,
2149 2781 2309 2824 cum

122 2871 459 2941 Romanos
509 2876 767 2962 saepius
811 2873 1171 2963 Spartacus
1227 2874 1562 2954 elusisset,
1607 2874 1880 2939 demum
1946 2875 2014 2937 in
2086 2894 2312 2961 pugna

125 2991 386 3058 occisus
425 2992 669 3079 ingenti
716 2990 1159 3057 sollicitudine
1205 2990 1535 3080 populum
1580 3010 1928 3056 romanum
1976 2987 2309 3055 liberavit.

256 3104 447 3172 Varii
475 3106 706 3173 deinde
734 3104 1055 3173 Praefecti
1085 3095 1376 3174 Galliam
1409 3086 1829 3194 Cisalpinam⁸
1849 3104 2311 3185 obtinuerunt,

120 3219 329 3290 donec
376 3220 796 3311 eloquentiae
838 3226 1119 3313 principi
1148 3223 1373 3291 Marco
1405 3221 1633 3289 Tullio
1664 3219 1967 3288 Ciceroni
1998 3218 2312 3301 Consuli,

122 3359 295 3405 anno
320 3337 415 3404 ab
447 3336 533 3403 U.
562 3335 644 3404 C.
666 3360 872 3418 Dcxc,
903 3361 1019 3427 pro
1041 3337 1458 3419 Macedonia,
1490 3359 1698 3428 quam
1728 3338 1997 3403 sortitus
2019 3335 2311 3413 Antonio

121 3452 415 3544 collegae
481 3453 573 3522 ob
637 3454 955 3543 quasdam
999 3457 1474 3521 controversias
1540 3463 1947 3520 concesserat
1973 3501 1993 3531 ,
2040 3475 2121 3518 ea
2164 3471 2313 3540 pro3

122 3571 339 3638 vincia
402 3579 508 3636 est
573 3573 936 3638 commissa.
982 3569 1116 3636 Sed
1158 3568 1449 3637 Catilina
1514 3568 1695 3659 apud
1753 3566 2025 3635 Fesulas
2075 3578 2313 3636 contra

126 3682 641 3776 Rempublicam
683 3689 1047 3754 exercitum
1092 3684 1508 3752 tumultuose
1545 3695 1848 3774 cogente,
1878 3682 2131 3751 Romae
2174 3683 2315 3770 ipse

126 3821 391 3869 manere
458 3814 763 3882 coactus,
828 3805 899 3869 in
952 3800 1247 3869 Galliam
1307 3812 1638 3881 nostram,
1682 3824 1766 3867 ne
1832 3786 1884 3864 a'
1938 3796 2318 3866 facinorosis

129 3929 603 4008 occuparetur,
632 3918 984 3986 Metellum
1016 3918 1313 3986 Celerem
1344 3905 1719 3985 Praetorem
1765 3918 1978 3983 misit.
2023 3914 2317 3983 Catilina

130 4055 279 4104 vero
309 4061 353 4105 a
380 4034 557 4122 Caio
588 4036 878 4107 Antonio
908 4036 1163 4105 Fesulis
1199 4034 1483 4103 feliciter
1524 4058 1737 4117 caeso,
1762 4022 1851 4102 'et
1893 4035 2127 4101 ceteris
2171 4030 2317 4118 ejus

60 4147 71 4158 ’
134 4144 439 4221 factionis
481 4150 806 4245 seditiosis
849 4176 990 4222 sero
1034 4155 1343 4222 extinctis
1357 4203 1377 4235 ,
1420 4174 1662 4243 magna
1724 4150 1868 4237 jam
1932 4145 2321 4219 consulatus
