2950 5017
647 708 1022 795 mmm
1121 675 1755 799 suemus
1880 818 1886 825 ⁸

238 1695 582 1761 Hactenus
640 1695 872 1783 paucis
913 1687 1331 1783 Regiensium
1392 1693 1623 1775 rebus,
1666 1717 1830 1784 quas
1875 1717 1962 1761 ex
2004 1693 2283 1763 obscura

111 1821 457 1876 vetustate
499 1832 719 1877 eruere
758 1810 1123 1902 potuimus,
1154 1809 1440 1877 breviter
1484 1809 1729 1886 relatis,
1774 1808 1965 1899 plura
2014 1808 2095 1874 ad
2139 1833 2284 1899 pro-

106 1928 403 1992 vinciam
448 1923 741 1991 Galliam
787 1922 1194 2014 Cisalpinam
1241 1928 1664 2014 pertinentia,
1695 1948 1899 2015 quam
1943 1925 2125 1991 urbis
2167 1948 2284 1993 no-

100 2053 274 2107 strae
322 2042 620 2129 propria,
663 2042 961 2130 exposui.
1005 2040 1207 2107 Nunc
1236 2040 1426 2129 Regii
1469 2054 1651 2130 gesta
1694 2040 1955 2134 plenius
1997 2039 2283 2130 explica-

106 2170 293 2223 turus
324 2181 367 2222 a
398 2155 578 2223 Divo
611 2157 914 2246 Prospero
944 2159 1228 2225 civitatis
1274 2173 1527 2225 nostrae
1573 2170 1849 2246 patrono
1879 2169 1950 2225 et
1977 2160 2277 2247 episcopo

106 2273 590 2362 religiosissimo
635 2273 866 2362 (quod
911 2272 1056 2358 ejus
1115 2272 1344 2341 honori
1397 2276 1485 2339 sit
1537 2275 1913 2361 tributum)
1960 2274 2282 2341 exordiar.

105 2387 384 2478 Septem
424 2401 586 2456 ante
628 2411 781 2454 eum
825 2389 1177 2469 antistites,
1222 2389 1584 2469 Protasius,
1632 2388 2031 2470 cromatius,
2075 2389 2282 2458 Anto-

108 2505 342 2583 ninus,
394 2502 658 2582 Helias,
707 2501 1055 2584 Santinus,
1098 2501 1434 2585 Carosius,
1491 2516 1561 2570 et
1625 2503 1930 2594 Elpidius
1994 2516 2282 2572 nostram

106 2617 444 2684 eeclesiam
515 2620 754 2684 rexisse
811 2616 1146 2685 feruntur.
1203 2619 1338 2687 His
1395 2622 1663 2687 additur
1701 2620 2099 2704 Faventius,
2162 2624 2279 2707 qui

106 2732 467 2821 Regiensis
544 2737 898 2823 episcopus
964 2739 1343 2802 nominatur
1420 2741 1493 2802 in
1554 2737 1959 2826 provinciali
2028 2738 2283 2825 synodo

112 2848 635 2932 Mediolanensi,
680 2854 791 2916 cui
834 2870 1010 2917 anno
1054 2851 1299 2918 salutis
1330 2853 1973 2939 quadringentesimo
2003 2853 2283 2938 quadra-

108 2969 370 3051 gesimo
395 2970 598 3064 primo
626 2965 1044 3054 subscripsit,
1077 2988 1199 3033 nec
1230 2969 1310 3033 de
1340 2969 1480 3033 alio
1508 2966 1753 3053 Regio,
1784 2987 1982 3053 quam
2007 2964 2279 3054 Lepidi,

98 3095 341 3170 potest
406 3085 715 3174 intelligi,
788 3084 903 3171 qui
947 3071 1482 3172 Metropolitum
1546 3083 1926 3153 Mediolani
1989 3081 2280 3150 suberat.

107 3198 243 3265 Hos
283 3210 547 3264 secutus
592 3198 858 3287 Prosper
888 3210 1162 3267 octavus
1202 3197 1462 3288 praesul
1491 3197 1922 3288 Regiensibus
1964 3195 2278 3288 praefuit,

108 3317 202 3381 vir
228 3316 417 3382 omni
462 3318 640 3381 vitae
681 3317 1028 3382 sanctitate
1059 3317 1351 3404 insignis,
1383 3337 1612 3404 genere
1641 3315 2043 3404 Aquitanus,
2077 3339 2277 3404 quem

108 3443 247 3498 tum
293 3429 389 3498 ob
433 3452 762 3498 summam
806 3430 1242 3499 eruditionem
1275 3455 1361 3497 ex
1390 3433 1669 3521 seriptis,
1701 3454 1872 3520 quae
1904 3433 2278 3498 etiamnum

107 3557 371 3625 extant,
417 3549 581 3614 satis
624 3544 1021 3614 declaratam
1063 3547 1132 3613 in
1180 3544 1418 3636 magno
1471 3548 1728 3637 praetio
1773 3543 1973 3614 fuisse
2018 3546 2277 3613 Platina

111 3663 169 3730 ia
234 3664 395 3730 vitis
450 3660 848 3729 Pontificum
909 3661 1192 3753 prodidit
1221 3664 1320 3730 (¹).
1373 3663 1436 3730 Is
1493 3686 1580 3729 ex
1621 3663 2058 3731 Lemovioena
2111 3661 2277 3729 urbe

108 3777 445 3846 nobilibus
486 3789 668 3846 ortus
709 3778 1119 3868 parentibus,
1155 3802 1311 3845 cum
1354 3780 1556 3846 sacris
1598 3790 1767 3846 esset
1810 3780 2134 3859 initiatus,
2164 3802 2277 3868 pa-

110 3907 364 3964 ternum
412 3896 888 3985 patrimonium
943 3897 1342 3987 pauperihus
1388 3895 1738 3986 elargitus,-
1778 3895 2060 3965 Romam
2105 3895 2280 3963 Petri
2405 3921 2412 3928 ·

180 4152 644 4225 (quamn.
