2950 5017
914 420 1113 465 mana
1159 419 1497 467 stennone
1940 423 1944 427 ·
2170 425 2294 496 109

75 542 388 625 sedente,
421 518 764 611 mathilda
795 564 1045 609 annum
1075 564 1274 633 agens
1301 565 1436 610 mxv
1465 565 1640 613 nono
1668 541 1977 611 calendas
2005 548 2296 644 augusti,

71 656 372 725 haerede
425 659 744 726 instituta
770 655 1093 738 Ecclesia,
1122 659 1331 724 vitam
1364 679 1522 723 cum
1553 671 1764 726 morte
1807 659 2068 726 beatius
2112 683 2297 730 com-

71 777 418 843 mutavit.
480 775 747 842 Praetei·
814 774 1008 841 urbes
1072 773 1419 842 Mantuam
1440 825 1459 855 ,
1504 774 1780 865 Regium
1797 826 1818 857 ,
1860 776 2168 843 Parmam
2215 788 2286 845 et

71 889 476 958 Ferrariam
500 939 521 971 ,
566 888 895 980 quidquid
957 913 999 956 a
1049 889 1239 955 Pixia
1303 912 1496 956 amne
1529 940 1549 970 ,
1600 902 1672 956 et
1733 887 1975 960 Sancto
2018 893 2291 975 Quirico

73 1001 399 1072 Senensis
448 1007 621 1095 agris
661 1026 875 1094 usque
934 1002 1018 1070 ad
1078 1003 1570 1093 Coeperanum,
1629 1017 1700 1071 et
1742 1004 2061 1094 Tyberim
2112 1010 2291 1073 inter

83 1124 540 1209 apenninum,
573 1132 642 1187 et
669 1144 852 1188 mare
880 1124 1188 1210 pertinet,
1213 1123 1295 1189 ad
1327 1119 1712 1190 Pontificem
1743 1125 2070 1212 pervenit.
2092 1122 2286 1190 Unde
2362 1178 2369 1184 .

81 1257 262 1325 quae
305 1238 381 1302 in
433 1236 750 1303 Hetruria
814 1235 993 1304 bona
1058 1237 1415 1325 possiderat
1429 1288 1448 1317 ,
1515 1248 1745 1326 postea
1805 1236 2283 1305 Patrimonium

83 1349 441 1419 Ecclesiae
486 1374 701 1442 usque
745 1354 811 1419 in
859 1352 1034 1419 hanc
1077 1351 1252 1420 diem
1296 1365 1397 1421 est
1438 1364 1787 1434 vocatum,
1837 1364 1906 1419 et
1950 1365 2113 1420 tunc
2166 1355 2296 1442 pri·-

87 1486 283 1532 mum
347 1468 670 1535 omnium
733 1489 1054 1535 consensu
1100 1469 1172 1535 in
1214 1466 1549 1536 Pontificis
1615 1479 2010 1558 potestatem
2079 1479 2300 1537 nostra

89 1584 334 1650 civitas
381 1583 716 1673 pervenit.
748 1583 1067 1651 Mantuae
1109 1582 1426 1654 defuncte
1455 1589 1529 1653 in
1557 1586 1649 1653 D.
1680 1585 2015 1653 Benedicti
2062 1609 2300 1656 coeno-

96 1697 248 1777 bio,
276 1698 470 1788 quod
495 1697 879 1768 Bonifacius
922 1698 1067 1787 ejus
1107 1714 1300 1790 pater
1325 1702 1732 1783 condiderat,
1762 1702 2001 1769 humili
2036 1702 2301 1771 tumulo

101 1809 397 1879 humata
426 1809 555 1880 fnit
574 1815 675 1880 (¹).
705 1812 1030 1904 Sequenti
1062 1837 1235 1884 anno
1263 1838 1420 1883 cum
1450 1816 1804 1905 Ravennae
1832 1816 2297 1907 Archipraesul

103 1927 420 1998 Romano
449 1928 757 1998 Pontifici
802 1954 1026 2020 parere
1068 1932 1310 2014 nollet,
1338 1933 1672 2002 Pascbalis
1715 1934 1782 2001 11
1825 1934 2076 2025 synodo
2121 1934 2300 2023 apud

103 2041 663 2111 Guatdastallum
692 2043 951 2127 habita,
982 2046 1416 2130 Placentiam,
1448 2049 1786 2131 Parmam,
1813 2049 2122 2138 Regium,
2151 2050 2304 2117 Mu-

109 2159 318 2224 tinam
366 2170 443 2226 et
485 2159 848 2228 Bononiam
895 2185 935 2228 a
977 2161 1352 2231 Ravennati
1415 2163 1690 2231 eeclesia
1748 2164 2022 2244 liberas,
2066 2176 2136 2230 et
2178 2168 2303 2230 im-

109 2297 340 2342 munes
388 2298 532 2344 esse
573 2274 889 2345 decrevit.
933 2277 1160 2367 Ipsum
1207 2302 1473 2370 quoque
1505 2279 2087 2361 Guardastallum,
2117 2280 2299 2370 quod

107 2388 416 2483 Regiensi
479 2393 787 2483 episcopo
845 2394 1224 2480 subjectum
1278 2407 1454 2478 erat,
1499 2409 1645 2466 tum
1701 2397 1951 2466 nullius
1995 2397 2305 2466 dioecesis

116 2519 214 2573 est
276 2512 825 2598 pronuntiatum.
879 2512 1001 2578 His
1043 2489 1292 2579 diebus*
1323 2512 1404 2579 de
1447 2512 1607 2581 Divi
1653 2515 1947 2604 Prosperi
2015 2516 2302 2595 ossibus,

112 2620 376 2690 diversis
419 2647 503 2690 ea
547 2626 729 2715 apud
772 2648 839 2691 se
883 2629 1248 2695 conservari
1277 2628 1866 2711 contendentibus,
1899 2632 2124 2719 ingens
2156 2644 2304 2698 orta

115 2749 216 2805 est
257 2739 628 2811 altercatio.
675 2742 1021 2812 Albericus
1049 2747 1254 2835 igitur
1283 2745 1620 2834 Regiensis
1666 2748 1962 2826 antistes,
1996 2759 2072 2812 ut
2100 2770 2302 2813 omne

123 2853 458 2925 dissidium
501 2858 792 2941 tolleret,
834 2872 1052 2942 nocte,
1082 2885 1259 2952 quae
1303 2876 1544 2931 octavo
1587 2862 1890 2930 calendas
1934 2863 2305 2930 decembris

124 2979 501 3060 praecessit,
530 2973 674 3043 fani
719 3001 761 3044 a
804 2976 1098 3048 castello
1135 2979 1386 3065 majore
1432 3003 1543 3046 ara
1588 2977 1847 3058 effossa,
1879 2982 2102 3068 ignota
2131 3002 2306 3059 ossa,

124 3109 300 3176 quae
342 3090 585 3160 nullius
615 3115 857 3161 nomen
888 3094 1291 3184 descriptum
1337 3094 1702 3174 habebant,
1737 3116 1854 3186 pro
1882 3095 1973 3162 D.
2008 3095 2303 3184 Prosperi

121 3200 406 3295 mllquiis
443 3207 697 3297 populo
723 3209 1042 3290 ostendit3
1072 3222 1301 3280 contra
1330 3210 1420 3278 D.
1443 3211 1736 3300 Prosperi
1768 3210 1996 3278 Abbas
2042 3211 2303 3289 Amiz'o,
2350 3267 2353 3270 Α

122 3322 230 3409 qui
259 3344 370 3390 eas
413 3324 596 3414 apud
637 3347 708 3393 se
749 3328 993 3396 servari
1024 3328 1493 3408 contendebat,
1523 3331 1827 3419 sequenti
1860 3351 2079 3409 mane,
2111 3332 2307 3395 sacris

123 3443 419 3525 peractis,
463 3455 820 3536 praerupta
861 3456 934 3511 et
976 3446 1115 3534 ipse
1157 3447 1261 3513 sui
1309 3445 1542 3535 templi
1587 3445 1841 3531 majore
1886 3469 2032 3526 ara,
2077 3448 2311 3513 inven-

127 3563 262 3620 tum
313 3578 601 3644 corpus,
643 3559 823 3649 quod
870 3559 1132 3660 vetusta
1202 3573 1633 3629 monumenta
1676 3561 1767 3628 D.
1813 3561 2112 3650 Prosperi
2172 3584 2310 3628 esse

128 3670 619 3758 dguifioabant,
670 3675 977 3766 plurimis
1041 3678 1499 3768 spectantibus
1565 3677 1871 3769 protulit.
1921 3677 2175 3745 Eadem
2223 3676 2310 3745 de

129 3780 300 3853 Beati
329 3788 607 3857 Venerii
636 3803 704 3859 et
734 3792 773 3870 J
778 3791 1079 3886 ucundae
1107 3793 1199 3859 D.
1228 3793 1527 3883 Prosperi
1559 3793 1919 3883 discipulae
1965 3804 2111 3876 orta
2155 3816 2329 3868 cons

132 3908 470 3987 troversia,
496 3904 676 3974 idem
722 3910 1076 4000 episcopus
1118 3906 1464 3997 perforatis
1510 3910 1913 3999 quibusdam
1946 3911 2073 3978 aris
2092 3960 2113 3992 ,
2140 3931 2314 3999 quae

195 4158 272 4227 (ι)
302 4160 432 4217 Pht.
463 4163 522 4217 in
556 4164 735 4218 rach.
766 4174 819 4220 et
849 4166 1039 4221 mend.
1070 4168 1107 4256 ¹:
1141 4167 1192 4236 4.
