2950 5017
662 406 793 453 220
1401 405 1638 452 luzam!
1679 405 2094 454 nummum

661 523 854 615 plura
893 522 1040 592 loca
1081 536 1274 615 capta
1318 523 1692 592 dirueruntz
1738 525 1850 592 sed
1916 551 2048 596 non
2119 529 2345 616 paucis
2421 531 2722 612 amissis,
2783 540 2851 599 et
2934 518 2935 529 ¹

657 642 786 731 ipsi
854 646 1131 731 turpiter
1195 641 1434 731 repulsi
1500 641 1707 710 fuere.
1777 643 1871 710 At
1937 644 2307 712 Bonacossii
2329 695 2347 724 ,
2399 658 2471 712 et
2522 646 2846 737 Scaligeri

660 758 890 845 copiae
932 755 1276 846 Regiolum
1344 780 1556 847 usque
1622 755 1952 847 profectae
2011 763 2312 849 opposita
2378 764 2518 827 acie
2569 761 2849 830 Cremo-

661 893 890 938 nenses
933 871 1245 938 Atestinis
1312 873 1644 939 auxilium
1715 870 1885 940 ferre
1954 872 2463 963 prohibuerunt.
2513 875 2845 944 Gibertus

660 1010 816 1057 vero
853 988 1184 1078 corrigias
1228 1012 1384 1055 eum
1431 990 1692 1058 duobus
1737 991 2033 1059 millibus
2078 991 2427 1061 bominum
2472 993 2558 1060 ad
2608 994 2842 1063 Color-

658 1128 824 1172 num
868 1117 938 1170 et
977 1104 1271 1172 Maidam
1315 1118 1527 1172 castra
1569 1108 1825 1194 posuit,
1870 1130 1948 1174 ac
1993 1107 2204 1175 donec
2247 1108 2453 1197 Regio
2496 1110 2840 1178 Atestinus

655 1219 947 1307 ejecisset
987 1220 1142 1287 inde
1193 1245 1325 1289 non
1369 1221 1693 1288 discedere
1739 1221 2052 1291 decrevit.
2120 1223 2378 1292 Interea
2445 1226 2840 1314 quindecim

657 1335 894 1404 diebus
936 1339 1003 1403 in
1049 1336 1400 1403 lustrandis
1444 1338 1780 1405 suburbiis
1825 1338 2070 1406 frustra
2113 1344 2566 1428 consumptis,
2612 1340 2840 1408 Canu·
2936 1338 2937 1345 '

654 1451 835 1532 lum,
878 1451 1209 1542 Carpum,
1252 1452 1614 1534 Budrium,
1660 1467 1865 1544 atque
1909 1455 2039 1523 alia
2082 1456 2512 1545 Regiensium
2554 1457 2839 1524 castella

656 1571 1028 1659 occupavit.
1059 1568 1308 1637 Contra
1349 1572 1587 1637 Actius
1631 1573 1701 1638 in
1744 1571 2131 1640 Parmenses
2176 1575 2572 1663 irrumpens,
2619 1573 2847 1641 multa-

651 1685 953 1753 incendio
1000 1688 1303 1752 vastavit.
1371 1684 1455 1751 Ei
1501 1686 1827 1756 auxilium
1872 1687 2088 1755 tulere
2133 1688 2388 1769 Roscii,
2432 1701 2501 1755 et
2544 1689 2729 1779 Lupi
2792 1712 2837 1758 a

653 1800 925 1869 Giberto
954 1801 1251 1891 Corrigio
1281 1806 1581 1893 expulsi,
1611 1807 1729 1894 qui
1759 1804 1847 1872 ob
1876 1803 2273 1893 Guelphutn
2303 1828 2546 1872 nomen
2579 1805 2829 1872 Parma

655 1917 1054 2001 exulabant,
1095 1925 1217 1987 etsi
1262 1933 1456 1987 antea
1501 1922 1699 1989 Actio
1742 1919 2011 2001 infensi,
2072 1933 2233 1989 tuno
2296 1921 2438 2008 ejus
2489 1922 2823 2011 stipendio

652 2045 877 2099 contra
908 2057 1326 2103 communem
1358 2036 1614 2104 hostem
1658 2037 2079 2116 militabant,
2124 2061 2253 2105 non
2300 2037 2584 2127 Regium
2628 2037 2832 2106 rnodo

654 2150 1047 2232 tuebantur,
1089 2152 1204 2218 sed
1261 2155 1515 2243 patriae
1558 2155 1759 2219 etiam
1807 2151 2073 2219 bellum
2118 2150 2546 2220 inferrebant.
2590 2152 2829 2220 Caete-

651 2289 800 2332 rum
854 2267 1154 2335 Folleani
1218 2291 1394 2336 novo
1459 2271 1730 2335 ineunte
1797 2292 1969 2336 anno
2030 2290 2276 2335 uoocvr
2348 2269 2476 2336 sub
2540 2269 2825 2353 januarii

650 2364 924 2449 initium·
984 2406 1138 2449 oum
1204 2386 1575 2473 proscriptis
1634 2397 1701 2450 et
1755 2386 2081 2451 sociorum
2133 2398 2200 2451 et
2232 2383 2501 2451 ‘Giberti
2547 2385 2833 2473 Corrigii

651 2500 855 2586 copiis
915 2498 1154 2588 triplici
1216 2501 1361 2565 acie
1414 2500 1651 2566 urbem
1708 2502 2082 2566 cinxerunt.
2142 2499 2366 2566 Prima
2409 2498 2490 2565 ad
2536 2498 2609 2567 S.
2655 2499 2830 2569 Petri

650 2626 911 2703 portam
954 2616 1215 2697 resedit,
1249 2615 1451 2683 altera
1485 2617 1568 2681 ad
1601 2615 1673 2683 S.
1701 2615 2146 2705 Stephanum,
2179 2619 2373 2683 tertia
2404 2616 2488 2682 ad
2518 2614 2590 2682 S.
2613 2615 2826 2682 Marci

649 2728 850 2799 fossas
878 2732 1097 2821 ferme
1141 2737 1723 2822 quadrigentorum
1757 2735 2066 2822 peditum
2094 2744 2309 2798 castra
2351 2733 2592 2821 posuit.
2629 2732 2829 2808 Jam-

649 2870 778 2936 que
822 2854 1080 2918 moenia
1122 2854 1588 2933 ascenderant,
1620 2864 1688 2918 et
1718 2852 1813 2916 ad
1837 2849 2113 2916 Portam
2140 2850 2422 2916 Castelli
2469 2848 2829 2938 explicatis

645 2969 918 3033 vexillis
962 2969 1523 3056 ingrediebantur,
1571 2991 1717 3035 cum
1763 2967 2075 3056 populus,
2106 2968 2514 3033 venientium
2548 2968 2826 3056 strepitu

650 3082 900 3162 audito,
931 3107 1018 3149 ex
1046 3097 1340 3173 tempore
1370 3085 1632 3150 duabus
1675 3086 1881 3172 portis
1925 3086 1994 3151 in
2040 3082 2261 3151 hostes
2301 3105 2540 3172 magno
2571 3086 2827 3171 impetu

648 3200 892 3286 erupit,
934 3199 1052 3287 qui
1096 3196 1252 3273 fessi
1287 3201 1523 3263 itinere
1567 3221 1688 3263 nec
1733 3200 1891 3262 satis
1963 3197 2046 3264 ad
2114 3197 2589 3267 conserendum
2641 3221 2825 3287 prae-

645 3311 810 3377 lium
874 3316 1178 3379 instructi
1245 3296 1548 3402 plurimis
1595 3315 1848 3379 amissis
1892 3311 2024 3381 fusi
2072 3313 2420 3406 fugatique
2466 3312 2682 3383 fuere.
2729 3313 2825 3383 Eo

648 3440 936 3517 tempore
982 3440 1171 3495 tanta
1200 3433 1299 3497 vis
1328 3428 1582 3518 frigoris
1612 3428 1746 3496 fuit
1780 3441 1857 3496 ut
1889 3431 2166 3499 flumina
2198 3435 2419 3501 omnia
2447 3434 2518 3499 in
2548 3430 2823 3499 AEmilia

645 3545 1131 3635 congelaverint
1177 3558 1245 3612 et
1290 3548 1625 3635 peditibus
1669 3570 1784 3636 per
1826 3549 2103 3616 solidam
2135 3549 2414 3639 glaciem
2445 3548 2824 3616 transeundi

648 3676 873 3730 tutum
920 3668 1042 3730 iter
1086 3665 1534 3753 praebuerint.
1567 3658 1818 3732 Verum
1853 3668 2094 3733 Actius
2125 3690 2255 3734 non
2286 3665 2402 3732 diu
2446 3665 2575 3733 hac
2622 3668 2824 3734 victo-

647 3783 742 3845 ria
786 3779 1068 3847 laetatus
1112 3782 1283 3846 intra
1340 3804 1585 3870 paucos
1630 3781 1774 3849 dies
1818 3783 2088 3850 urbium
2133 3805 2304 3872 quae
2349 3781 2478 3848 sibi
2520 3780 2820 3873 reliquae

643 3892 905 3962 fuerant
949 3899 1298 3985 imperium
1349 3902 1593 3965 amisit.
1641 3898 1833 3966 Sessii
1880 3902 2056 3965 enim
2103 3898 2448 3988 Regienses
2492 3897 2585 3964 ob
2629 3920 2821 3964 occu-

644 4023 872 4099 patam
918 4014 1196 4101 patriam
1252 4016 1312 4078 ei
1379 4011 1612 4080 infensi
1657 4038 1815 4081 cum
1861 4012 2204 4082 Manfredo
2249 4037 2290 4080 a
2332 4011 2617 4093 Saxolo,
2665 4034 2819 4077 eum

643 4126 1093 4219 Raugonibus,
1136 4128 1527 4213 Boschettis,
1558 4129 1972 4223 Savi‘gnanis,
2002 4142 2071 4198 et
2107 4131 2382 4199 caeteris
2411 4127 2812 4199 Caesarianis
