2950 5017
666 429 797 498 352
1413 446 1654 492 annum
1701 445 2123 493 anemurum
2544 483 2549 488 .

663 570 804 661 pidi
857 566 1143 661 effigiem
1196 557 1471 638 ob'tulit.
1521 569 1685 638 Mox
1728 567 2042 638 Flavium
2098 568 2521 659 Brigantium
2575 568 2754 639 Divi
2792 572 2883 649 Ja-

662 688 814 756 cobi
860 686 1292 777 sepulchrum
1338 700 1772 754 veneraturus
1817 686 2090 754 alterius
2138 689 2275 754 voti
2322 686 2636 754 solvendi
2692 689 2905 778 gratia}

661 805 1029 874 contendit.
1074 805 1153 872 In
1197 807 1429 872 itinere
1460 803 1815 874 Gallorum
1861 828 1983 871 rex
2029 807 2154 871 tria
2197 802 2340 871 lilia
2385 806 2753 872 Atestinae
2793 805 2876 873 fa·

564 936 575 946 ’
662 921 891 989 miliae
936 921 1303 1012 insignibus
1345 921 1691 988 inserenda
1717 920 1932 988 dedit.
1977 921 2165 988 Dum
2209 925 2575 990 revertitur
2623 926 2702 989 in
2735 922 2873 989 Gal·

660 1035 768 1106 liis
814 1061 854 1103 a
900 1036 1133 1104 Sancti
1177 1035 1529 1104 Michaelis
1576 1033 1920 1127 praefecto
1981 1050 2221 1126 captus
2275 1036 2396 1104 diu
2461 1041 2533 1104 in
2590 1039 2876 1106 custodia

660 1152 821 1236 fuit,
853 1178 976 1222 nec
1007 1168 1212 1223 antea
1233 1153 1567 1237 dimissus,
1597 1177 1810 1246 quam
1839 1177 1959 1220 rex
1986 1155 2136 1222 vico
2180 1152 2323 1223 solo
2370 1166 2680 1244 aequato
2716 1179 2873 1246 prae·

545 1256 558 1268 ⁰
661 1270 921 1339 fectum
951 1275 1172 1362 capite
1203 1271 1586 1341 mulctavit.
1618 1271 1945 1339 Libertati
1977 1275 2325 1339 restitutus
2355 1272 2628 1341 octobri
2671 1296 2873 1341 mense

660 1390 947 1479 Regium
982 1392 1198 1472 venit,
1230 1390 1351 1457 ubi
1383 1412 1629 1481 magno
1676 1388 1915 1480 populi
1962 1388 2291 1479 applausu
2331 1402 2671 1481 exceptus
2704 1392 2874 1462 Boni·

660 1504 839 1574 facio
886 1505 1212 1576 Canussio
1230 1557 1250 1588 ,
1294 1504 1478 1596 quod
1549 1502 1864 1574 factiosus
1936 1518 2142 1586 esset,
2185 1504 2564 1573 Castellum
2636 1530 2873 1577 novum

658 1625 731 1691 in
778 1623 1244 1713 Regiensibus,
1288 1636 1359 1689 et
1403 1621 1714 1690 Feliuam
1761 1621 2039 1689 ademit.
2086 1621 2450 1713 Uguccioni
2498 1647 2673 1693 vero
2723 1623 2872 1692 Con·

660 1742 864 1808 trario
909 1739 1212 1809 Viniolas
1254 1739 1568 1807 Mentem
1613 1739 1965 1806 Festinum
2019 1761 2176 1806 cum
2229 1738 2378 1805 aliis
2433 1741 2690 1829 viginti
2738 1743 2871 1808 vicis

660 1855 963 1938 donavit,
1006 1858 1400 1924 summatim
1445 1855 1626 1924 bona
1666 1852 1982 1945 elargitus
2025 1878 2199 1945 quae
2243 1865 2519 1922 centum
2571 1855 2866 1922 millibus

658 1994 1016 2039 aureorum
1062 1970 1622 2039 aestimabantur.
1671 1972 1792 2038 His
1824 1973 1989 2038 actis
2020 1985 2099 2038 ut
2127 1969 2353 2055 liberis
2385 1996 2673 2062 operam
2708 1972 2867 2038 daret

658 2088 1029 2156 Parisinam
1074 2087 1300 2157 Caroli
1353 2088 1754 2156 Malatestae
1821 2088 2032 2157 filiam
2102 2113 2382 2157 uxorem
2449 2089 2694 2171 ducit,
2758 2114 2867 2180 qua

659 2218 902 2296 postea
946 2204 1037 2272 ob
1082 2208 1410 2272 incestum
1444 2228 1601 2272 cum
1635 2205 1874 2295 Ugone
1904 2203 2197 2274 naturali
2229 2204 2368 2273 filio
2397 2204 2678 2274 Nicolai
2713 2230 2867 2273 com·

660 2302 942 2388 missum
988 2344 1148 2388 cum
1196 2320 1502 2390 adultero
1559 2321 1645 2388 ad
1704 2321 2028 2389 ultimum
2072 2321 2477 2412 supplicium
2523 2321 2864 2402 damnata,

656 2435 1080 2503 Ricciardam
1111 2435 1519 2505 Marchionis
1556 2435 1973 2505 Salutiarum
2019 2435 2231 2504 filiam
2279 2440 2547 2504 tertiam
2600 2461 2864 2506 uxorem

659 2557 971 2645 sumpsit.
1018 2549 1114 2621 At
1158 2554 1519 2624 Leonellus
1564 2555 1732 2623 alter
1777 2555 1923 2642 ejus
1951 2554 2135 2622 filius
2166 2555 2489 2622 naturalis
2517 2556 2866 2647 Marghari·

627 2685 770 2741 -tae
813 2674 1022 2742 Ducis
1065 2674 1389 2743 Mantuae
1433 2671 1614 2741 filiae
1663 2675 2086 2743 matrimonio
2129 2674 2405 2761 junctus
2446 2686 2573 2741 est.

795 2789 1056 2857 Interea
1098 2790 1355 2869 Joanne
1398 2790 1616 2858 Maria
1655 2790 2025 2859 Mediolani
2054 2791 2247 2858 Duce
2293 2814 2336 2857 a
2380 2790 2751 2876 conjuratis
2790 2793 2865 2857 ei·

656 2907 858 2974 vibus
886 2907 980 2976 ob
1008 2907 1450 2976 inhumanam
1496 2910 1847 2976 saevitiam
1893 2908 2254 2988 trucidato,
2282 2907 2641 2996 Philippus
2669 2891 2860 2975 Maria

656 3021 886 3106 frater,
915 3026 1079 3094 dum
1119 3042 1476 3116 paternum
1522 3049 1802 3116 regnum
1851 3029 2050 3095 armis
2094 3028 2359 3115 repetit,
2401 3029 2473 3092 iu
2510 3026 2854 3094 biennium

657 3140 958 3209 inducias
1026 3166 1187 3210 cum
1246 3143 1536 3213 Nicolao
1581 3143 1895 3213 Atestino
1963 3156 2034 3210 et
2100 3142 2500 3233 Pandulpho
2565 3143 2855 3211 Malates·

661 3270 732 3324 ta
788 3256 977 3326 fecit:
1019 3258 1319 3329 Gabrino
1371 3282 1528 3328 vero
1581 3274 1665 3327 et·
1702 3259 2101 3351 Pandulpho
2147 3262 2483 3340 extinctis,
2532 3283 2689 3327 cum
2731 3284 2846 3328 non

657 3396 904 3464 paucas
948 3387 1263 3463 paternae
1292 3374 1558 3444 ditionis
1588 3380 1921 3458 civi-tates,
1966 3400 2138 3468 quas
2182 3378 2424 3445 omnes
2454 3373 2595 3443 fere
2639 3379 2846 3443 amise-

657 3503 796 3571 rat,
842 3490 1325 3582 Carmagnolae
1387 3477 1937 3585 praestantissimi
1983 3519 2107 3562 sua
2153 3507 2371 3560 aetate
2417 3495 2645 3562 Ducis·
2675 3516 2841 3584 opera

657 3620 1131 3697 recuperasset,
1160 3609 1438 3677 Parmae
1471 3634 1747 3700 quoque
1778 3623 1850 3678 et
1879 3611 2088 3702 Regio
2130 3611 2526 3700 recipiendis
2573 3614 2842 3678 animum

659 3723 926 3811 adjecit.
962 3724 1262 3794 Tandem
1293 3725 1584 3795 Martino
1616 3727 1683 3797 V
1712 3726 2036 3797 Pontifice
2066 3752 2137 3796 se
2167 3729 2636 3817 interponente
2665 3740 2840 3795 trans-

663 3853 895 3910 actum
937 3855 1042 3910 est
1082 3855 1164 3911 ut
1205 3842 1450 3911 Parma
1494 3844 1811 3935 Philippo
1866 3848 2179 3914 restituta
2220 3845 2527 3935 Regium-
2560 3844 2841 3915 Nicolaum

660 3954 1087 4029 beneficiario
1136 3959 1284 4050 jure
1338 3960 1429 4028 ab
1478 3984 1560 4029 eo
1590 3963 1933 4030 ,retineret
1963 3963 2031 4029 (¹)
2049 4011 2068 4030 .
2114 3961 2572 4034 Montieolum
2612 3984 2842 4055 quoqne

735 4204 824 4278 (ι)
854 4207 1046 4264 Blond.
1076 4209 1169 4264 lib.
1202 4227 1290 4264 m.
