2950 5017
947 407 1144 453 mun
1189 406 1465 452 ‘munus
2157 409 2200 456 2
2208 411 2235 456 1
2244 411 2288 481 9

83 532 366 601 Primus
410 528 745 619 Botigells
789 527 1100 618 Scaligeri
1162 528 1411 597 auxilio
1456 527 1777 595 Melaram
1796 580 1817 611 ,
1858 528 2181 611 Massam,
2220 543 2291 605 et

83 648 485 717 Ficnrolum
555 660 909 736 praetextu
974 646 1363 714 restituendi
1431 649 1499 712 in
1569 659 1908 735 paternam
1968 649 2289 716 ditionem

79 766 439 834 Francisci
483 764 776 831 Atestini
822 764 1196 852 occupavit.
1242 760 1560 828 Gibertus
1591 785 1745 830 vero
1785 785 2006 830 mense
2035 763 2291 832 octobri

77 881 565 949 Parmensium
615 877 924 947 militum.
954 879 1372 968 aliorumque
1415 877 1694 946 collecta
1724 898 1931 945 manu
1960 879 2291 947 Folleanis

79 998 415 1087 cupiendi
464 997 654 1086 Regii
720 998 1061 1085 negotium
1127 995 1341 1092 dedit,
1384 997 1507 1084 qui
1553 1018 1639 1060 ex
1687 994 2177 1076 Parmensihus,
2223 1008 2293 1063 et

87 1114 416 1205 plerique
481 1113 862 1201 conscriptis
926 1133 1169 1201 magno
1237 1124 1580 1179 contracto
1631 1106 1927 1177 exercitu
1992 1136 2034 1178 a
2098 1111 2297 1179 Porta

85 1227 387 1297 Castelli
432 1249 644 1318 usque
686 1227 770 1293 ad
814 1227 1096 1296 Pontem
1136 1202 1501 1295 nveniam
1544 1227 1932 1294 continuata
1960 1227 2128 1293 ‘acie
2179 1249 2297 1294 ex-

79 1349 521 1437 plicatisque
562 1347 837 1414 vexillis
881 1348 1141 1415 moenia
1188 1345 1601 1413 adoriuntur.
1664 1344 1776 1410 Ab
1836 1342 2043 1410 altera
2109 1357 2297 1434 parte

89 1461 448 1550 corrigias
491 1483 578 1527 ex
623 1483 860 1550 campo
903 1459 1374 1525 Nundinarum
1441 1482 1666 1527 muros
1735 1482 2038 1549 superare
2101 1482 2298 1526 cona-

93 1579 346 1645 batur.
389 1577 467 1644 In
512 1577 679 1644 urbe
725 1576 956 1644 audito
1021 1577 1315 1645 hostium
1373 1579 1670 1666 impetu,
1729 1599 1887 1643 cum
1959 1576 2043 1643 ad
2112 1599 2295 1647 arma

95 1694 608 1764 conclamatum
652 1706 844 1775 esset,
875 1691 1253 1784 frequentes
1285 1695 1489 1775 cives,
1520 1716 1655 1783 qua
1684 1692 1904 1761 hostes
1944 1693 2298 1760 adventare

97 1811 525 1892 dicebantur,
570 1812 654 1878 ad
698 1808 1110 1878 defendenda
1154 1813 1414 1879 moenia
1459 1810 1873 1890 discurrunt3
1921 1833 1999 1876 ac
2044 1810 2293 1891 hostes,

98 1931 236 2017 qui
283 1927 424 2015 jum
490 1950 760 1994 murum
823 1926 1177 2008 tenebant,
1223 1925 1461 2006 hastis,
1507 1926 1994 2015 scorpionibus,
2039 1924 2296 2006 fundis,

99 2057 316 2134 utque
359 2046 543 2112 omni
590 2043 938 2109 missilium
984 2065 1215 2132 genere
1258 2047 1329 2110 in
1375 2041 1583 2111 fossas
1629 2045 2014 2133 praecipites
2062 2054 2294 2132 agunt.

99 2160 523 2228 cadentibus
567 2161 682 2227 alii
725 2162 963 2248 integri
1007 2158 1398 2240 succedunt,
1432 2184 1509 2225 ac
1552 2174 2072 2249 propugnatores
2117 2183 2299 2226 moe-

97 2275 305 2343 nibus
331 2275 685 2343 deturbate
727 2288 1085 2343 conantur:
1134 2276 1247 2341 sed
1293 2276 1363 2341 hi
1414 2299 1759 2343 murorum
1791 2278 2006 2365 pinnis
2038 2273 2293 2341 defensi

99 2417 237 2461 non
282 2393 485 2461 modo
529 2396 865 2461 venientes
908 2394 1078 2458 ictus
1119 2390 1315 2459 facile
1360 2392 1692 2468 vitabant,
1737 2393 1846 2458 sed
1895 2392 2295 2475 adversarios

103 2512 312 2576 en‘um
379 2532 567 2599 aegre
634 2509 1081 2589 ascendentes,
1124 2522 1192 2597 et
1235 2509 1457 2599 clipeis
1507 2523 1771 2575 tantum
1822 2522 2026 2577 tectos
2096 2508 2297 2575 facile

105 2625 615 2708 confodiebant,
661 2651 738 2697 ae
783 2626 1124 2718 plerosque
1166 2630 1237 2693 in
1281 2641 1487 2716 caput
1530 2625 1815 2713 dejectos
1862 2631 2052 2716 aquis
2096 2623 2302 2693 fossa-

104 2766 258 2810 rum
301 2744 713 2833 mergebant.
758 2743 1037 2810 Plurimi
1078 2745 1357 2811 sauciati
1402 2766 1560 2810 cum
1605 2767 1731 2810 nec
1776 2746 2023 2811 virium
2087 2743 2300 2808 imbe-

112 2861 406 2929 cillitate
448 2861 813 2942 ascendere,
841 2885 966 2929 nec
1009 2885 1050 2928 a
1091 2860 1532 2929 subeuntibus
1575 2861 1879 2950 impediti
1916 2859 2300 2926 descendere

113 2993 414 3068 possent,
454 2978 662 3046 scalas
705 2980 1032 3060 deserere,
1077 2989 1148 3044 et
1191 2980 1262 3044 in
1323 2999 1631 3068 praeceps
1677 2976 1816 3044 labi
1862 2975 2294 3065 cogebantur.

109 3092 218 3160 Ibi
279 3097 709 3164 morientium
772 3097 1058 3185 gemitus
1126 3091 1372 3174 audiri,
1440 3090 1826 3169 ferientium
1894 3091 2146 3159 clamor
2211 3090 2298 3158 ad

108 3210 372 3278 coelum
425 3211 609 3294 tolli,
672 3224 743 3279 et
806 3214 1032 3280 omnia
1099 3210 1376 3278 dissonis
1442 3209 1755 3289 vocibus,
1824 3220 1894 3275 et
1959 3232 2296 3276 armorum

110 3330 389 3417 strepitu
431 3329 711 3396 misceri.
754 3325 1058 3394 Tandem
1104 3324 1327 3394 hostes
1371 3323 1615 3393 frustra
1664 3323 1914 3414 ingredi
1960 3327 2190 3392 conati
2225 3327 2297 3392 vi

111 3446 360 3511 civium
407 3447 692 3534 turpiter
735 3443 1142 3511 retrocedere
1203 3442 1722 3531 compelluntur.
1773 3443 1916 3507 Hac
1961 3441 2149 3506 clade
2193 3463 2299 3509 ac·

110 3573 298 3650 cepta
327 3559 631 3629 Folleani
673 3584 829 3628 cum
875 3559 1067 3626 aliter
1099 3559 1224 3628 hoc
1254 3559 1536 3625 dedecus
1584 3558 1812 3624 ulcisci
1841 3582 1975 3627 non
2009 3569 2297 3646 possent,

112 3679 364 3764 patriae
408 3700 480 3744 se
527 3680 745 3767 potius
787 3700 994 3767 quam
1040 3676 1215 3742 Actii
1261 3675 1475 3741 hostes
1523 3673 1884 3771 declarant,
1935 3676 2057 3763 qui
2103 3684 2300 3741 sexto

113 3791 260 3861 idus
301 3793 684 3862 novembris
727 3797 961 3861 reversi
1022 3791 1097 3859 S.
1143 3790 1517 3882 Sthe-phuni
1564 3813 1774 3882 usque
1820 3788 1904 3855 ad
1949 3787 2022 3856 S.
2073 3788 2300 3855 Gemi·

115 3910 482 3977 minianum
541 3910 870 3981 ‚suburbia
935 3907 1291 3975 crudeliter
1362 3908 1836 3984 incenderunt,
1896 3929 1973 3972 ac
2026 3906 2300 3985 turrim,

117 4043 283 4110 quse
326 4027 610 4116 episcopi
652 4025 1043 4106 vocabatur,
1085 4026 1420 4091 neminem
1465 4021 1797 4089 laedentes
1839 4032 2106 4110 captam
2151 4042 2305 4086 mu-

121 4140 405 4211 nierunt.
451 4142 562 4211 Ab
605 4142 737 4210 ulia
765 4154 952 4234 parte
981 4143 1422 4211 Bononienses
1452 4164 1569 4231 spe
1597 4140 1899 4208 Mutinae
1944 4136 2305 4228 capiendae
