2950 5017
721 417 808 508 96
1457 436 1692 483 amum
1734 438 2146 484 azcmusmm

726 570 1017 649 poterat,
1039 558 1124 624 ad
1151 560 1395 626 vetusti
1436 560 1698 649 imperii
1741 561 2128 628 memoriam
2156 557 2640 641 renovandam,
2657 562 2874 629 etiam-

719 698 885 741 num
927 698 1118 763 super
1162 699 1272 742 ara
1317 675 1565 764 populo
1595 675 1902 743 visendus
1931 678 2310 765 exponitur.
2351 676 2449 742 Ac
2481 678 2672 743 sicut
2697 676 2868 746 hodie

717 788 1022 856 Ducatus
1065 789 1250 878 Regii
1294 788 1571 869 dicitur,
1617 803 1775 857 tunc
1821 793 2132 880 temporis
2177 790 2261 856 ad
2302 792 2562 879 imperii
2615 790 2868 857 titulum

714 902 1215 992 significandum
1260 903 1451 993 Regii
1503 905 1911 995 episcopatus
1953 906 2350 985 vocabatur,
2394 918 2597 994 prout
2640 907 2716 972 in
2754 905 2865 972 Ma-

721 1017 925 1085 tildae
972 1017 1318 1086 annalibus
1362 1018 1625 1108 legitur,
1669 1020 1939 1086 Actium
1982 1019 2207 1086 Lucae
2250 1022 2565 1087 comitem
2613 1022 2781 1108 agris
2813 1030 2865 1084 et

715 1136 1062 1223 mancipiis
1106 1136 1347 1223 emptis
1395 1136 1464 1200 in
1519 1133 1822 1222 Regiensi
1872 1138 2255 1224 episcopatu
2306 1134 2529 1201 sedem
2582 1135 2858 1223 posui&-

710 1250 836 1317 His
880 1249 1077 1316 rebus
1130 1251 1356 1338 gestis,
1402 1248 1682 1318 Carolus
1726 1273 1898 1318 anno
1951 1249 2285 1317 humanae
2333 1249 2575 1318 salutis
2620 1270 2800 1315 nccc1
2832 1270 2862 1312 a

709 1363 927 1431 Leone
971 1363 1070 1429 III
1115 1366 1468 1451 imperator
1505 1375 1759 1430 creatus
1788 1363 2283 1454 Longobardiae
2327 1365 2707 1453 provinciae
2745 1360 2859 1427 fini-

708 1479 874 1561 bus,
919 1478 1131 1546 Nicea
1172 1479 1378 1547 fluvio
1437 1482 1837 1562 terminatis,
1881 1481 2118 1548 exinde
2162 1471 2445 1549 Romam
2490 1501 2721 1549 versus
2754 1477 2858 1545 Ro-

707 1594 1116 1663 mandiolam
1162 1605 1513 1685 tamquam
1559 1596 1643 1663 ad
1685 1619 1993 1666 romanos
2058 1600 2387 1687 regionem
2453 1597 2855 1686 pertinentem

709 1715 1038 1781 nominari
1067 1710 1314 1780 voluit.
1358 1711 1490 1778 Sed
1518 1711 1637 1778 alii
1665 1711 2033 1781 Bononiam
2078 1735 2290 1802 usque
2319 1722 2668 1780 extensam
2693 1707 2850 1776 fuisse

705 1829 1238 1918 Longobardiam
1266 1828 1467 1919 vulgo
1497 1832 1875 1918 opinantur.
1907 1831 2261 1919 Hesperiae
2298 1832 2504 1918 igitur
2533 1832 2852 1917 imperator

705 1944 1072 2012 declaratus
1114 1944 1417 2026 Carolus,
1447 1968 1604 2012 cum
1634 1946 1922 2034 principe
1952 1943 2714 2033 Constantinopolitano,
2748 1946 2845 2008 im-

705 2064 884 2150 perio
912 2061 1148 2141 diviso,
1194 2063 1466 2149 pepigit,
1497 2072 1578 2127 ut
1606 2084 1833 2128 omnes
1864 2061 2042 2127 ultra
2071 2059 2476 2151 Sypontum,
2507 2083 2682 2150 quae
2704 2077 2844 2124 nune

705 2176 866 2244 urbs
934 2172 1389 2244 Manfredonia
1456 2188 1736 2244 vocatur
1754 2226 1775 2257 ,
1840 2179 2210 2266 provinciae
2275 2198 2430 2243 cum
2501 2174 2726 2243 Sicilia
2775 2170 2841 2237 ad

707 2295 974 2376 orientia
1017 2292 1365 2360 Caesarem
1409 2304 1822 2382 spectarent3
1865 2292 2151 2383 reliqua,
2182 2305 2433 2382 praeter
2465 2316 2547 2359 ea
2577 2314 2737 2382 quae
2761 2308 2844 2353 ec·

708 2408 945 2475 clesiae
989 2408 1234 2475 donata
1278 2405 1576 2487 fuerant,
1608 2407 1693 2473 ad
1722 2430 1793 2474 se
1820 2411 2240 2498 pertinerent.¹
2272 2407 2509 2498 Pipino
2541 2431 2687 2476 vero
2713 2402 2843 2480 filio,

707 2549 910 2616 quem
941 2524 1174 2590 Italiae
1218 2547 1435 2613 regem
1480 2536 1848 2606 creaverat,
1878 2523 2235 2593 Mediolani
2263 2526 2588 2603 extincto,
2618 2522 2841 2587 Bernar-

707 2643 870 2709 dum
909 2655 1215 2732 nepotem
1253 2641 1638 2721 substituit3
1677 2641 1791 2707 sed
1834 2651 1904 2707 et
1931 2665 2021 2730 'eo
2063 2653 2292 2729 postea
2321 2663 2363 2706 a
2391 2640 2727 2708 Ludovico
2749 2633 2839 2698 Pio

705 2772 943 2849 patruo
975 2757 1223 2847 praelio
1275 2769 1607 2846 superato,
1629 2756 2004 2837 Lotharius,
2032 2756 2350 2823 Ludovici
2380 2752 2837 2844 primogenitus,

704 2898 861 2942 cum
906 2873 1139 2940 Italiae
1185 2896 1384 2962 regno
1427 2886 1687 2940 nostrae
1729 2872 1913 2938 urbis
1956 2873 2304 2960 imperium
2350 2870 2667 2940 obtinuit.

840 2991 1109 3057 Interim
1141 3013 1316 3057 anno
1345 3012 1629 3056 ncccxvr
1661 3012 1702 3054 a
1730 2987 2070 3054 Ludovico
2100 2987 2376 3053 Caesare
2405 2984 2627 3053 Caroli
2654 2976 2834 3066 Magni

704 3105 843 3175 filio
880 3106 1283 3185 Norbertus,
1325 3104 1434 3171 vel
1481 3118 1560 3170 ut
1603 3103 1717 3170 alii
1762 3104 1998 3170 volunt
2041 3104 2408 3192 Norpertus
2450 3099 2833 3191 Regiensium

705 3227 1010 3302 antistes,
1042 3236 1110 3288 et
1140 3221 1381 3288 Comes
1407 3220 1751 3288 Ricomius
1781 3219 2422 3311 Constantinopolim
2466 3221 2552 3287 ad
2595 3212 2835 3285 Michae-

703 3338 838 3403 lem
870 3341 1131 3404 orientis
1161 3337 1523 3424 principem
1552 3335 1641 3402 ob
1673 3332 2150 3416 confirmanda,
2179 3360 2352 3426 quae
2380 3339 2553 3404 inter
2581 3336 2832 3423 parent&

705 3474 1010 3541 percussa
1051 3449 1314 3517 fuerant
1341 3499 1360 3529 ,
1404 3447 1668 3518 foedera
1729 3451 1957 3529 missi,
2004 3454 2279 3518 vetustis
2336 3440 2833 3532 conventionibus

704 3567 1180 3657 comprobatis,
1222 3566 1471 3633 laetam
1505 3568 1689 3634 ‚inter
1735 3568 2056 3655 principes
2101 3590 2330 3657 pacem
2376 3565 2729 3635 retulerunt
2749 3551 2830 3619 (¹)-

706 3684 816 3751 Ab
861 3684 1092 3751 eodem
1137 3685 1441 3774 episcopo
1485 3683 1646 3750 Divi
1676 3682 1939 3750 Venerii
1986 3707 2218 3773 corpus
2261 3682 2488 3752 eodem
2534 3698 2692 3748 anno
2729 3668 2831 3734 Re·

706 3805 892 3892 gium
935 3799 1237 3869 delatum
1281 3799 1480 3868 fuisse
1525 3814 1925 3870 memorant.
1971 3802 2110 3868 Alii
2155 3824 2310 3869 vero
2354 3825 2486 3869 non
2527 3796 2829 3880 Norperto2

704 3918 817 3985 sed
869 3917 1240 4008 Apollinari
1304 3918 1375 3986 id
1446 3918 1857 4000 attribuunt,
1901 3941 2104 4008 quem
2160 3915 2417 4007 aliquot
2474 3913 2651 3983 annis
2706 3906 2828 3993 Ρῠδῑ

780 4156 862 4226 (ι)
894 4155 1080 4209 Blond.
1114 4154 1201 4206 lib.
1239 4172 1301 4220 u,
1333 4154 1438 4207 dec.
1473 4173 1522 4205 a.
