2950 5017
619 371 747 438 336
1358 388 1597 433 annum
1658 385 2082 432 aacmxsrum

617 516 847 594 etiam,
894 523 964 577 et
1007 513 1344 601 episcopos
1390 532 1620 578 secum
1672 522 2043 582 traxerunt.
2091 506 2386 573 Demum
2423 529 2593 573 cum
2630 505 2859 575 Viter·

617 630 812 697 bium
871 630 1357 720 pervenissent,
1403 640 1485 693 ut
1531 638 1905 716 martyrum
1954 624 2308 716 sepulchra
2355 624 2633 694 Romae
2687 628 2857 693 invi·

615 757 861 827 serent,
891 742 1269 814 Bonifacius
1314 742 1618 811 fraudem
1666 746 2061 833 suspicatus,
2095 744 2477 833 praemissis
2509 741 2852 809 militibus

616 862 1167 955 comprehensum
1209 861 1617 930 sacerdotem
1660 860 2118 948 multitudinis
2148 861 2388 926 ducem
2424 860 2847 930 combussit:

615 984 860 1060 caeteri
902 993 1236 1071 grassante
1266 1004 1380 1071 per
1410 979 1686 1049 Italiam
1717 977 2098 1069 pestilentia
2127 1002 2358 1048 omnes
2403 976 2543 1045 fere
2599 978 2845 1047 morbo

615 1113 776 1170 sunt
818 1102 1220 1189 consumpti.
1261 1097 1363 1167 Eo
1406 1109 1710 1188 tempore
1740 1096 2158 1166 Chrisolorus
2196 1096 2562 1185 Bysantius
2618 1095 2845 1163 literas

616 1239 912 1308 graecas,
955 1239 1129 1308 quae
1172 1215 1313 1303 jam
1360 1218 1767 1306 quingentos
1822 1238 2032 1283 annos
2105 1213 2192 1280 ab
2261 1212 2461 1280 Italia
2518 1212 2848 1280 exulave-

614 1349 801 1418 rant,
845 1335 1132 1426 Regium
1180 1333 1449 1415 attulit,
1517 1346 1587 1401 et
1653 1333 1752 1400 ibi
1819 1335 2171 1423 utriusque
2237 1327 2508 1423 linguae
2578 1330 2845 1400 scholas

612 1454 944 1521 instituit.

752 1570 936 1638 Inter
984 1569 1151 1638 haec
1202 1571 1491 1647 Ioannes
1544 1568 1939 1640 Bentivolus
1994 1568 2335 1639 Bononiae
2389 1569 2660 1635 civium
2717 1562 2847 1633 fac-

617 1690 799 1756 tione
854 1698 1122 1777 potens,
1166 1686 1331 1754 dum
1386 1690 1671 1777 patriam
1727 1710 1795 1753 se
1838 1687 2077 1763 Joanni
2125 1659 2477 1752 Galleacio
2534 1682 2847 1773 proditu-

615 1826 770 1870 rum
812 1802 1115 1885 simulat,
1156 1805 1412 1893 ingenti
1457 1805 1782 1892 pecuniae
1828 1825 2119 1882 summa,
2163 1824 2373 1891 quam
2420 1824 2501 1869 eo
2552 1801 2843 1866 nomine

616 1932 997 2007 acceperat,
1040 1918 1264 2010 plures
1318 1918 1616 1986 militum
1662 1920 1890 2009 copias
1933 1917 2266 1986 conduxit
2315 1929 2383 1983 et
2428 1915 2686 1982 urbem
2733 1937 2844 2004 per

615 2035 1041 2123 tyrannidem
1108 2038 1376 2103 invasit.
1449 2035 1759 2103 Trecenti
1827 2035 2129 2125 expediti
2199 2037 2457 2124 equites
2524 2031 2625 2099 oh
2699 2054 2845 2098 eam

616 2173 891 2218 causam
935 2152 1053 2218 diu
1098 2152 1287 2242 Regii
1333 2151 1612 2233 detenti,
1655 2153 1920 2219 detecta
1968 2149 2226 2230 fraude,
2272 2153 2564 2218 revocati
2625 2147 2841 2215 fuere.

614 2268 838 2354 Hujus
881 2269 1163 2356 injuriae
1208 2268 1467 2337 ultione
1514 2272 1585 2336 in
1632 2272 2075 2360 opportunius
2122 2278 2391 2358 tempus
2435 2266 2694 2346 dilata,
2739 2265 2845 2342 Jo-

615 2406 818 2452 annes
855 2384 1242 2456 Galleacius
1288 2385 1723 2480 memorabile
1771 2408 1938 2475 opus
1985 2408 2327 2475 aggressus
2371 2397 2492 2450 est.
2540 2384 2609 2449 A
2660 2384 2843 2451 Pado

616 2503 795 2568 enim
825 2501 914 2568 ad
945 2502 1296 2570 Hostiliam
1346 2527 1460 2594 per
1505 2504 1641 2574 duo
1692 2502 1906 2570 millia
1950 2526 2267 2593 passuum
2319 2524 2527 2591 usque
2574 2501 2673 2566 ad
2723 2502 2844 2567 Pa·

618 2621 784 2684 tavii
829 2618 1104 2708 paludes
1150 2618 1392 2689 fossam
1440 2624 1827 2701 excavavit,
1876 2634 1945 2685 et
1990 2620 2146 2687 inde
2193 2618 2395 2685 aliam
2430 2641 2545 2708 per
2572 2630 2840 2706 septem

614 2734 830 2806 millia
872 2725 1191 2826 passuum
1237 2737 1689 2828 navigabilem
1737 2739 1808 2804 in
1855 2735 2305 2805 veronensem
2373 2757 2630 2824 agrum.
2690 2757 2841 2825 per·

615 2852 838 2922 duxit.
884 2854 1123 2946 Itaque
1170 2855 1662 2944 Veronensibus
1708 2854 1861 2922 latis
1908 2878 2235 2945 aquarum
2282 2854 2637 2920 emissariis
2693 2876 2841 2918 mu·

613 2974 772 3039 nitis
816 2973 1192 3063 prohibuit,
1224 2999 1308 3042 ne
1337 2979 1490 3065 quis
1520 2999 1600 3043 eo
1633 2973 1912 3042 Patavio
1946 2974 2334 3041 Ferrariave
2380 2984 2600 3061 posset
2652 2989 2838 3038 com·

613 3113 859 3158 meare.
905 3095 1001 3158 At
1044 3091 1409 3166 Florentini
1442 3105 1513 3159 et
1544 3092 1825 3173 Veneti,
1870 3094 1987 3182 qui
2033 3094 2404 3182 principem
2454 3092 2522 3156 in
2571 3088 2719 3155 dies
2758 3088 2835 3155 ad

618 3209 828 3274 totius
870 3207 1103 3276 Italiae
1148 3232 1426 3298 regnum
1492 3212 1898 3300 aspirantem
1970 3209 2401 3278 vehementer
2470 3206 2834 3285 timebant,

612 3322 987 3390 Robertum
1032 3324 1353 3392 Bavariae
1398 3325 1676 3410 ducem,
1726 3351 1930 3417 quem
1984 3340 2238 3417 septem
2297 3326 2461 3404 viri,
2522 3322 2831 3390 Ladislao

612 3441 704 3509 ob
771 3444 1106 3530 ignaviam
1176 3455 1643 3525 exauctorato,
1689 3445 2047 3530 Caesarem
2119 3455 2506 3512 creaverant
2578 3444 2831 3530 magnis

612 3557 1209 3649 pollicitationibus
1254 3561 1561 3629 illectum
1595 3566 1662 3630 in
1695 3564 1979 3631 Italiam
2015 3576 2304 3642 vocant3
2336 3561 2448 3628 sed
2480 3585 2619 3628 non
2660 3562 2830 3650 prius

613 3679 1003 3765 promissam
1052 3680 1410 3768 pecuniam
1464 3693 1856 3770 accepturus
1917 3693 2100 3761 erat,
2143 3699 2351 3771 quam
2398 3676 2829 3744 Vicecomitis

553 3844 560 3850 .
614 3789 783 3860 fines
827 3796 1176 3884 attigisset.
1224 3796 1618 3865 Brixianum
1667 3800 1874 3888 igitur
1919 3820 2155 3887 agrum
2212 3795 2294 3863 ad
2348 3794 2578 3861 lacum
2624 3793 2831 3859 Bena-

622 3931 780 3977 cum
828 3915 1175 4001 ingressus,
1222 3918 1536 3982 mercedis
1583 3931 1840 4007 partem
1886 3916 2242 3995 babuerat,
2287 3937 2444 3982 cum
2491 3937 2531 3979 a
2579 3914 2826 3978 Facino

615 4023 829 4110 Cane,
873 4032 1102 4120 primis
1146 4031 1634 4100 Germanorum
1683 4033 1805 4100 alis
1852 4031 2238 4123 profligatis,
2278 4021 2686 4097 Tridentum
2735 4053 2826 4095 re·

617 4145 935 4215 truditur.
980 4148 1375 4241 Fugientem
1415 4150 1818 4246 ¹Florentini,
1864 4152 2231 4241 quominus
2275 4150 2341 4215 in
2391 4145 2818 4215 Germaniam
