2950 5017
655 392 788 476 ξω
1385 423 1624 471 aarum
1662 424 2080 473 nncmsmnr

653 547 924 636 triginta
966 540 1220 613 nobiles
1236 591 1259 622 ,
1303 564 1473 632 quos
1515 565 1692 613 nova
1736 536 2085 614 molituros
2125 545 2655 635 suspicabatur‚'
2678 547 2871 616 urbe

653 661 896 747 ejecit3
951 681 1115 727 mox
1180 657 1265 723 ad
1332 657 1780 748 recipiendum
1843 662 2156 727 amissum
2222 661 2573 730 castellum
2635 687 2863 753 quam

653 776 949 864 primum
993 775 1216 860 copias
1258 771 1515 838 educit:
1563 770 1676 840 sed
1741 796 1897 841 cum
1962 774 2150 844 loeus
2217 797 2335 865 per
2400 800 2469 844 se
2533 782 2865 846 munitus

653 890 861 955 etism
937 885 1159 955 valido
1231 886 1554 977 praesidio
1620 900 1991 971 teneretur,
2057 900 2127 957 et
2192 890 2413 960 hostes
2476 895 2859 975 instarent,

651 1002 824 1071 nihil
891 1003 1209 1071 memoria
1252 1003 1529 1093 dignum
1597 1027 1787 1094 agere
1851 1007 2096 1096 potuit.
2158 1005 2618 1076 Manfredirms
2689 1034 2853 1080 vero

651 1118 1032 1187 eumanum
1074 1118 1204 1186 sibi
1247 1119 1337 1187 ab
1380 1118 1752 1209 Engeramo
1798 1134 2038 1211 agnato
2108 1134 2411 1213 ereptum
2467 1127 2619 1215 ipso
2688 1150 2850 1192 exe-

649 1245 813 1303 unte
863 1236 1134 1325 recepit.
1201 1236 1295 1302 At
1363 1235 1642 1305 Carolus
1704 1237 1977 1314 Joannis
2042 1238 2273 1307 Boemi
2337 1237 2529 1307 filius*
2585 1243 2852 1331 ingenti

648 1361 880 1420 coacto
911 1350 1189 1418 Parmae
1230 1353 1552 1434 exercitu,
1593 1367 1676 1419 ut
1714 1355 1892 1422 cives
1932 1352 2023 1420 ab
2065 1356 2440 1422 imminenti
2485 1356 2848 1426 obsidione

644 1466 988 1549 liberaret,
1031 1468 1317 1558 Regium
1365 1471 1550 1538 venit
1569 1518 1589 1549 ,
1657 1469 1774 1536 ubi
1845 1468 2124 1539 Nicolao
2169 1471 2509 1552 Folleano,
2552 1473 2849 1564 aliisque

646 1582 985 1652 nobilibus
1049 1584 1446 1670 conjunctus
1515 1584 1736 1654 hostes
1780 1585 1862 1651 ad
1908 1583 2238 1653 Sanctum
2296 1587 2626 1672 Felicem,
2672 1589 2845 1656 dum

649 1709 863 1768 castra
906 1712 1204 1789 ponunt,
1249 1696 1580 1790 aggressus
1626 1714 1746 1767 est.
1792 1700 2088 1769 Cruento
2146 1702 2489 1769 commisso
2546 1702 2844 1792 praelio,

644 1828 904 1904 praeter
945 1819 1429 1906 septingentos,
1492 1818 1614 1906 qui
1685 1818 1826 1885 vivi
1891 1820 2071 1906 capti
2138 1828 2329 1898 sunt,
2392 1829 2688 1888 caeteros
2757 1820 2845 1893 ad

643 1950 859 1997 unum
898 1954 1125 1999 omnes
1171 1931 1570 1999 trucidavit:
1618 1955 1661 1998 a
1703 1931 2104 2022 meridieque
2134 1955 2346 2022 usque
2376 1933 2460 2000 ad
2491 1957 2842 2024 vesperam

644 2056 1053 2136 pugnatum,
1097 2059 1166 2112 et
1208 2050 1657 2137 septingentos
1703 2051 1961 2139 equites
2022 2048 2180 2118 hinc
2239 2048 2389 2116 inde
2431 2049 2839 2120 desideratos

642 2158 842 2228 fuisse
871 2159 1180 2251 Sagatius
1209 2162 1442 2228 Mutus
1472 2178 1908 2251 cognomento
1941 2162 2312 2232 Gazzadius
2357 2167 2461 2232 sui
2511 2169 2837 2256 temporis

641 2291 971 2367 gestorum
1035 2276 1310 2366 diligens
1368 2282 1645 2367 scriptor
1709 2290 2117 2349 attestatum·
2151 2280 2297 2348 Hac
2360 2281 2570 2349 nobili
2643 2295 2836 2372 parta

639 2397 918 2463 victoria
962 2394 1247 2462 Boemus
1290 2394 1597 2464 Pontifici
1648 2394 1999 2486 Regienses
2059 2396 2478 2466 conciliavit:
2527 2399 2643 2466 scd
2699 2424 2833 2468 nou

638 2509 759 2576 diu
803 2510 930 2578 hac
972 2514 1244 2580 victoria
1287 2511 1612 2593 laetatus3
1658 2512 1823 2580 dum
1868 2513 2234 2581 Ferrariam
2280 2537 2666 2605 oppugnare
2725 2514 2829 2584 ni-

640 2628 808 2692 titur
874 2625 963 2693 ab
1027 2626 1328 2694 hostibus
1395 2626 1780 2717 profligatus
1850 2651 2074 2695 mense
2136 2628 2351 2714 junio,
2395 2629 2831 2719 Regiensium

636 2740 1252 2834 Mutinensiumque
1297 2741 1577 2823 auxilio,
1622 2744 2023 2812 Cremonam
2078 2766 2146 2810 se
2205 2748 2472 2834 recepit.
2516 2745 2830 2836 Denique

636 2858 759 2925 ubi
822 2857 1156 2949 plurium,
1217 2862 1336 2950 qui
1402 2872 1635 2931 contra
1697 2883 1766 2926 se
1833 2863 2405 2950 conspiraverant,
2453 2866 2828 2951 potentiam

634 2976 936 3064 quotidie
983 2980 1240 3068 augeri,
1286 2992 1649 3068 tenuesque
1678 2976 2016 3046 Pontificis
2048 2980 2248 3058 vires,
2280 2990 2348 3044 et
2378 2990 2602 3047 serum
2636 2978 2824 3047 Galli

635 3090 965 3161 auxilium
1010 3117 1149 3161 esse
1193 3096 1425 3174 cernit,
1455 3093 1810 3184 deploratis
1853 3093 2076 3175 rebus,
2115 3098 2191 3160 in
2236 3094 2610 3176 Boemiam,
2655 3096 2821 3163 'dum

636 3210 889 3298 integer
929 3209 1179 3276 reditus
1222 3220 1386 3289 erat,
1430 3210 1678 3298 regredi
1723 3213 2094 3278 constituit.
2139 3209 2369 3278 Nobili
2415 3214 2624 3300 igitur
2654 3210 2823 3278 Ger-

634 3343 862 3402 mano,
906 3324 1024 3411 qui
1069 3345 1190 3391 suo
1235 3325 1507 3391 nomine
1548 3323 1658 3408 jus
1702 3323 1987 3407 diceret,
2030 3348 2184 3392 cum
2232 3324 2453 3393 valido
2494 3324 2820 3415 praesidio

634 3437 945 3519 Parmae,
991 3438 1228 3528 Regio,
1274 3438 1614 3519 Mutinae,
1658 3451 1727 3507 et
1770 3442 1997 3509 Lucae
2060 3439 2424 3532 praefecto,
2495 3464 2577 3509 ac
2638 3453 2819 3510 certo

634 3553 896 3634 salario,
928 3554 1109 3644 quod
1154 3555 1245 3622 ab
1290 3554 1393 3622 his
1441 3555 1723 3623 urbibus
1767 3556 2235 3646 praestandum
2270 3568 2447 3637 erat,
2484 3557 2590 3623 illi
2633 3581 2819 3648 prae-

635 3673 910 3751 stituto,
967 3669 1185 3738 filium
1252 3673 1682 3760 praemissum
1726 3672 1986 3744 decimo
2029 3676 2269 3765 quinto
2332 3671 2643 3742 calendas
2710 3693 2817 3744 no-

634 3787 927 3855 vembris
974 3799 1151 3854 trans
1196 3785 1376 3878 alpes
1418 3799 1521 3855 est
1560 3800 1849 3857 secutus.

766 3902 1169 3971 Discedente
1198 3903 1471 3986 Boemo,
1501 3905 1839 3974 Rolandus
1870 3906 2148 3975 Roscius
2192 3906 2365 3974 hanc
2406 3906 2819 3975 occasionem

632 4020 1078 4109 occupandae
1120 4023 1372 4110 patriae
1438 4031 1674 4092 nactus
1739 4021 2017 4092 Parmae
2080 4024 2436 4114 imperium
2503 4023 2810 4112 arripuit.

629 4135 801 4223 Ejus
841 4137 1149 4228 exemplo
1190 4136 1513 4211 Nicolaus
1552 4138 1905 4212 Folleanus
1950 4151 2021 4208 et
2063 4143 2205 4232 ipse
2249 4139 2536 4232 Regium
2595 4136 2809 4230 oppti-
