<?xml version="1.0" encoding="UTF-8"?>
<!DOCTYPE html PUBLIC "-//W3C//DTD XHTML 1.0 Transitional//EN"
    "http://www.w3.org/TR/xhtml1/DTD/xhtml1-transitional.dtd">
<html xmlns="http://www.w3.org/1999/xhtml" xml:lang="en" lang="en">
 <head>
  <title>
</title>
<meta http-equiv="Content-Type" content="text/html;charset=utf-8" />
  <meta name='ocr-system' content='tesseract 3.04.00' />
  <meta name='ocr-capabilities' content='ocr_page ocr_carea ocr_par ocr_line ocrx_word'/>
</head>
<body>
  <div class='ocr_page' id='page_1' title='image "./rerumhistoricar00unkngoog_0576.png"; bbox 0 0 2950 5017; ppageno 0'>
   <div class='ocr_carea' id='block_1_1' title="bbox 612 431 2070 530">
    <p class='ocr_par' dir='ltr' id='par_1_1' title="bbox 612 431 2070 530">
     <span class='ocr_line' id='line_1_1' title="bbox 612 431 2070 530; baseline -0.009 -31"><span class='ocrx_word' id='word_1_1' title='bbox 612 431 744 500; x_wconf 65' lang='grc'><strong>556</strong></span> <span class='ocrx_word' id='word_1_2' title='bbox 1358 441 1601 530; x_wconf 66' lang='lat' dir='ltr'><strong>annuns</strong></span> <span class='ocrx_word' id='word_1_3' title='bbox 1644 440 2070 488; x_wconf 64' lang='lat' dir='ltr'><strong>nolanum</strong></span> 
     </span>
    </p>
   </div>
   <div class='ocr_carea' id='block_1_2' title="bbox 606 559 2906 1244">
    <p class='ocr_par' dir='ltr' id='par_1_2' title="bbox 606 559 2906 1244">
     <span class='ocr_line' id='line_1_2' title="bbox 610 559 2820 636; baseline -0.003 0"><span class='ocrx_word' id='word_1_4' title='bbox 610 561 807 636; x_wconf 71' lang='lat' dir='ltr'><strong>sedes</strong></span> <span class='ocrx_word' id='word_1_5' title='bbox 865 561 1231 632; x_wconf 80' lang='lat' dir='ltr'><strong>incendisse</strong></span> <span class='ocrx_word' id='word_1_6' title='bbox 1292 561 1564 630; x_wconf 74' lang='lat' dir='ltr'><strong>dicitur.</strong></span> <span class='ocrx_word' id='word_1_7' title='bbox 1632 559 1727 628; x_wconf 87' lang='lat' dir='ltr'><strong>Et</strong></span> <span class='ocrx_word' id='word_1_8' title='bbox 1795 581 1952 629; x_wconf 87' lang='lat' dir='ltr'><strong>cum</strong></span> <span class='ocrx_word' id='word_1_9' title='bbox 2024 559 2562 628; x_wconf 75' lang='lat' dir='ltr'><strong>Mantuanorum</strong></span> <span class='ocrx_word' id='word_1_10' title='bbox 2632 564 2820 629; x_wconf 76' lang='lat' dir='ltr'><strong>etism</strong></span> 
     </span>
     <span class='ocr_line' id='line_1_3' title="bbox 609 674 2906 776; baseline -0.003 -27"><span class='ocrx_word' id='word_1_11' title='bbox 609 680 889 776; x_wconf 32' lang='lat' dir='ltr'><strong>praedia,</strong></span> <span class='ocrx_word' id='word_1_12' title='bbox 918 688 1260 759; x_wconf 74' lang='lat' dir='ltr'><strong>vexasset,</strong></span> <span class='ocrx_word' id='word_1_13' title='bbox 1315 676 1654 769; x_wconf 76' lang='lat' dir='ltr'><strong>legatum,</strong></span> <span class='ocrx_word' id='word_1_14' title='bbox 1696 680 1818 768; x_wconf 83' lang='lat' dir='ltr'><strong>qui</strong></span> <span class='ocrx_word' id='word_1_15' title='bbox 1865 690 1945 743; x_wconf 85' lang='lat' dir='ltr'><strong>ut</strong></span> <span class='ocrx_word' id='word_1_16' title='bbox 1986 676 2072 743; x_wconf 89' lang='lat' dir='ltr'><strong>de</strong></span> <span class='ocrx_word' id='word_1_17' title='bbox 2114 674 2310 743; x_wconf 83' lang='lat' dir='ltr'><strong>illata</strong></span> <span class='ocrx_word' id='word_1_18' title='bbox 2372 676 2631 763; x_wconf 81' lang='lat' dir='ltr'><strong>injuria</strong></span> <span class='ocrx_word' id='word_1_19' title='bbox 2672 700 2822 767; x_wconf 82' lang='lat' dir='ltr'><strong>que-</strong></span> <span class='ocrx_word' id='word_1_20' title='bbox 2905 687 2906 702; x_wconf 63' lang='lat'>¹</span> 
     </span>
     <span class='ocr_line' id='line_1_4' title="bbox 612 792 2821 878; baseline -0.002 -10"><span class='ocrx_word' id='word_1_21' title='bbox 612 809 869 870; x_wconf 75' lang='lat' dir='ltr'><strong>seretur</strong></span> <span class='ocrx_word' id='word_1_22' title='bbox 896 800 1137 865; x_wconf 80' lang='lat' dir='ltr'><strong>missus</strong></span> <span class='ocrx_word' id='word_1_23' title='bbox 1179 792 1431 878; x_wconf 83' lang='lat' dir='ltr'><strong>fuerat,</strong></span> <span class='ocrx_word' id='word_1_24' title='bbox 1472 794 1753 863; x_wconf 90' lang='lat' dir='ltr'><strong>liberius</strong></span> <span class='ocrx_word' id='word_1_25' title='bbox 1794 793 2103 863; x_wconf 88' lang='lat' dir='ltr'><strong>locutum</strong></span> <span class='ocrx_word' id='word_1_26' title='bbox 2138 792 2557 861; x_wconf 82' lang='lat' dir='ltr'><strong>vulneravit.</strong></span> <span class='ocrx_word' id='word_1_27' title='bbox 2592 794 2821 863; x_wconf 70' lang='lat' dir='ltr'><strong>Contu</strong></span> 
     </span>
     <span class='ocr_line' id='line_1_5' title="bbox 608 909 2819 1002; baseline -0.005 -14"><span class='ocrx_word' id='word_1_28' title='bbox 608 915 892 998; x_wconf 78' lang='lat' dir='ltr'><strong>Gallus,</strong></span> <span class='ocrx_word' id='word_1_29' title='bbox 934 914 1059 982; x_wconf 86' lang='lat' dir='ltr'><strong>nbi</strong></span> <span class='ocrx_word' id='word_1_30' title='bbox 1102 935 1176 980; x_wconf 88' lang='lat' dir='ltr'><strong>se</strong></span> <span class='ocrx_word' id='word_1_31' title='bbox 1218 912 1561 982; x_wconf 86' lang='lat' dir='ltr'><strong>Ecclesiae</strong></span> <span class='ocrx_word' id='word_1_32' title='bbox 1603 933 1877 980; x_wconf 86' lang='lat' dir='ltr'><strong>causam</strong></span> <span class='ocrx_word' id='word_1_33' title='bbox 1925 914 2285 1002; x_wconf 87' lang='lat' dir='ltr'><strong>suscepisse</strong></span> <span class='ocrx_word' id='word_1_34' title='bbox 2339 909 2607 978; x_wconf 83' lang='lat' dir='ltr'><strong>frustra</strong></span> <span class='ocrx_word' id='word_1_35' title='bbox 2657 935 2819 1001; x_wconf 80' lang='lat' dir='ltr'><strong>prse-</strong></span> 
     </span>
     <span class='ocr_line' id='line_1_6' title="bbox 606 1028 2818 1120; baseline -0.004 -15"><span class='ocrx_word' id='word_1_36' title='bbox 606 1035 884 1115; x_wconf 79' lang='lat' dir='ltr'><strong>dicavit,</strong></span> <span class='ocrx_word' id='word_1_37' title='bbox 908 1032 1179 1101; x_wconf 81' lang='lat' dir='ltr'><strong>Caesari</strong></span> <span class='ocrx_word' id='word_1_38' title='bbox 1224 1029 1487 1099; x_wconf 87' lang='lat' dir='ltr'><strong>bellum</strong></span> <span class='ocrx_word' id='word_1_39' title='bbox 1532 1029 1780 1099; x_wconf 80' lang='lat' dir='ltr'><strong>indixit</strong></span> <span class='ocrx_word' id='word_1_40' title='bbox 1826 1028 2291 1120; x_wconf 71' lang='lat' dir='ltr'><strong>nonnullaque</strong></span> <span class='ocrx_word' id='word_1_41' title='bbox 2335 1032 2411 1096; x_wconf 88' lang='lat' dir='ltr'><strong>in</strong></span> <span class='ocrx_word' id='word_1_42' title='bbox 2457 1029 2818 1119; x_wconf 70' lang='lat' dir='ltr'><strong>subalpinis</strong></span> 
     </span>
     <span class='ocr_line' id='line_1_7' title="bbox 610 1146 2826 1244; baseline -0.001 -26"><span class='ocrx_word' id='word_1_43' title='bbox 610 1151 860 1244; x_wconf 78' lang='lat' dir='ltr'><strong>oppida</strong></span> <span class='ocrx_word' id='word_1_44' title='bbox 904 1152 1289 1240; x_wconf 76' lang='lat' dir='ltr'><strong>occupavit.</strong></span> <span class='ocrx_word' id='word_1_45' title='bbox 1332 1147 1598 1217; x_wconf 78' lang='lat' dir='ltr'><strong>Deinde</strong></span> <span class='ocrx_word' id='word_1_46' title='bbox 1641 1150 1927 1239; x_wconf 58' lang='lat' dir='ltr'><strong>pennia</strong></span> <span class='ocrx_word' id='word_1_47' title='bbox 1969 1169 2061 1215; x_wconf 77' lang='lat' dir='ltr'><strong>ex</strong></span> <span class='ocrx_word' id='word_1_48' title='bbox 2101 1146 2346 1216; x_wconf 82' lang='lat' dir='ltr'><strong>Galliis</strong></span> <span class='ocrx_word' id='word_1_49' title='bbox 2386 1147 2687 1217; x_wconf 88' lang='lat' dir='ltr'><strong>Romam</strong></span> <span class='ocrx_word' id='word_1_50' title='bbox 2731 1148 2826 1215; x_wconf 87' lang='lat' dir='ltr'><strong>de-</strong></span> 
     </span>
    </p>
   </div>
   <div class='ocr_carea' id='block_1_3' title="bbox 478 1260 2828 1357">
    <p class='ocr_par' dir='ltr' id='par_1_3' title="bbox 478 1260 2828 1357">
     <span class='ocr_line' id='line_1_8' title="bbox 478 1260 2828 1357; baseline -0.002 -21"><span class='ocrx_word' id='word_1_51' title='bbox 478 1281 483 1290; x_wconf 89' lang='lat'>&#39;</span> <span class='ocrx_word' id='word_1_52' title='bbox 610 1265 768 1346; x_wconf 76' lang='lat' dir='ltr'><strong>ferri</strong></span> <span class='ocrx_word' id='word_1_53' title='bbox 813 1263 1151 1357; x_wconf 83' lang='lat' dir='ltr'><strong>prohibita</strong></span> <span class='ocrx_word' id='word_1_54' title='bbox 1211 1274 1283 1332; x_wconf 82' lang='lat' dir='ltr'><strong>et</strong></span> <span class='ocrx_word' id='word_1_55' title='bbox 1346 1262 1871 1332; x_wconf 69' lang='lat' dir='ltr'><strong>sacerdotiorum</strong></span> <span class='ocrx_word' id='word_1_56' title='bbox 1914 1260 2270 1333; x_wconf 86' lang='lat' dir='ltr'><strong>collatione</strong></span> <span class='ocrx_word' id='word_1_57' title='bbox 2335 1263 2476 1330; x_wconf 80' lang='lat' dir='ltr'><strong>sibi</strong></span> <span class='ocrx_word' id='word_1_58' title='bbox 2549 1276 2828 1345; x_wconf 82' lang='lat' dir='ltr'><strong>retenta,</strong></span> 
     </span>
    </p>
   </div>
   <div class='ocr_carea' id='block_1_4' title="bbox 510 1380 2912 4163">
    <p class='ocr_par' dir='ltr' id='par_1_4' title="bbox 608 1380 2912 2292">
     <span class='ocr_line' id='line_1_9' title="bbox 608 1380 2910 1464; baseline -0.002 -10"><span class='ocrx_word' id='word_1_59' title='bbox 608 1385 827 1454; x_wconf 86' lang='lat' dir='ltr'><strong>decies</strong></span> <span class='ocrx_word' id='word_1_60' title='bbox 866 1393 1229 1452; x_wconf 85' lang='lat' dir='ltr'><strong>centenum</strong></span> <span class='ocrx_word' id='word_1_61' title='bbox 1275 1380 1569 1450; x_wconf 84' lang='lat' dir='ltr'><strong>millium</strong></span> <span class='ocrx_word' id='word_1_62' title='bbox 1616 1403 1972 1450; x_wconf 89' lang='lat' dir='ltr'><strong>aureorum</strong></span> <span class='ocrx_word' id='word_1_63' title='bbox 2018 1403 2299 1450; x_wconf 86' lang='lat' dir='ltr'><strong>censum</strong></span> <span class='ocrx_word' id='word_1_64' title='bbox 2325 1380 2829 1451; x_wconf 81' lang='lat' dir='ltr'><strong>Pontifici&#39;abs-</strong></span> <span class='ocrx_word' id='word_1_65' title='bbox 2909 1461 2910 1464; x_wconf 8' lang='grc' dir='ltr'><strong>Ἴ</strong></span> 
     </span>
     <span class='ocr_line' id='line_1_10' title="bbox 612 1479 2910 1580; baseline -0.001 -10"><span class='ocrx_word' id='word_1_66' title='bbox 612 1500 804 1571; x_wconf 87' lang='lat' dir='ltr'><strong>tulit.</strong></span> <span class='ocrx_word' id='word_1_67' title='bbox 848 1499 1187 1568; x_wconf 74' lang='lat' dir='ltr'><strong>Fenndu·</strong></span> <span class='ocrx_word' id='word_1_68' title='bbox 1256 1519 1448 1580; x_wconf 77' lang='lat' dir='ltr'><strong>vero,</strong></span> <span class='ocrx_word' id='word_1_69' title='bbox 1492 1509 1644 1567; x_wconf 83' lang='lat' dir='ltr'><strong>octo</strong></span> <span class='ocrx_word' id='word_1_70' title='bbox 1688 1508 1760 1564; x_wconf 88' lang='lat' dir='ltr'><strong>et</strong></span> <span class='ocrx_word' id='word_1_71' title='bbox 1802 1497 2034 1565; x_wconf 86' lang='lat' dir='ltr'><strong>decem</strong></span> <span class='ocrx_word' id='word_1_72' title='bbox 2103 1496 2405 1566; x_wconf 86' lang='lat' dir='ltr'><strong>millibus</strong></span> <span class='ocrx_word' id='word_1_73' title='bbox 2477 1498 2828 1567; x_wconf 83' lang='lat' dir='ltr'><strong>homiuum</strong></span> <span class='ocrx_word' id='word_1_74' title='bbox 2909 1479 2910 1484; x_wconf 6' lang='grc' dir='ltr'>ἵ</span> 
     </span>
     <span class='ocr_line' id='line_1_11' title="bbox 608 1612 2830 1707; baseline -0.002 -20"><span class='ocrx_word' id='word_1_75' title='bbox 608 1619 892 1698; x_wconf 86' lang='lat' dir='ltr'><strong>coactis,</strong></span> <span class='ocrx_word' id='word_1_76' title='bbox 936 1618 1152 1707; x_wconf 88' lang='lat' dir='ltr'><strong>primo</strong></span> <span class='ocrx_word' id='word_1_77' title='bbox 1220 1617 1480 1705; x_wconf 89' lang='lat' dir='ltr'><strong>impetu</strong></span> <span class='ocrx_word' id='word_1_78' title='bbox 1547 1612 1906 1682; x_wconf 81' lang='lat' dir='ltr'><strong>Brixillum</strong></span> <span class='ocrx_word' id='word_1_79' title='bbox 1978 1618 2364 1705; x_wconf 83' lang='lat' dir='ltr'><strong>occupavit.</strong></span> <span class='ocrx_word' id='word_1_80' title='bbox 2424 1614 2702 1683; x_wconf 84' lang='lat' dir='ltr'><strong>Deinde</strong></span> <span class='ocrx_word' id='word_1_81' title='bbox 2761 1628 2830 1683; x_wconf 87' lang='lat' dir='ltr'><strong>ut</strong></span> 
     </span>
     <span class='ocr_line' id='line_1_12' title="bbox 608 1728 2826 1816; baseline -0.002 -11"><span class='ocrx_word' id='word_1_82' title='bbox 608 1731 1097 1815; x_wconf 65' lang='lat' dir='ltr'><strong>Monticulum,</strong></span> <span class='ocrx_word' id='word_1_83' title='bbox 1139 1743 1209 1799; x_wconf 90' lang='lat' dir='ltr'><strong>et</strong></span> <span class='ocrx_word' id='word_1_84' title='bbox 1253 1728 1632 1816; x_wconf 45' lang='lat' dir='ltr'><strong>Cast-ellum</strong></span> <span class='ocrx_word' id='word_1_85' title='bbox 1677 1729 1958 1800; x_wconf 79' lang='lat' dir='ltr'><strong>Novu&#39;m</strong></span> <span class='ocrx_word' id='word_1_86' title='bbox 2028 1731 2119 1798; x_wconf 85' lang='lat' dir='ltr'><strong>ab</strong></span> <span class='ocrx_word' id='word_1_87' title='bbox 2183 1730 2483 1799; x_wconf 81' lang='lat' dir='ltr'><strong>Hercule</strong></span> <span class='ocrx_word' id='word_1_88' title='bbox 2533 1733 2826 1801; x_wconf 84' lang='lat' dir='ltr'><strong>Atestino</strong></span> 
     </span>
     <span class='ocr_line' id='line_1_13' title="bbox 613 1849 2833 1940; baseline -0.002 -18"><span class='ocrx_word' id='word_1_89' title='bbox 613 1853 742 1923; x_wconf 87' lang='lat' dir='ltr'><strong>sibi</strong></span> <span class='ocrx_word' id='word_1_90' title='bbox 786 1853 1369 1921; x_wconf 81' lang='lat' dir='ltr'><strong>committerentur</strong></span> <span class='ocrx_word' id='word_1_91' title='bbox 1398 1849 1719 1918; x_wconf 83' lang='lat' dir='ltr'><strong>obtinuit.</strong></span> <span class='ocrx_word' id='word_1_92' title='bbox 1760 1849 1948 1917; x_wconf 85' lang='lat' dir='ltr'><strong>Tum</strong></span> <span class='ocrx_word' id='word_1_93' title='bbox 1975 1849 2314 1921; x_wconf 80' lang='lat' dir='ltr'><strong>vastandis</strong></span> <span class='ocrx_word' id='word_1_94' title='bbox 2340 1850 2684 1940; x_wconf 87' lang='lat' dir='ltr'><strong>praediis,</strong></span> <span class='ocrx_word' id='word_1_95' title='bbox 2710 1851 2833 1918; x_wconf 82' lang='lat' dir='ltr'><strong>abi—</strong></span> 
     </span>
     <span class='ocr_line' id='line_1_14' title="bbox 612 1964 2912 2061; baseline 0 -24"><span class='ocrx_word' id='word_1_96' title='bbox 612 1968 977 2061; x_wconf 72' lang='lat' dir='ltr'><strong>gendisque</strong></span> <span class='ocrx_word' id='word_1_97' title='bbox 1023 1966 1375 2057; x_wconf 70' lang='lat' dir='ltr'><strong>pecoribus</strong></span> <span class='ocrx_word' id='word_1_98' title='bbox 1417 1968 1719 2034; x_wconf 87' lang='lat' dir='ltr'><strong>intentus</strong></span> <span class='ocrx_word' id='word_1_99' title='bbox 1762 1989 1850 2034; x_wconf 82' lang='lat' dir='ltr'><strong>ex</strong></span> <span class='ocrx_word' id='word_1_100' title='bbox 1891 1964 2325 2056; x_wconf 83' lang='lat' dir='ltr'><strong>Regiensibus</strong></span> <span class='ocrx_word' id='word_1_101' title='bbox 2374 1966 2643 2048; x_wconf 87' lang='lat' dir='ltr'><strong>multa,</strong></span> <span class='ocrx_word' id='word_1_102' title='bbox 2677 1991 2832 2057; x_wconf 80' lang='lat' dir='ltr'><strong>quae</strong></span> <span class='ocrx_word' id='word_1_103' title='bbox 2911 1985 2912 2012; x_wconf 65' lang='lat'>³</span> 
     </span>
     <span class='ocr_line' id='line_1_15' title="bbox 611 2081 2833 2162; baseline -0.002 -8"><span class='ocrx_word' id='word_1_104' title='bbox 611 2085 1080 2154; x_wconf 85' lang='lat' dir='ltr'><strong>Parmensium</strong></span> <span class='ocrx_word' id='word_1_105' title='bbox 1148 2105 1286 2149; x_wconf 87' lang='lat' dir='ltr'><strong>esse</strong></span> <span class='ocrx_word' id='word_1_106' title='bbox 1351 2081 1662 2162; x_wconf 86' lang='lat' dir='ltr'><strong>dicebat,</strong></span> <span class='ocrx_word' id='word_1_107' title='bbox 1707 2082 2020 2151; x_wconf 85' lang='lat' dir='ltr'><strong>abduxit.</strong></span> <span class='ocrx_word' id='word_1_108' title='bbox 2065 2081 2448 2152; x_wconf 87' lang='lat' dir='ltr'><strong>Nonnullos</strong></span> <span class='ocrx_word' id='word_1_109' title='bbox 2498 2086 2720 2151; x_wconf 88' lang='lat' dir='ltr'><strong>etiam</strong></span> <span class='ocrx_word' id='word_1_110' title='bbox 2761 2106 2833 2150; x_wconf 84' lang='lat' dir='ltr'><strong>ex</strong></span> 
     </span>
     <span class='ocr_line' id='line_1_16' title="bbox 611 2197 2830 2292; baseline 0 -25"><span class='ocrx_word' id='word_1_111' title='bbox 611 2200 1048 2292; x_wconf 79' lang='lat' dir='ltr'><strong>Regiensibus</strong></span> <span class='ocrx_word' id='word_1_112' title='bbox 1078 2210 1148 2265; x_wconf 88' lang='lat' dir='ltr'><strong>et</strong></span> <span class='ocrx_word' id='word_1_113' title='bbox 1178 2197 1549 2267; x_wconf 76' lang='lat' dir='ltr'><strong>cambium</strong></span> <span class='ocrx_word' id='word_1_114' title='bbox 1580 2198 2082 2268; x_wconf 76' lang='lat' dir='ltr'><strong>cambiatorem</strong></span> <span class='ocrx_word' id='word_1_115' title='bbox 2128 2198 2431 2289; x_wconf 86' lang='lat' dir='ltr'><strong>legatum</strong></span> <span class='ocrx_word' id='word_1_116' title='bbox 2478 2224 2525 2266; x_wconf 80' lang='lat' dir='ltr'><strong>a</strong></span> <span class='ocrx_word' id='word_1_117' title='bbox 2576 2201 2830 2268; x_wconf 75' lang='lat' dir='ltr'><strong>civibus</strong></span> 
     </span>
    </p>

    <p class='ocr_par' dir='ltr' id='par_1_5' title="bbox 510 2311 2838 4163">
     <span class='ocr_line' id='line_1_17' title="bbox 611 2311 2833 2404; baseline -0.001 -18"><span class='ocrx_word' id='word_1_118' title='bbox 611 2317 926 2386; x_wconf 86' lang='lat' dir='ltr'><strong>Parmam</strong></span> <span class='ocrx_word' id='word_1_119' title='bbox 982 2317 1303 2395; x_wconf 85' lang='lat' dir='ltr'><strong>missum,</strong></span> <span class='ocrx_word' id='word_1_120' title='bbox 1348 2317 1654 2404; x_wconf 84' lang='lat' dir='ltr'><strong>captivos</strong></span> <span class='ocrx_word' id='word_1_121' title='bbox 1707 2314 1938 2383; x_wconf 79' lang='lat' dir='ltr'><strong>duxit.</strong></span> <span class='ocrx_word' id='word_1_122' title='bbox 2007 2311 2142 2381; x_wconf 87' lang='lat' dir='ltr'><strong>Sed</strong></span> <span class='ocrx_word' id='word_1_123' title='bbox 2210 2315 2341 2384; x_wconf 87' lang='lat' dir='ltr'><strong>hoc</strong></span> <span class='ocrx_word' id='word_1_124' title='bbox 2415 2316 2512 2383; x_wconf 85' lang='lat' dir='ltr'><strong>ob</strong></span> <span class='ocrx_word' id='word_1_125' title='bbox 2581 2316 2833 2383; x_wconf 82' lang='lat' dir='ltr'><strong>crebras</strong></span> 
     </span>
     <span class='ocr_line' id='line_1_18' title="bbox 510 2409 2836 2523; baseline -0.002 -20"><span class='ocrx_word' id='word_1_126' title='bbox 510 2409 516 2414; x_wconf 29' lang='lat'>⁵</span> <span class='ocrx_word' id='word_1_127' title='bbox 611 2432 1039 2523; x_wconf 74' lang='lat' dir='ltr'><strong>Regiensium</strong></span> <span class='ocrx_word' id='word_1_128' title='bbox 1108 2428 1415 2522; x_wconf 84' lang='lat' dir='ltr'><strong>querelas</strong></span> <span class='ocrx_word' id='word_1_129' title='bbox 1486 2430 1786 2497; x_wconf 83' lang='lat' dir='ltr'><strong>demum&#39;</strong></span> <span class='ocrx_word' id='word_1_130' title='bbox 1810 2430 2118 2511; x_wconf 85' lang='lat' dir='ltr'><strong>dimisso,</strong></span> <span class='ocrx_word' id='word_1_131' title='bbox 2162 2433 2364 2498; x_wconf 89' lang='lat' dir='ltr'><strong>ceteri</strong></span> <span class='ocrx_word' id='word_1_132' title='bbox 2432 2434 2836 2521; x_wconf 77' lang='lat' dir='ltr'><strong>octingentis</strong></span> 
     </span>
     <span class='ocr_line' id='line_1_19' title="bbox 612 2544 2837 2629; baseline -0.001 -11"><span class='ocrx_word' id='word_1_133' title='bbox 612 2562 684 2619; x_wconf 89' lang='lat' dir='ltr'><strong>et</strong></span> <span class='ocrx_word' id='word_1_134' title='bbox 748 2547 935 2615; x_wconf 84' lang='lat' dir='ltr'><strong>mille</strong></span> <span class='ocrx_word' id='word_1_135' title='bbox 1001 2549 1218 2615; x_wconf 85' lang='lat' dir='ltr'><strong>aureis</strong></span> <span class='ocrx_word' id='word_1_136' title='bbox 1284 2570 1355 2616; x_wconf 82' lang='lat' dir='ltr'><strong>se</strong></span> <span class='ocrx_word' id='word_1_137' title='bbox 1420 2545 1751 2614; x_wconf 85' lang='lat' dir='ltr'><strong>redimere</strong></span> <span class='ocrx_word' id='word_1_138' title='bbox 1804 2550 2021 2615; x_wconf 87' lang='lat' dir='ltr'><strong>coacti</strong></span> <span class='ocrx_word' id='word_1_139' title='bbox 2066 2544 2278 2615; x_wconf 82' lang='lat' dir='ltr'><strong>fuere.</strong></span> <span class='ocrx_word' id='word_1_140' title='bbox 2322 2546 2408 2613; x_wconf 90' lang='lat' dir='ltr'><strong>Id</strong></span> <span class='ocrx_word' id='word_1_141' title='bbox 2468 2547 2837 2629; x_wconf 71' lang='lat' dir='ltr'><strong>militibus,</strong></span> 
     </span>
     <span class='ocr_line' id='line_1_20' title="bbox 611 2661 2838 2759; baseline -0.001 -25"><span class='ocrx_word' id='word_1_142' title='bbox 611 2667 866 2759; x_wconf 82' lang='lat' dir='ltr'><strong>quibus</strong></span> <span class='ocrx_word' id='word_1_143' title='bbox 932 2665 1023 2733; x_wconf 85' lang='lat' dir='ltr'><strong>ob</strong></span> <span class='ocrx_word' id='word_1_144' title='bbox 1087 2667 1182 2732; x_wconf 89' lang='lat' dir='ltr'><strong>rei</strong></span> <span class='ocrx_word' id='word_1_145' title='bbox 1252 2664 1675 2732; x_wconf 77' lang='lat' dir='ltr'><strong>nummariae</strong></span> <span class='ocrx_word' id='word_1_146' title='bbox 1719 2661 2186 2732; x_wconf 87' lang='lat' dir='ltr'><strong>difficultatem</strong></span> <span class='ocrx_word' id='word_1_147' title='bbox 2239 2664 2664 2755; x_wconf 71' lang='lat' dir='ltr'><strong>stipendium</strong></span> <span class='ocrx_word' id='word_1_148' title='bbox 2715 2689 2838 2733; x_wconf 88' lang='lat' dir='ltr'><strong>non</strong></span> 
     </span>
     <span class='ocr_line' id='line_1_21' title="bbox 617 2777 2835 2873; baseline -0.002 -22"><span class='ocrx_word' id='word_1_149' title='bbox 617 2780 1283 2873; x_wconf 76' lang='lat' dir='ltr'><strong>repraesentabatur,</strong></span> <span class='ocrx_word' id='word_1_150' title='bbox 1347 2780 1627 2848; x_wconf 87' lang='lat' dir='ltr'><strong>concedi</strong></span> <span class='ocrx_word' id='word_1_151' title='bbox 1671 2802 1934 2848; x_wconf 87' lang='lat' dir='ltr'><strong>necesse</strong></span> <span class='ocrx_word' id='word_1_152' title='bbox 1976 2777 2137 2848; x_wconf 87' lang='lat' dir='ltr'><strong>fuit.</strong></span> <span class='ocrx_word' id='word_1_153' title='bbox 2189 2780 2456 2848; x_wconf 82' lang='lat' dir='ltr'><strong>Interea</strong></span> <span class='ocrx_word' id='word_1_154' title='bbox 2516 2780 2713 2851; x_wconf 81' lang='lat' dir='ltr'><strong>vallo</strong></span> <span class='ocrx_word' id='word_1_155' title='bbox 2755 2782 2835 2849; x_wconf 80' lang='lat' dir='ltr'><strong>ad</strong></span> 
     </span>
     <span class='ocr_line' id='line_1_22' title="bbox 613 2897 2834 2989; baseline -0.001 -20"><span class='ocrx_word' id='word_1_156' title='bbox 613 2900 869 2970; x_wconf 80' lang='lat' dir='ltr'><strong>Niceae</strong></span> <span class='ocrx_word' id='word_1_157' title='bbox 913 2909 1186 2989; x_wconf 88' lang='lat' dir='ltr'><strong>pontem</strong></span> <span class='ocrx_word' id='word_1_158' title='bbox 1233 2910 1452 2965; x_wconf 90' lang='lat' dir='ltr'><strong>erecto</strong></span> <span class='ocrx_word' id='word_1_159' title='bbox 1503 2899 1691 2964; x_wconf 87' lang='lat' dir='ltr'><strong>trinis</strong></span> <span class='ocrx_word' id='word_1_160' title='bbox 1734 2900 1968 2965; x_wconf 84' lang='lat' dir='ltr'><strong>castris</strong></span> <span class='ocrx_word' id='word_1_161' title='bbox 2006 2897 2319 2964; x_wconf 86' lang='lat' dir='ltr'><strong>Parmam</strong></span> <span class='ocrx_word' id='word_1_162' title='bbox 2365 2898 2677 2980; x_wconf 80' lang='lat' dir='ltr'><strong>obsedit3</strong></span> <span class='ocrx_word' id='word_1_163' title='bbox 2725 2898 2834 2966; x_wconf 82' lang='lat' dir='ltr'><strong>ubi</strong></span> 
     </span>
     <span class='ocr_line' id='line_1_23' title="bbox 612 3012 2831 3108; baseline 0 -25"><span class='ocrx_word' id='word_1_164' title='bbox 612 3015 919 3108; x_wconf 88' lang='lat' dir='ltr'><strong>pluribus</strong></span> <span class='ocrx_word' id='word_1_165' title='bbox 962 3014 1322 3084; x_wconf 82' lang='lat' dir='ltr'><strong>levioribus</strong></span> <span class='ocrx_word' id='word_1_166' title='bbox 1366 3012 1633 3106; x_wconf 87' lang='lat' dir='ltr'><strong>praeliis</strong></span> <span class='ocrx_word' id='word_1_167' title='bbox 1675 3016 2042 3082; x_wconf 73' lang='lat' dir='ltr'><strong>commissis</strong></span> <span class='ocrx_word' id='word_1_168' title='bbox 2085 3013 2478 3083; x_wconf 74' lang='lat' dir='ltr'><strong>colurnam</strong></span> <span class='ocrx_word' id='word_1_169' title='bbox 2510 3038 2635 3105; x_wconf 89' lang='lat' dir='ltr'><strong>per</strong></span> <span class='ocrx_word' id='word_1_170' title='bbox 2684 3039 2831 3107; x_wconf 88' lang='lat' dir='ltr'><strong>pro-</strong></span> 
     </span>
     <span class='ocr_line' id='line_1_24' title="bbox 614 3129 2834 3221; baseline -0 -22"><span class='ocrx_word' id='word_1_171' title='bbox 614 3133 997 3210; x_wconf 61' lang='lat' dir='ltr'><strong>ditionem,</strong></span> <span class='ocrx_word' id='word_1_172' title='bbox 1025 3131 1295 3221; x_wconf 83' lang='lat' dir='ltr'><strong>aliaque</strong></span> <span class='ocrx_word' id='word_1_173' title='bbox 1341 3129 1663 3220; x_wconf 82' lang='lat' dir='ltr'><strong>ignobilia</strong></span> <span class='ocrx_word' id='word_1_174' title='bbox 1708 3130 1956 3221; x_wconf 85' lang='lat' dir='ltr'><strong>oppida</strong></span> <span class='ocrx_word' id='word_1_175' title='bbox 1997 3132 2221 3220; x_wconf 79' lang='lat' dir='ltr'><strong>cepit3</strong></span> <span class='ocrx_word' id='word_1_176' title='bbox 2263 3130 2546 3209; x_wconf 85' lang='lat' dir='ltr'><strong>demum</strong></span> <span class='ocrx_word' id='word_1_177' title='bbox 2591 3132 2690 3198; x_wconf 83' lang='lat' dir='ltr'><strong>ad</strong></span> <span class='ocrx_word' id='word_1_178' title='bbox 2734 3132 2834 3199; x_wconf 88' lang='lat' dir='ltr'><strong>de-</strong></span> 
     </span>
     <span class='ocr_line' id='line_1_25' title="bbox 614 3246 2830 3339; baseline -0 -22"><span class='ocrx_word' id='word_1_179' title='bbox 614 3247 977 3318; x_wconf 79' lang='lat' dir='ltr'><strong>fendendos</strong></span> <span class='ocrx_word' id='word_1_180' title='bbox 1020 3248 1446 3339; x_wconf 86' lang='lat' dir='ltr'><strong>subalpinos,</strong></span> <span class='ocrx_word' id='word_1_181' title='bbox 1494 3247 1612 3314; x_wconf 89' lang='lat' dir='ltr'><strong>ubi</strong></span> <span class='ocrx_word' id='word_1_182' title='bbox 1660 3246 1903 3316; x_wconf 86' lang='lat' dir='ltr'><strong>Gallus</strong></span> <span class='ocrx_word' id='word_1_183' title='bbox 1945 3247 2270 3316; x_wconf 80' lang='lat' dir='ltr'><strong>Cherium</strong></span> <span class='ocrx_word' id='word_1_184' title='bbox 2316 3261 2389 3315; x_wconf 85' lang='lat' dir='ltr'><strong>et</strong></span> <span class='ocrx_word' id='word_1_185' title='bbox 2432 3247 2509 3316; x_wconf 84' lang='lat' dir='ltr'><strong>S.</strong></span> <span class='ocrx_word' id='word_1_186' title='bbox 2558 3249 2830 3316; x_wconf 89' lang='lat' dir='ltr'><strong>Damia-</strong></span> 
     </span>
     <span class='ocr_line' id='line_1_26' title="bbox 616 3364 2827 3456; baseline -0 -21"><span class='ocrx_word' id='word_1_187' title='bbox 616 3387 785 3435; x_wconf 84' lang='lat' dir='ltr'><strong>num</strong></span> <span class='ocrx_word' id='word_1_188' title='bbox 829 3378 1297 3453; x_wconf 75' lang='lat' dir='ltr'><strong>occupaverat,</strong></span> <span class='ocrx_word' id='word_1_189' title='bbox 1342 3378 1715 3456; x_wconf 69' lang='lat' dir='ltr'><strong>revocatur.</strong></span> <span class='ocrx_word' id='word_1_190' title='bbox 1761 3364 2118 3455; x_wconf 79' lang='lat' dir='ltr'><strong>Regienses</strong></span> <span class='ocrx_word' id='word_1_191' title='bbox 2162 3387 2408 3455; x_wconf 80' lang='lat' dir='ltr'><strong>magna</strong></span> <span class='ocrx_word' id='word_1_192' title='bbox 2447 3368 2525 3432; x_wconf 89' lang='lat' dir='ltr'><strong>iu</strong></span> <span class='ocrx_word' id='word_1_193' title='bbox 2573 3368 2827 3434; x_wconf 82' lang='lat' dir='ltr'><strong>vicinos</strong></span> 
     </span>
     <span class='ocr_line' id='line_1_27' title="bbox 614 3480 2830 3573; baseline 0 -24"><span class='ocrx_word' id='word_1_194' title='bbox 614 3481 1042 3549; x_wconf 79' lang='lat' dir='ltr'><strong>humanitate</strong></span> <span class='ocrx_word' id='word_1_195' title='bbox 1095 3484 1200 3547; x_wconf 88' lang='lat' dir='ltr'><strong>usi</strong></span> <span class='ocrx_word' id='word_1_196' title='bbox 1263 3503 1378 3570; x_wconf 86' lang='lat' dir='ltr'><strong>per</strong></span> <span class='ocrx_word' id='word_1_197' title='bbox 1447 3480 1800 3570; x_wconf 89' lang='lat' dir='ltr'><strong>publicum</strong></span> <span class='ocrx_word' id='word_1_198' title='bbox 1841 3484 2197 3551; x_wconf 40' lang='lat' dir='ltr'><strong>»nuncium</strong></span> <span class='ocrx_word' id='word_1_199' title='bbox 2242 3484 2565 3550; x_wconf 78' lang='lat' dir='ltr'><strong>invitatos</strong></span> <span class='ocrx_word' id='word_1_200' title='bbox 2612 3482 2830 3573; x_wconf 87' lang='lat' dir='ltr'><strong>plures</strong></span> 
     </span>
     <span class='ocr_line' id='line_1_28' title="bbox 611 3595 2830 3688; baseline -0.002 -21"><span class='ocrx_word' id='word_1_201' title='bbox 611 3620 702 3667; x_wconf 78' lang='lat' dir='ltr'><strong>ex</strong></span> <span class='ocrx_word' id='word_1_202' title='bbox 745 3595 1215 3665; x_wconf 85' lang='lat' dir='ltr'><strong>Parmensibus</strong></span> <span class='ocrx_word' id='word_1_203' title='bbox 1258 3598 1329 3663; x_wconf 90' lang='lat' dir='ltr'><strong>in</strong></span> <span class='ocrx_word' id='word_1_204' title='bbox 1372 3596 1615 3687; x_wconf 79' lang='lat' dir='ltr'><strong>urbem</strong></span> <span class='ocrx_word' id='word_1_205' title='bbox 1661 3596 1974 3687; x_wconf 42' lang='lat' dir='ltr'><strong>hospitio,</strong></span> <span class='ocrx_word' id='word_1_206' title='bbox 1995 3600 2106 3688; x_wconf 90' lang='lat' dir='ltr'><strong>pie</strong></span> <span class='ocrx_word' id='word_1_207' title='bbox 2150 3610 2607 3688; x_wconf 87' lang='lat' dir='ltr'><strong>susceperunt.</strong></span> <span class='ocrx_word' id='word_1_208' title='bbox 2644 3599 2830 3667; x_wconf 82' lang='lat' dir='ltr'><strong>Hauc</strong></span> 
     </span>
     <span class='ocr_line' id='line_1_29' title="bbox 612 3711 2827 3793; baseline -0.002 -7"><span class='ocrx_word' id='word_1_209' title='bbox 612 3715 706 3787; x_wconf 86' lang='lat' dir='ltr'><strong>ob</strong></span> <span class='ocrx_word' id='word_1_210' title='bbox 748 3736 1018 3783; x_wconf 87' lang='lat' dir='ltr'><strong>causam</strong></span> <span class='ocrx_word' id='word_1_211' title='bbox 1063 3735 1223 3781; x_wconf 86' lang='lat' dir='ltr'><strong>cum</strong></span> <span class='ocrx_word' id='word_1_212' title='bbox 1266 3711 1519 3781; x_wconf 86' lang='lat' dir='ltr'><strong>Gallici</strong></span> <span class='ocrx_word' id='word_1_213' title='bbox 1563 3717 1848 3782; x_wconf 87' lang='lat' dir='ltr'><strong>nominis</strong></span> <span class='ocrx_word' id='word_1_214' title='bbox 1899 3715 2180 3786; x_wconf 88' lang='lat' dir='ltr'><strong>studiosi</strong></span> <span class='ocrx_word' id='word_1_215' title='bbox 2236 3740 2376 3783; x_wconf 86' lang='lat' dir='ltr'><strong>esse</strong></span> <span class='ocrx_word' id='word_1_216' title='bbox 2418 3716 2827 3793; x_wconf 88' lang='lat' dir='ltr'><strong>dicerentur,</strong></span> 
     </span>
     <span class='ocr_line' id='line_1_30' title="bbox 614 3815 2828 3923; baseline -0.001 -22"><span class='ocrx_word' id='word_1_217' title='bbox 614 3832 881 3902; x_wconf 81' lang='lat' dir='ltr'><strong>crebras</strong></span> <span class='ocrx_word' id='word_1_218' title='bbox 910 3815 1220 3922; x_wconf 84' lang='lat' dir='ltr'><strong>agrorum</strong></span> <span class='ocrx_word' id='word_1_219' title='bbox 1251 3831 1650 3923; x_wconf 83' lang='lat' dir='ltr'><strong>direptiones</strong></span> <span class='ocrx_word' id='word_1_220' title='bbox 1694 3832 1955 3923; x_wconf 85' lang='lat' dir='ltr'><strong>saepius</strong></span> <span class='ocrx_word' id='word_1_221' title='bbox 1997 3835 2486 3902; x_wconf 80' lang='lat' dir='ltr'><strong>sustinuerunt.</strong></span> <span class='ocrx_word' id='word_1_222' title='bbox 2522 3833 2828 3903; x_wconf 62' lang='lat' dir='ltr'><strong>Placidisd</strong></span> 
     </span>
     <span class='ocr_line' id='line_1_31' title="bbox 612 3948 2827 4041; baseline -0 -23"><span class='ocrx_word' id='word_1_223' title='bbox 612 3955 782 4018; x_wconf 84' lang='lat' dir='ltr'><strong>sima</strong></span> <span class='ocrx_word' id='word_1_224' title='bbox 826 3951 1065 4038; x_wconf 87' lang='lat' dir='ltr'><strong>hyems</strong></span> <span class='ocrx_word' id='word_1_225' title='bbox 1111 3963 1365 4029; x_wconf 88' lang='lat' dir='ltr'><strong>secuta,</strong></span> <span class='ocrx_word' id='word_1_226' title='bbox 1410 3973 1588 4039; x_wconf 81' lang='lat' dir='ltr'><strong>quse</strong></span> <span class='ocrx_word' id='word_1_227' title='bbox 1633 3948 1823 4017; x_wconf 87' lang='lat' dir='ltr'><strong>nulla</strong></span> <span class='ocrx_word' id='word_1_228' title='bbox 1869 3962 2252 4030; x_wconf 78' lang='lat' dir='ltr'><strong>ventorum,</strong></span> <span class='ocrx_word' id='word_1_229' title='bbox 2285 3953 2495 4029; x_wconf 78' lang='lat' dir='ltr'><strong>nivis,</strong></span> <span class='ocrx_word' id='word_1_230' title='bbox 2531 3963 2657 4020; x_wconf 81' lang='lat' dir='ltr'><strong>aut</strong></span> <span class='ocrx_word' id='word_1_231' title='bbox 2685 3949 2827 4041; x_wconf 87' lang='lat' dir='ltr'><strong>plu-</strong></span> 
     </span>
     <span class='ocr_line' id='line_1_32' title="bbox 619 4069 2823 4163; baseline -0 -28"><span class='ocrx_word' id='word_1_232' title='bbox 619 4072 877 4136; x_wconf 76' lang='lat' dir='ltr'><strong>viarum</strong></span> <span class='ocrx_word' id='word_1_233' title='bbox 928 4071 1065 4136; x_wconf 80' lang='lat' dir='ltr'><strong>vim</strong></span> <span class='ocrx_word' id='word_1_234' title='bbox 1113 4069 1340 4150; x_wconf 87' lang='lat' dir='ltr'><strong>sensit,</strong></span> <span class='ocrx_word' id='word_1_235' title='bbox 1385 4090 1699 4160; x_wconf 82' lang='lat' dir='ltr'><strong>magnam</strong></span> <span class='ocrx_word' id='word_1_236' title='bbox 1746 4069 1992 4159; x_wconf 83' lang='lat' dir='ltr'><strong>rapinis</strong></span> <span class='ocrx_word' id='word_1_237' title='bbox 2036 4071 2451 4138; x_wconf 86' lang='lat' dir='ltr'><strong>occasionem</strong></span> <span class='ocrx_word' id='word_1_238' title='bbox 2500 4070 2823 4163; x_wconf 85' lang='lat' dir='ltr'><strong>praebuit.</strong></span> 
     </span>
    </p>
   </div>
   <div class='ocr_carea' id='block_1_5' title="bbox 2903 409 2906 676">
    <p class='ocr_par' dir='ltr' id='par_1_6' title="bbox 2903 409 2906 676">
     <span class='ocr_line' id='line_1_33' title="bbox 2903 409 2906 676; baseline 0 4341"><span class='ocrx_word' id='word_1_239' title='bbox 2903 409 2906 676; x_wconf 95' lang='lat' dir='ltr'><strong> </strong></span> 
     </span>
    </p>
   </div>
  </div>
 </body>
</html>
