2950 5017
1000 388 1221 459 'maen
1267 413 1565 460 ocuvus
2260 399 2387 486 577

80 531 500 600 Hssncums
553 554 1176 604 PARTALABOleJs
1218 555 1624 603 Paaecnsms
1667 556 2064 602 nuncium
2110 556 2387 620 ramuo-

82 674 312 719 nmus
368 673 786 720 uxamam.
836 652 945 720 Ad
990 655 1306 722 dextrum
1359 654 1542 722 latus
1588 652 1916 741 Alphcnsi
1987 656 2095 720 avi
2164 658 2386 745 imago

82 771 267 836 cu‘m
355 769 516 837 hoc
596 772 888 838 carmine
944 772 1387 839 cernebatur:
1434 772 1650 838 Anni.
1698 770 1732 837 1
1780 792 2101 838 anvznsis
2148 793 2389 838 RERUM

86 908 656 953 imunnsamms
700 907 953 954 imnis:
980 889 1086 954 Ad
1130 891 1474 956 sinistrum
1523 886 1839 955 Hercules
1882 911 2170 978 proavus
2222 910 2382 955 cum

88 1001 238 1071 alio
317 1005 674 1094 sequenti
739 1004 1212 1094 spectabatur:
1263 1007 1630 1071 Hnnoums
1675 1005 1707 1070 Ι
1754 1024 2052 1071 Pam-mm
2108 1026 2408 1070 Pm‘ra‘rss.

89 1127 240 1186 vn,
290 1140 550 1187 Annus
598 1142 956 1188 nonnanis.
1019 1120 1096 1188 In
1170 1120 1501 1211 cujusque
1572 1143 1759 1187 arcus
1826 1122 2095 1188 summo
2164 1119 2390 1187 dulces

92 1236 656 1327 phonascorum
691 1260 883 1324 voces
915 1239 1289 1328 musicique
1329 1250 1695 1306 concentus
1729 1239 2066 1305 venientes
2115 1234 2391 1303 mirifice

90 1354 625 1423 oblectabant.
673 1356 763 1423 In·
798 1358 940 1445 ipso
985 1353 1110 1423 fori
1158 1357 1349 1451 aditu
1394 1356 1607 1422 alium
1654 1378 1886 1421 arcum
1931 1354 2254 1423 sublimes
2301 1378 2391 1421 ex

98 1471 322 1539 viridi
374 1471 713 1562 junipero
759 1484 1120 1541 contextae
1160 1474 1493 1561 variisque
1540 1473 1946 1539 ornamentis
1992 1471 2391 1561 spectandae

97 1585 513 1657 columnae
564 1587 959 1656 fulciebant.
1011 1589 1090 1655 In
1135 1588 1331 1674 cujus
1376 1611 1643 1656 summo
1689 1588 2037 1655 Atestinae
2082 1585 2386 1655 familiae

102 1706 422 1794 insignia
472 1704 621 1772 duo
666 1704 884 1794 angeli
932 1709 1146 1771 aureis
1194 1705 1496 1772 vestibus
1541 1697 1883 1794 conspicui
1930 1685 2384 1772 sustinebant.

112 1820 276 1889 Sub
347 1822 507 1889 inis
581 1826 751 1890 inter
794 1806 1201 1913 reipublicae
1246 1821 1584 1911 Regiensis
1630 1824 1913 1911 insignia
1935 1869 1962 1903 5
2000 1844 2177 1913 q-uae
2219 1820 2382 1888 hinc

110 1938 283 2005 inde
342 1938 594 2006 locata
662 1936 964 2019 fuerant,
1014 1941 1408 2030 inscriptum
1457 1951 1650 2006 erat:
1698 1938 1840 2006 Nn.
1887 1951 2389 2009 nzsrnaaunu'm

115 2056 527 2124 Anruonso
571 2078 750 2123 Duce
800 2079 888 2123 m
930 2078 1235 2124 AUSPIGE.
1282 2057 1389 2124 Ad
1433 2056 1742 2123 dextram
1789 2080 2070 2147 sequens
2115 2080 2386 2124 carmen

120 2171 545 2263 legebatur-t
578 2176 786 2241 Ansis
818 2195 859 2240 ο
889 2196 1174 2240 numm
1214 2196 1298 2241 m·
1330 2195 1604 2241 Paomus
1635 2196 1767 2241 ‘rua
1798 2195 2080 2241 mumma
2107 2195 2380 2244 nauus.

125 2290 242 2358 Ad
316 2295 676 2359 sinistram
744 2291 979 2360 aliud:
1027 2292 1413 2359 Pansam-1⁸1
1458 2316 1597 2358 ‘ner
1650 2314 1968 2359 mucuns
2025 2314 2384 2360 manemus

125 2429 498 2477 nononis.
545 2408 724 2476 Cum
773 2431 851 2477 ec
897 2408 1284 2498 Alphcnsus
1331 2412 1739 2499 pervenisset
1782 2408 2066 2499 displosa
2132 2410 2388 2495 majora

131 2534 527 2606 tormenta,
574 2524 873 2615 undique
918 2524 1142 2607 nolae,
1186 2541 1253 2592 et
1303 2539 1629 2614 tympana
1676 2547 2012 2604 resonare,
2060 2525 2379 2614 tubisque

132 2664 298 2709 cum
346 2642 741 2712 cornicibus
789 2654 998 2733 atque
1045 2642 1191 2710 aliis
1237 2645 1509 2709 musicis
1556 2645 2013 2708 instrumentis
2056 2640 2217 2708 urbs
2259 2643 2387 2707 cir-

135 2761 700 2850 cumstrepebat,
759 2773 966 2850 atque
1032 2760 1233 2826 hilari
1301 2759 1566 2826 laetitia
1632 2773 1879 2826 cuncta
1947 2757 2234 2849 impleri.
2301 2757 2384 2828 In

139 2879 374 2948 medio
446 2876 598 2948 foro
654 2878 750 2947 Μ.
798 2877 1053 2946 AEmilii
1100 2878 1337 2968 Lepidi
1382 2878 1572 2967 Regii
1634 2880 2094 2945 instauratoris
2137 2875 2383 2966 effigies

138 2997 376 3064 stabat
425 3022 474 3065 a
516 2998 831 3086 Prospero
878 2974 1230 3064 Clemente
1276 2995 1667 3063 admiranda
1712 2993 1895 3062 fama
1940 2994 2379 3084 longitudinis

141 3112 383 3182 decem
464 3126 534 3182 et
602 3126 757 3183 octo
824 3114 1140 3181 ulnarum
1189 3110 1452 3192 efficta3
1499 3117 1569 3180 in
1615 3113 1814 3199 cujus
1856 3112 2004 3179 basi
2048 3115 2376 3202 scriptum
2483 3157 2488 3164 ,

145 3243 339 3300 erat:
390 3232 499 3301 M.
545 3230 868 3299 AEmmus
914 3233 1217 3301 Lamnus
1270 3254 1478 3302 ausus
1525 3253 1723 3298 umus
1792 3249 2259 3297 menuaxroa
2304 3252 2384 3296 m

147 3366 447 3417 maxima
492 3369 810 3415 mmmm
856 3370 1296 3415 anvnmmwe
1327 3349 1690 3416 Amnouso
1721 3348 1788 3414 ΙΙ
1826 3348 2030 3415 Duor.
2069 3345 2134 3415 V
2173 3368 2384 3419 mnus

154 3483 355 3531 uasis
403 3486 935 3533 comesu-roae-
981 3485 1022 3531 A
1080 3461 1153 3531 S.
1201 3448 1276 3531 P.
1337 3465 1423 3548 Q.
1470 3464 1664 3531 Rue.
1725 3487 2042 3532 asserus.
2100 3463 2236 3533 Ubi
2295 3461 2383 3530 'ad

155 3578 430 3667 maioris
463 3582 699 3672 templi
730 3580 901 3650 fores
931 3581 1316 3672 Alphonsus
1347 3581 1717 3661 descendit,
1741 3604 2019 3671 „equum
2065 3579 2381 3665 juvenes,

153 3698 274 3784 qui
332 3722 497 3766 eum
549 3701 965 3789 stipaverant¹
1028 3722 1147 3789 pro
1215 3723 1401 3768 more
1466 3698 1922 3766 abduxerunt.
1971 3696 2163 3763 Intus
2210 3707 2381 3761 tem-

158 3811 349 3900 plum
400 3829 623 3887 totum
669 3817 952 3908 depictis
998 3818 1249 3885 aulaeis
1314 3829 1715 3886 exornatum
1784 3838 1985 3905 supra
2053 3813 2378 3901 majorem

159 3950 343 4001 aram
392 3934 561 4002 haec
603 3935 904 4003 carmina
949 3934 1417 4001 habebantur:

434 4052 629 4122 Alter
676 4053 861 4122 adest
906 4054 1097 4121 nobis
1142 4055 1482 4144 specimen
1527 4053 1795 4117 virtutis
1844 4051 2065 4116 avitae

527 4174 664 4257 Qui
709 4170 876 4240 feret
923 4170 1306 4263 Alphonsus
1354 4193 1555 4240 aurea
1601 4168 1821 4238 saecla
1845 4169 2022 4242 suin.

2133 4281 2196 4351 ³7
