2950 5017
946 438 1145 487 men
1188 438 1486 495 omarus
2173 422 2312 509 ²5⁷⁴

53 553 468 648 fugerunt.
508 557 656 643 sed,
678 581 836 627 cum
863 560 1233 629 Arnaldum
1261 564 1330 629 in
1358 558 1909 629 defuncti-locum
1937 558 2303 629 suffectum

51 698 210 743 esse
288 675 844 758 intellexissent,
895 681 1084 747 novis
1125 701 1166 744 a
1210 678 1598 746 Castruccio
1641 677 1863 744 Lucae
1906 689 2188 767 tyranno
2231 691 2317 744 eu

49 788 268 858 Onne
325 791 685 882 Scaligero
747 795 950 882 copiis
1016 795 1325 882 acceptis,
1373 816 1533 860 cum
1576 791 1869 860 Marsilio
1932 792 2172 861 Roscio
2229 806 2303 859 et

45 908 292 977 Actio
329 909 649 999 corrigio
676 908 992 976 Gibertus
1022 909 1400 988 Folleanus,
1445 921 1518 973 et
1558 908 1881 977 Nicolaus
1915 907 2302 977 Manfredus

45 1035 354 1112 quarto
415 1048 622 1094 nonas
673 1027 938 1113 augusti
1004 1048 1119 1114 per
1183 1036 1442 1113 portam
1487 1023 1767 1091 castelli
1810 1026 1878 1090 iu
1924 1025 2159 1091 urbem
2203 1048 2302 1091 re·-

46 1141 308 1220 veni,
361 1162 622 1208 novum
664 1162 931 1228 quoque
995 1161 1118 1227 pro
1173 1137 1470 1204 Ecclesia
1519 1150 1839 1205 rectorem
1879 1139 2299 1218 occiderunt-,3

49 1251 666 1345 Rniualdumque
710 1250 1001 1322 Vaccam
1044 1265 1114 1319 et
1156 1253 1517 1333 Robertos,
1552 1256 1673 1341 qui
1702 1250 2044 1320 Pontificis
2088 1265 2305 1342 partes

55 1372 605 1461 sequebantur,
650 1370 922 1438 aedibus
973 1370 1277 1449 obsessis,
1320 1391 1480 1436 cum
1523 1366 1861 1438 Roscelliis
1931 1366 2309 1440 fautoribus
2434 1454 2445 1466 Β

65 1486 352 1556 Aretio
405 1486 691 1555 oriundis
756 1485 924 1552 urbe
988 1488 1167 1551 exire
1231 1482 1733 1573 compulerunt..
1778 1482 2136 1551 Caeterum
2180 1509 2317 1553 arx

67 1601 347 1671 valido
396 1601 719 1692 praesidio
781 1602 1041 1668 munita
1092 1597 1426 1668 Pontifieis
1490 1603 1758 1667 nomine
1804 1610 2080 1667 retenta
2145 1597 2305 1669 fuit.

71 1716 276 1784 Inde
349 1730 527 1783 meta
590 1716 899 1783 Castrum
946 1716 1339 1783 Arianorum
1405 1711 1687 1803 profecti
1754 1736 1797 1780 a
1860 1714 2323 1843 praesidiariis.

77 1831 452 1900 militibus
494 1832 737 1922 repulsi
784 1829 995 1899 fuere.

247 1949 442 2016 Dum
485 1947 651 2016 haec
693 1947 881 2037 Regii
927 1957 1236 2038 aguntur,
1266 1947 1695 2028 mutinenses,
1726 1947 2106 2039 quindecim
2147 1947 2301 2016 mil-
2306 2002 2317 2011 .

83 2061 295 2131 libus
341 2086 693 2131 aureorum
736 2061 1131 2132 florenorum
1172 2066 1492 2152 corrupti,
1537 2089 1577 2130 a
1621 2063 1956 2132 Passerino
2003 2062 2091 2130 ad
2128 2064 2313 2132 Pon-.

87 2177 368 2246 tificem
411 2176 816 2246 defecerunt.
861 2177 985 2244 Ille
1028 2201 1160 2246 uon
1213 2177 1430 2247 multo
1495 2187 1644 2267 post
1707 2178 1797 2246 ob
1862 2180 2313 2267 impotentem

93 2293 475 2362 libidinem
538 2293 853 2362 Mantuae
900 2317 940 2360 a
982 2294 1203 2362 Loisio
1256 2292 1596 2384 Gonzaga.
1639 2306 1741 2361 est
1804 2294 2192 2361 trucidatus.
2237 2295 2313 2361 Is:

94 2409 386 2478 Giberti
431 2408 705 2478 corradi
738 2410 1072 2499 Regiensis
1116 2433 1202 2478 ex
1245 2409 1559 2499 Gouzaga
1602 2404 1885 2500 oppido,
1915 2422 1997 2476 ut
2040 2412 2109 2476 in
2155 2413 2306 2500 qui·

95 2525 404 2594 busdam
451 2524 802 2593 annalibus
845 2527 1245 2608 continetur,
1281 2524 1540 2593 oriundi
1570 2522 1747 2591 filius
1776 2547 1912 2591 esse
1940 2522 2311 2606 ferebatur,

98 2655 182 2710 et
225 2666 272 2710 a
315 2641 468 2711 loco
512 2641 687 2710 unde
732 2644 1050 2731 originem
1109 2641 1454 2722 trahebat,
1510 2650 1942 2730 cognomento
1985 2639 2302 2728 Gonzaga

101 2759 515 2838 vocabatur,
558 2758 738 2848 quod
782 2782 1023 2827 nomen
1093 2757 1180 2825 ad
1247 2769 1538 2848 posteros
1604 2757 1944 2847 proprium
2009 2751 2305 2822 familiae

105 2877 504 2942 transmisit.
552 2874 884 2964 Sanguine
927 2898 1082 2944 vero
1150 2886 1219 2941 et
1285 2872 1526 2963 opibus
1570 2871 1810 2950 clarus,
1875 2893 2031 2938 eum
2097 2872 2301 2938 etiam

104 2991 534 3059 Passerinum
611 2995 1104 3082 propinquitate
1171 2992 1609 3080 contingeret,
1674 2989 1878 3077 Regio
1948 2987 2311 3055 Mantuam·

105 3112 463 3179 concessit.
511 3108 647 3175 Alii
691 3132 780 3176 ex
824 3109 1230 3177 nobilissima
1271 3119 1468 3196 gente
1510 3105 1907 3174 Germaniae
1975 3127 2131 3172 eum
2188 3102 2303 3170 de-

105 3224 427 3293 scendere
473 3223 769 3293 trahunt.
814 3224 923 3291 Ex
954 3225 1167 3293 tribus
1199 3223 1522 3291 uxoribus
1551 3234 1791 3291 novem
1820 3219 1990 3289 filios
2017 3219 2291 3287 habuit:

106 3364 202 3408 ex
244 3342 467 3430 prima
509 3339 908 3422 Gnidonem,
952 3345 1069 3431 qui
1116 3352 1345 3430 postea
1386 3339 1740 3407 Mantuam
1783 3338 2101 3419 obtinuit,
2144 3335 2301 3403 Fel-

107 3460 411 3537 tduuru,
451 3457 803 3540 Joannem,
849 3469 918 3524 et
961 3458 1256 3525 Azonem
1299 3479 1511 3555 mares
1553 3456 1872 3544 suscepit3
1918 3464 1987 3521 et
2049 3476 2137 3520 ex
2200 3475 2311 3521 se-.

109 3572 342 3641 cunda
386 3573 742 3655 Iacobum,
786 3584 855 3640 et
899 3571 1300 3655 Albertum3
1343 3595 1431 3639 ex
1476 3574 1676 3640 tertia
1719 3570 2183 3648 Corradinum,
2228 3579 2299 3637 et

112 3689 615 3781 Philippinum,
657 3714 861 3782 quem
906 3689 1114 3780 aliqui
1156 3690 1501 3760 Corradini
1544 3689 1764 3757 filium
1833 3685 2033 3755 fuisse
2103 3697 2305 3752 autu-

115 3819 336 3876 mant.
402 3807 536 3877 sed
598 3831 754 3877 cum
820 3809 1206 3876 Franciscus
1273 3808 1594 3876 Passer-ini
1657 3804 1835 3874 filius
1900 3826 2056 3871 cum
2123 3823 2307 3870 nuru

117 3924 483 4017 Philippini
526 3924 649 3994 filii
692 3950 900 3995 uxore
943 3926 1369 3996 concubuisse
1410 3925 1764 4005 diceretur,
1806 3944 2075 4013 gravem
2123 3920 2300 4005 inju-

123 4042 292 4109 riam
345 4042 571 4111 ulcisci
637 4046 897 4112 statuit.
962 4042 1043 4110 Iu
1109 4045 1338 4134 primis
1402 4066 1471 4109 re
1538 4065 1695 4111 cum
1739 4039 1925 4107 Cane
1966 4037 2302 4127 scaligero

125 4156 298 4229 clam
338 4162 831 4232 communicata
843 4210 865 4245 ,
910 4159 996 4228 de
1039 4182 1308 4231 oneroso
1358 4158 1745 4250 impotentis
1807 4156 2071 4245 tyranni
2133 4153 2293 4241 jugo

2019 4283 2079 4342 ¹7
