2950 5017
645 426 788 514 454
1065 435 1076 444 ·
1398 439 1647 486 aunum
1684 438 2108 488 neumarum

647 585 794 634 sus:
844 572 940 643 te,
979 557 1304 651 proditor-,¹
1349 557 1712 641 exclamat,
1744 582 1909 628 mox
1935 558 2186 651 laqueo
2227 560 2547 650 suspendi
2590 561 2870 654 ᾗ-ιὼὼο.
2922 547 2923 550 “

649 685 832 751 Haec
875 676 1058 752 fatus
1102 675 1437 746 auxilium
1484 676 1827 767 implorat,
1872 697 1954 744 ac
1997 700 2114 767 per
2158 677 2497 769 templum
2536 678 2867 771 fugiendo

649 800 736 870 ad
782 796 991 868 altare
1037 794 1258 883 majus
1311 817 1381 861 se
1433 796 1740 886 proripit.
1787 792 2104 885 Disploso
2160 797 2433 868 interim
2477 809 2568 864 ut
2640 820 2869 868 conve-

645 929 838 986 nerat
903 937 1109 982 aeueo
1177 922 1545 993 tormento,
1588 934 1682 982 ex
1727 910 2090 981 Bebiorum
2141 911 2423 984 aedibus
2457 917 2726 993 armati
2764 916 2865 983 ad-

647 1031 906 1104 volant.
952 1030 1189 1100 Petrus
1255 1040 1326 1098 et
1389 1030 1693 1108 Ioannem
1722 1027 2059 1097 Antonius
2117 1028 2496 1102 satellitum
2550 1029 2865 1121 praefanti

648 1151 827 1239 turpi
872 1148 1139 1237 ignavia
1193 1145 1564 1235 praesidem
1610 1144 1973 1213 deserunt:
2020 1146 2077 1212 is
2119 1143 2279 1231 jam‘
2309 1146 2397 1214 ad
2434 1160 2865 1238 suggestum,

644 1266 770 1334 nbi
813 1262 1009 1332 Pauli
1072 1259 1394 1352 epistolae
1458 1264 1832 1334 recitantur
1896 1259 2111 1330 scales
2173 1266 2613 1351 superaverat
2628 1314 2651 1345 ,
2722 1287 2859 1336 cum

643 1381 842 1454 talari
871 1390 1055 1448 veste
1083 1376 1463 1468 'implicitus
1508 1376 1832 1467 procidit:
1877 1377 1978 1444 ihi
2023 1400 2064 1444 a
2107 1375 2325 1452 Paulo
2368 1381 2593 1469 primo
2644 1381 2723 1448 in
2762 1404 2865 1471 po!

642 1499 810 1591 plize
853 1494 1242 1567 vulneratus
1261 1546 1280 1574 ,
1346 1506 1581 1584 postes
1650 1516 1692 1560 a
1759 1496 1996 1562 ceteris
2014 1544 2036 1574 ,
2082 1497 2216 1584 qui
2269 1519 2559 1565 numero
2610 1500 2868 1588 viginti-

641 1620 947 1709 quinque
988 1615 1243 1703 ingenti
1291 1610 1602 1680 tumultu
1644 1613 1720 1682 in
1770 1610 2104 1702 templum
2153 1595 2723 1703 supervenerant,
2765 1639 2869 1685 ve-

641 1736 855 1804 rubus
896 1743 968 1799 ct
1011 1732 1220 1821 speria
1265 1727 1665 1798 transfossus
1715 1728 2084 1796 crudeliter
2128 1729 2537 1800 trucidetur.
2581 1732 2866 1808 Iacobus

643 1851 792 1938 ejus
836 1873 878 1917 a
922 1847 1207 1942 pedibus
1249 1869 1505 1928 cursor,
1544 1857 1616 1914 et
1658 1845 2137 1928 Paschalinus,
2181 1848 2294 1915 cui
2339 1825 2600 1937 argenti
2649 1874 2869 1918 mensa

640 1966 893 2036 credita
942 1959 1197 2044 fuerat,
1238 1974 1308 2032 et
1352 1962 1659 2032 Fasiolus
1701 1976 2055 2053 quaestor,
2100 1961 2275 2030 'duni
2333 1967 2584 2036 strictis
2610 1965 2867 2056 -gladiis

640 2091 1001 2175 patronum
1048 2083 1222 2150 tueri
1264 2093 1622 2162 conantur,
1668 2103 1826 2148 cum
1874 2105 1955 2149 eo
1998 2078 2339 2152 interfecti
2383 2080 2602 2151 fu'ere.
2654 2084 2867 2152 Gomr.

638 2201 781 2270 dini
823 2189 1110 2266 cadaver
1143 2196 1443 2266 vestibus
1487 2197 1805 2267 omnibus
1833 2197 2280 2279 denudatum,
2312 2211 2381 2268 et
2410 2197 2644 2267 fasciis
2690 2224 2867 2291 prae-

637 2319 812 2397 cisis,
855 2315 1112 2407 quibui
1155 2326 1418 2404 propter
1459 2313 1768 2381 herniam
1813 2313 2207 2404 subligatus.
2243 2328 2389 2382 erat
2423 2317 2719 2385 'insolito
2762 2316 2863 2384 fu-

637 2457 781 2503 rore
825 2431 1189 2523 parricidae
1235 2429 1451 2500 virilia
1492 2433 1881 2520 immaniter
1925 2432 2380 2514 absciderunt,
2410 2455 2597 2524 quae
2630 2434 2865 2503 hastae

631 2551 778 2622 alte
817 2547 1115 2640 praefixa
1160 2545 1358 2617 foedo
1393 2548 1643 2638 *populi
1690 2548 2097 2638 spectaculo-
2125 2572 2343 2641 usque
2385 2550 2473 2617 ad
2504 2550 2872 2621 Bebiorum

637 2667 869 2748 aedes,
917 2664 1103 2756 quod
1165 2665 1558 2734 mulierosus
1612 2665 1975 2734 haberetur
1993 2717 2015 2748 ,
2080 2669 2154 2734 in
2222 2670 2421 2736 occisi
2491 2666 2870 2737 ludibrium

632 2784 864 2852 delata
900 2780 1109 2851 fuere.
1155 2781 1448 2850 Dehinc·
1492 2785 1565 2850 in
1634 2769 1833 2862 alios,
1880 2785 2001 2874 qui
2046 2783 2342 2852 latebrae
2384 2798 2797 2875 quaerentes
2836 2810 2871 2853 e

634 2897 892 2989 templo
930 2897 1186 2988 trepide
1231 2896 1688 2986 profugerant,
1718 2898 2085 2965 insatiabili
2117 2899 2307 2966 rabie·
2333 2902 2683 2967 saevitum
2717 2899 2866 2969 fuit.

635 3015 920 3086 Carolus
977 3014 1290 3084 Ruhinus
1349 3013 1564 3082 Norio
1624 3012 2010 3082 Flaminiae
2075 3014 2356 3104 oppido,
2427 3016 2620 3105 quod
2692 3041 2867 3086 nunc

630 3133 1116 3202 Bretanoriurn'
1144 3143 1416 3210 vocant,
1465 3142 1632 3200 tunc
1675 3129 2181 3199 Pontificiorum
2238 3132 2520 3201 exactor
2577 3135 2862 3204 tributo-

632 3273 821 3330 rum,
865 3261 937 3316 et
979 3247 1350 3338 Delipheue
1396 3246 1708 3334 Scajolus
1753 3246 2116 3337 Chry-santi
2170 3247 2355 3317 filius
2413 3266 2857 3339 cognomento

629 3365 977 3431 Picininus
1020 3364 1162 3449 jam
1207 3383 1410 3430 senex
1452 3366 1524 3430 in
1573 3361 1713 3430 fani
1758 3367 2025 3432 sacrarii
2075 3364 2440 3447 tabulario,
2480 3364 2863 3440 furentium

631 3503 872 3550 manus
933 3478 1301 3571 fugientes,
1343 3492 1415 3547 s‘e
1459 3480 1904 3563 abdiderant3
1951 3482 2106 3549 inde
2149 3485 2473 3564 extracti.
2530 3482 2658 3550 illc
2714 3499 2862 3553 ante

637 3624 823 3668 aram
872 3599 1197 3690 Virginis,
1243 3599 1363 3667 ubi
1405 3600 1708 3690 primum
1752 3599 2004 3670 vulnus
2049 3600 2434 3672 Gozadinus
2480 3614 2863 3692 acceperat,

629 3742 672 3784 a
724 3718 763 3794 J
768 3742 982 3786 oanne
1037 3718 1287 3794 Jacobo
1345 3715 1755 3786 Florentiola
1824 3740 1993 3786 veru
2060 3714 2406 3787 confossus
2474 3718 2729 3808 gladiis
2798 3723 2863 3788 in

629 3832 844 3901 frusta
913 3835 1331 3903 conciditur:
1397 3834 1514 3901 hic
1579 3838 1648 3902 in
1719 3832 1941 3903 forum
2012 3835 2410 3926 perductus,
2466 3837 2560 3903 ab
2613 3848 2864 3926 agnato

630 3951 968 4038 Scajolino
1014 3953 1300 4022 Albcrti·
1324 3951 1574 4040 Scajoli
1636 3952 1779 4024 filio
1844 3954 1991 4040 jam
2062 3968 2300 4023 exacta
2365 3966 2590 4024 aetate
2660 3978 2856 4024 senex
2920 4019 2924 4036 ,

632 4074 876 4139 misere
916 4070 1289 4161 jugulatur.
