2950 5017
983 449 1186 496 maan
1230 449 1483 526 sis-,xmus
2191 434 2328 521 413
2403 497 2409 514 ,

37 567 443 640 daturum
487 568 845 662 praedixit.
890 550 1031 640 Ubi
1077 572 1161 640 ad
1205 570 1428 642 forum
1471 573 1809 663 pervenit,
1843 572 2075 664 bobii,
2119 573 2325 645 host'i‘s
2391 635 2402 651 .

45 685 418 757 adventu
462 711 580 779 per
623 686 1073 778 exploratores
1102 692 1396 779 cognito,
1428 688 1685 758 infestis
1733 693 1930 760 armis
1974 690 2328 761 confestim

41 804 577 894 egrediuntur,
623 827 700 872 ac
744 808 1058 873 miserum
1102 830 1326 875 senem
1372 830 1531 874 cum
1577 808 1843 877 duobus
1885 812 2077 878 sociis
2122 811 2330 878 inter-

47 933 398 1012 ceptum
443 921 873 990 obtruncant.

247 1036 408 1106 Sub
450 1038 630 1106 idem
674 1036 810 1107 fere
856 1050 1123 1129 tempus
1166 1037 1522 1109 Africanus
1566 1039 1935 1109 Galcaneus
1978 1041 2329 1133 Garpineti

55 1151 462 1222 Dominici
507 1154 784 1224 Morotti
829 1178 1033 1245 opera
1083 1166 1185 1224 est
1240 1156 1636 1225 trucidatus.
1683 1157 1749 1224 Is
1792 1161 2097 1242 omnium
2145 1182 2335 1228 mon-

59 1278 433 1337 tanorum
480 1269 970 1352 celeberrimus,
1004 1282 1072 1338 et
1102 1270 1459 1361 gibellinae
1491 1269 1805 1341 factionis
1836 1276 2135 1364 princeps
2181 1273 2335 1364 plu-

63 1387 326 1456 rimos
372 1386 630 1456 nobiles
675 1391 847 1458 viros
907 1413 1043 1458 non
1099 1412 1289 1457 secus
1357 1413 1437 1458 ac
1501 1389 1904 1460 clarissimus
1962 1389 2147 1459 bello
2190 1389 2335 1459 dux

72 1505 413 1585 evertit3
457 1507 609 1595 qui,
654 1505 995 1596 carpineti
1057 1504 1299 1573 humili
1360 1518 1552 1597 patre
1611 1508 2093 1596 cauponariam
2146 1529 2338 1574 exer-

71 1632 315 1688 cente
383 1624 800 1713 progenitus,
866 1625 1084 1713 prima
1156 1634 1375 1690 aetate
1437 1626 1512 1691 in
1579 1622 1922 1713 pascendis
1990 1623 2336 1715 pecoribus

84 1738 406 1831 aliisque
451 1740 818 1831 agrestibus
865 1742 1080 1830 operis
1125 1762 1193 1807 se
1237 1753 1647 1809 exercuerat.
1690 1739 2130 1808 Pubertatem
2175 1761 2336 1811 vero

87 1880 418 1947 egressus
470 1859 762 1948 primum
807 1860 878 1925 in
926 1857 1162 1926 mediis
1214 1858 1532 1925 nundinis
1582 1859 1934 1926 inimicum
1989 1858 2338 1928 hominem

89 1987 365 2043 nactus
441 1998 633 2066 sparo
699 1975 1103 2056 trucidavit3
1145 1975 1265 2042 *ab
1332 1974 1595 2066 hocque
1671 1975 2014 2065 parricidio
2081 1972 2338 2042 famam

95 2091 388 2160 trahere
430 2095 751 2185 incipiens
798 2107 1027 2184 postea
1072 2094 1596 2162 seditiosissimos
1647 2116 1950 2184 quosque
2020 2104 2089 2159 et
2156 2091 2340 2182 flagi-

97 2211 511 2279 tiosissimos
578 2213 752 2278 viros
817 2211 945 2277 sibi
1014 2209 1421 2296 conjunxit3
1464 2211 1563 2276 ita
1624 2207 1958 2299 paulatim
2014 2206 2337 2276 effectum

101 2338 258 2409 est,
306 2341 389 2394 ut
453 2336 587 2396 non
658 2328 857 2397 modo
924 2352 1008 2395 ex
1074 2326 1378 2396 finitimis
1422 2327 1800 2408 montibus,
1836 2327 1957 2393 'sed
2001 2329 2204 2394 etiam
2251 2349 2341 2396 ex

105 2447 440 2513 universa
484 2447 833 2527 Hetruria,
867 2445 1228 2536 Galliaque
1257 2444 1596 2536 Cisalpina
1641 2458 1707 2509 et
1752 2446 1981 2511 ceteris
2025 2446 2342 2533 proximis

123 2564 521 2653 regionibus
567 2560 1098 2631 facinorosissimi
1151 2567 1405 2654 quique
1459 2562 1589 2629 vel‘
1624 2561 1886 2641 exules,
1929 2562 2039 2652 vel
2085 2564 2343 2649 gravio·

109 2680 316 2747 ribus
378 2680 743 2748 inimicitiis
805 2678 1067 2770 fatigati
1139 2679 1224 2747 ad
1293 2702 1452 2745 eum
1514 2690 1838 2767 tanquam
1918 2675 2003 2742 ad
2072 2675 2339 2765 asylum

115 2792 590 2886 confugerent.
622 2796 845 2880 Quare
883 2796 1076 2864 brevi
1120 2793 1393 2872 clariore
1439 2792 1620 2858 illius
1661 2793 1934 2859 nomine
1977 2787 2160 2859 facto
2204 2789 2344 2881 ple-
2426 2807 2436 2817 ·

121 2915 322 3002 rique
371 2910 789 2992 nobilissimi,
836 2922 906 2978 et
952 2912 1286 3001 principes
1328 2909 1533 2974 etiam
1577 2908 1702 2974 viri
1747 2905 1829 2973 ad
1875 2905 2198 2996 patranda
2242 2903 2343 2973 fa·

119 3030 357 3097 cinora
406 3027 553 3115 ejus
598 3025 859 3095 auxilio
903 3029 1006 3094 usi
1051 3023 1351 3093 fuerunt.
1399 3023 1693 3091 Tantam
1741 3025 1920 3091 enim
1978 3022 2107 3090 sibi
2159 3021 2340 3112 apud

123 3158 323 3215 notos
370 3147 652 3236 gratiam
698 3142 1192 3224 conciliaverat,
1222 3153 1302 3209 ut
1333 3141 1418 3209 ad
1449 3152 1698 3209 nutum
1726 3151 2081 3208 montanos
2111 3154 2343 3208 o'mnes

125 3277 202 3330 et
247 3262 541 3354 reliquos
581 3266 816 3344 socios,
861 3285 1019 3329 cum
1065 3282 1234 3354 opus
1280 3271 1480 3340 esset,
1525 3261 1594 3326 in
1643 3260 1843 3326 armis
1887 3256 2344 3327 formidandus

125 3382 436 3451 haberet.
480 3382 780 3449 Demum
846 3403 1004 3448 eum
1073 3381 1306 3471 paucis
1372 3381 1658 3468 stipatus
1709 3376 1993 3462 majores
2046 3375 2343 3445 hostium

126 3503 362 3591 copias
406 3496 707 3580 fudisset,
747 3521 894 3565 eam
939 3499 1067 3567 sibi
1111 3500 1179 3566 in
1229 3521 1303 3566 re
1344 3495 1592 3564 bellica
1636 3497 2108 3563 auctoritatem
2138 3518 2348 3584 quae-

129 3619 322 3699 sivit,
364 3628 443 3684 ut
487 3639 994 3708 quamcumque
1036 3614 1147 3684 vel
1191 3614 1471 3683 arduam
1521 3614 1931 3704 provinciam
1990 3608 2186 3677 facile
2237 3632 2347 3676 su-

133 3737 425 3825 scipere,
470 3758 548 3802 ac
600 3737 919 3803 sustinere
973 3757 1163 3825 posse
1215 3743 1588 3823 putaretur.
1633 3730 1947 3798 Ceterum
1995 3724 2348 3817 praeclaris

130 3851 539 3943 quibusdam
585 3852 951 3920 virtutibus
996 3850 1366 3942 praeditus,
1419 3852 1492 3917 in
1551 3848 1782 3939 primis
1839 3856 2103 3913 tantam
2160 3863 2347 3935 prae·

131 3966 465 4036 ecferebat
517 3968 1044 4049 humanitatem,
1088 3980 1170 4034 ut
1211 3989 1346 4035 non
1391 3967 1462 4031 in
1512 3966 1758 4054 asperis
1812 3962 2189 4042 montibus,
2232 3958 2349 4029 sed

134 4085 321 4153 culta
384 4088 763 4177 principum
818 4084 975 4153 aula
1022 4085 1346 4153 educatus
1387 4082 1763 4161 vider-etun
1808 4091 1879 4148 et
1914 4082 2043 4170 'qui
2086 4092 2346 4146 trucem

134 4206 455 4274 sicarium
501 4228 658 4273 eum
712 4203 1073 4295 praedicari
1134 4201 1514 4283 audierant,
1567 4202 1624 4269 si
1682 4198 1952 4292 quando
1996 4220 2156 4266 cum
2200 4197 2348 4287 ipso
