2950 5017
981 412 1184 459 arnna
1227 413 1474 462 saxa-us
2177 404 2314 493 429

57 534 275 602 nium
328 541 615 623 accepta
632 582 654 614 ,
708 554 868 601 cum
919 532 1450 625 splendidissimo
1495 536 1813 627 equitatu·
1848 535 2067 607 Roma
2084 538 2316 610 -disce-

61 649 269 732 dens,
321 649 503 718 Pisis
545 671 790 719 navem
835 652 1240 721 conscendit.
1284 653 1449 721 Inde
1495 652 1806 722 Genuam
1860 659 2181 746 navigans
2226 658 2317 724 ab

67 764 478 834 Octaviano
506 766 810 857 Fregosio
857 766 1041 834 urbis
1085 768 1305 849 Duce,
1348 771 1630 858 quicum
1675 793 1920 861 magna
1961 748 2105 839 erat
2150 776 2319 846 ami-

70 882 239 948 citia
289 881 733 968 conjunctus,
777 880 1141 954 honorifice
1185 887 1575 976 suscipitur:
1625 908 1787 953 mox
1823 888 1893 953 in
1928 885 2319 978 Allobroges

65 994 466 1086 profectus,
496 999 747 1087 nuptiis
777 996 1147 1081 celebratis,
1191 1001 1364 1067 sacri
1406 1011 1677 1067 senatus
1721 1021 2047 1072 consensu
2078 1026 2118 1069 a
2147 1003 2320 1072 Pon-

76 1110 263 1180 tifioe
327 1112 756 1195 Placentiae,
816 1113 1136 1195 Parmae,
1193 1115 1383 1207 Regii
1453 1129 1523 1183 et
1586 1116 1893 1184 Mutinae
1958 1131 2320 1208 perpetuus

75 1228 364 1298 Praeses
418 1243 518 1298 est
560 1230 962 1299 declaratus.
1020 1231 1402 1301 Gozadinus
1456 1256 1612 1302 vero
1678 1232 1889 1316 donec
1945 1233 2062 1302 ille
2120 1234 2318 1304 urbes

81 1360 410 1416 recturus
441 1343 721 1430 venire‘t,
750 1350 1116 1439 imperium
1137 1353 1419 1418 retinere
1449 1351 1695 1438 jussus.
1738 1350 2106 1419 Ferebatur
2132 1351 2319 1419 hunc
2372 1431 2381 1440 ἱ

84 1465 571 1553 magistratum
616 1464 655 1541 J
663 1463 885 1532 uliano
939 1488 1362 1548 concessum,
1412 1477 1488 1534 ut
1542 1466 1874 1557 paulatim
1929 1466 2318 1536 absolutum

88 1603 327 1648 earum
378 1573 743 1652 civitatum
787 1581 1210 1656 dominatum
1257 1582 1610 1652 obtineret.
1656 1584 1877 1668 Quare
1931 1586 2234 1675 persuasi
2277 1607 2320 1652 a

98 1695 452 1772 Gozadino
501 1696 742 1765 harum
800 1696 1073 1766 urbium
1144 1698 1376 1790 populi
1437 1702 1501 1767 ei
1563 1723 1723 1767 cum
1771 1723 1986 1769 uxore
2029 1700 2320 1769 Romam

93 1819 462 1883 revertenti
524 1816 609 1883 ad
668 1840 856 1884 oram
906 1816 1286 1907 ligusticam
1310 1867 1332 1899 ,
1389 1817 1511 1885 uhi
1564 1829 1685 1914 est·
1717 1816 2006 1909 Spedia,
2048 1817 2321 1888 obviam

95 1930 343 2028 legatos
391 1933 484 2001 de
524 1957 703 2003 nova
745 1931 1165 2025 praefectura
1221 1935 1674 2026 gratulaturos
1719 1939 2084 2005 mineruae·
2110 1935 2322 2004 Nico·
2422 1940 2431 1950 ‘

96 2046 240 2117 laus
282 2050 600 2132 Pactius,
642 2050 948 2142 Raphael
993 2053 1300 2122 Lanceus
1342 2052 1837 2140 jurisconsulti,
1882 2071 1952 2121 et
1995 2052 2321 2122 Nicolaus

98 2165 298 2234 Fossa
342 2192 387 2234 a
434 2168 871 2257 Regiensibus
938 2169 1024 2236 ad
1094 2167 1268 2236 hanc
1328 2172 1741 2260 provinciam
1786 2169 2018 2251 electi,
2059 2170 2320 2246 Lucam

102 2282 585 2353 Fontanellum
634 2289 927 2376 equitem
950 2336 971 2366 ,
1017 2286 1457 2355 vincentium
1505 2286 1876 2374 Scajolam,
1918 2286 2317 2355 Anselmum
2414 2373 2427 2382 x

107 2399 482 2485 Zobolum,
526 2402 888 2470 Nicolaum
932 2402 1376 2486 calcaneum,
1424 2417 1494 2471 et
1539 2404 2002 2472 Alexandrum
2047 2405 2320 2473 Fossam

107 2521 392 2608 privatos
443 2524 720 2592 comites
764 2520 1103 2603 habuere3
1148 2525 1269 2612 qui
1312 2546 1472 2590 cum
1511 2523 1630 2588 diu
1663 2522 1942 2612 Spediae
1970 2522 2321 2599 Julianum

107 2640 661 2726 expectavissent,
709 2637 979 2706 tandem
1026 2638 1116 2705 ab
1160 2663 1239 2707 eo
1282 2637 1599 2727 singulari
1655 2638 2085 2710 humanitate
2129 2660 2323 2704 exce-

109 2754 234 2841 pti,
273 2756 535 2845 ingenti
577 2754 835 2822 laetitia
878 2754 1161 2823 domum
1206 2754 1569 2838 redierunt.
1613 2753 1652 2830 J
1660 2752 1884 2821 uliano
1930 2764 2111 2820 recta
2158 2752 2318 2821 Flo-

111 2872 378 2940 rentiam
399 2922 426 2953 ,
494 2894 658 2940 mox
722 2870 1012 2939 Romam
1066 2869 1153 2937 ad
1207 2868 1606 2939 Pontificem
1662 2866 1991 2958 profecto,
2036 2869 2322 2937 Latinus

112 2981 485 3069 Romanus,
536 2990 658 3078 qui
712 2988 922 3077 ipsius
976 3009 1019 3054 a
1070 2988 1335 3056 secretis
1389 2999 1569 3067 erat,
1622 3009 1783 3053 cum
1829 2984 2168 3054 Cardinali
2210 2986 2322 3053 Bi-

114 3098 299 3171 biena
338 3118 600 3175 nostros
644 3104 898 3196 legatos
958 3103 1354 3174 subsecutus
1408 3103 1745 3174 codicillos
1790 3090 2174 3173 Pontificios
2220 3117 2322 3172 at-

115 3219 294 3304 tulit,
322 3225 577 3314 quibus
606 3222 916 3302 Julianus
960 3205 1258 3315 quatuor
1304 3222 1580 3291 urbium
1624 3236 1840 3292 rector
1882 3221 2138 3290 electus
2181 3246 2318 3292 esse

113 3336 618 3425 significabatur.
664 3340 872 3409 Curia
914 3343 1146 3431 itaque
1188 3353 1591 3421 convocata,
1634 3363 1716 3407 ea
1757 3338 2310 3430 quadragesimae

117 3450 520 3532 hebdomada
565 3482 740 3550 quae
783 3460 1018 3528 Lazari
1064 3470 1370 3541 vocatur,
1409 3462 1714 3527 omnium
1760 3481 2086 3528 consensu
2131 3482 2320 3527 acce-

121 3581 255 3659 pta,
295 3588 364 3643 et
406 3575 842 3667 comprobata
886 3586 987 3643 est
1015 3572 1475 3665 ¹praefectura.
2130 3647 2169 3684 Ο

248 3688 347 3761 Eo
391 3706 689 3786 tempore
721 3692 1225 3762 Maximilianus
1254 3693 1524 3776 Caesar,
1554 3695 1871 3785 pecunia,
1916 3708 2123 3781 quarn
2171 3715 2321 3781 pro-

125 3798 382 3877 fundere
425 3823 891 3894 consueverat,
938 3810 1306 3880 exhaustus
1329 3863 1352 3892 ,
1397 3811 1732 3879 tributum
1790 3808 2144 3877 clientibus
2189 3812 2317 3877 im-

125 3928 383 4005 peravit.
447 3925 900 3997 Videfrustius
960 3928 1370 4026 Germanus·
1404 3915 1710 3995 Mutinae
1779 3938 1988 3996 rector
2059 3925 2319 4017 aliique

125 4032 413 4112 Veronae
456 4046 784 4137 praesides
829 4046 1053 4136 plures
1083 4046 1384 4116 Caesaris
1426 4044 1880 4114 beneficiarios
1925 4069 2004 4115 eo
2047 4046 2320 4114 nomine

126 4150 646 4252 interpellarunt,
713 4186 791 4233 ac
859 4175 1180 4234 trecentos
1248 4186 1486 4235 aureos
1555 4166 1763 4236 etiam
1818 4164 2061 4243 Joanni
2119 4160 2320 4229 Petro
