2950 5017
907 421 1105 473 mm
1149 428 1489 474 secunus
2154 416 2277 504 139

59 561 357 640 portam
417 571 582 617 vero
640 545 910 614 castelli
973 550 1046 613 in
1089 546 1341 615 canale
1405 548 1493 613 ad
1556 548 1964 616 retinendam
2029 573 2276 640 aquam

54 675 438 734 cataracta
467 662 542 728 (¹)
579 660 861 728 demissa
904 658 1066 727 fuit.

203 777 568 868 Sequenti
611 800 784 844 anno
826 774 951 843 suh
994 773 1320 842 Ber-nardo
1359 773 1660 845 Rolando
1702 775 1937 847 Ruheo
1978 778 2282 847 Praetor-c

57 896 404 962 mxima
453 893 726 981 penuria
763 914 989 959 omnes
1017 887 1286 958 afflixit.
1328 888 1414 958 Ei
1453 888 1767 961 suffectus
1809 904 1909 961 est
1949 893 2283 964 Ger-ardus

59 1033 108 1078 a
167 1008 566 1097 Copriaco,
622 1009 693 1074 in
756 1006 950 1091 cujus
1016 1017 1311 1074 extremo
1376 1009 1769 1096 magistratu
1788 1058 1808 1088 ,
1870 1020 2092 1090 nocte,
2144 1033 2282 1100 qua

65 1125 177 1196 D.
231 1122 573 1213 Stephani
636 1124 954 1191 memoria
1017 1121 1391 1190 celebratur
1405 1174 1425 1204 ,
1481 1127 1675 1190 turris
1728 1124 1961 1214 templi
2018 1126 2285 1213 majoris

75 1261 278 1328 qnae
320 1236 615 1307 rotunda
654 1248 798 1304 erat
837 1259 996 1304 cum
1035 1237 1346 1312 omnihus
1371 1239 1733 1328 campanis,
1762 1241 2022 1306 nemine
2053 1251 2282 1310 tamen

69 1354 303 1434 laceo,
329 1356 674 1443 ingentem
717 1354 980 1420 ruinam
1025 1350 1201 1422 fecit.
1247 1352 1349 1422 Eo
1393 1364 1689 1443 tempore
1733 1354 2083 1423 moenibus
2124 1380 2288 1424 non-

75 1471 264 1538 dum
319 1467 553 1550 factis,
605 1466 763 1536 valli
808 1471 1011 1536 instar
1055 1466 1239 1538 fossis
1283 1480 1546 1536 tantum
1601 1483 1672 1536 et
1730 1471 2071 1560 aggeribus
2124 1472 2286 1540 urbs

79 1585 558 1654 muniebatur.
618 1584 725 1651 Ad
777 1608 1040 1656 omnem
1106 1587 1311 1675 igitur
1376 1585 1669 1660 hostium
1737 1589 1875 1654 vim
1941 1588 2288 1656 arcendam

85 1703 318 1772 muris
361 1704 702 1772 civitatem
743 1703 920 1790 cingi
965 1700 1241 1790 placuit,
1284 1701 1858 1792 Praetor-ibasque,
1890 1714 1968 1769 ut
1999 1703 2286 1773 mulctas

89 1818 204 1888 ob
247 1816 490 1884 delicta
529 1817 881 1907 exigendas
921 1820 990 1883 in
1037 1816 1106 1883 id
1150 1840 1314 1906 opus
1358 1828 1852 1899 converterent,
1894 1818 2284 1886 mandatum

89 1929 262 2002 fnit.
309 1932 567 1999 Primus
612 1930 931 2000 Nazarius
976 1932 1288 1998 Lucensis
1333 1931 1621 1999 Praetor·
1650 1931 1735 1998 ad
1786 1945 2051 2022 portam·
2088 1934 2287 2001 Bren-

91 2050 332 2126 nonis,
377 2069 554 2136 quae
614 2044 773 2116 olim
824 2045 1078 2114 Clodia.
1124 2046 1515 2127 dicebatur,
1572 2066 1770 2135 supra
1820 2047 2286 2118 Crustumium

97 2176 312 2233 nuato
383 2175 588 2252 ponte
651 2186 876 2230 versus
940 2164 1030 2230 D.
1075 2161 1490 2251 Stephanum
1540 2151 1963 2252 longitudinis
2009 2178 2285 2232 centum

99 2280 485 2349 cubitorum
530 2301 722 2368 super
765 2290 1061 2346 vetustos
1107 2301 1365 2367 aggeres
1410 2282 1675 2347 moenia
1718 2284 2109 2347 construxit.
2144 2280 2285 2347 Alii

99 2409 334 2484 postea
383 2406 713 2485 praetores
754 2394 1039 2461 eundem
1085 2394 1373 2463 ordinem
1419 2397 1667 2474 secuti,
1721 2398 1941 2462 onmia
1990 2399 2289 2463 civitatis

103 2513 403 2591 moenia,
446 2532 622 2599 qnae
689 2503 886 2576 hodie
938 2520 1205 2589 extant,
1248 2531 1441 2598 super
1495 2531 1755 2598 aggeres
1821 2507 2282 2578 aedificarunt.

105 2626 504 2708 Quindecim
549 2627 725 2694 enim
767 2624 1193 2713 sequentibus
1238 2626 1424 2691 annis
1467 2648 1513 2690 a
1555 2626 1825 2692 diversis
1871 2626 2283 2713 praetoribus

105 2746 310 2810 trium
376 2741 663 2809 millium
707 2764 845 2807 mn,
887 2741 1264 2808 cubitorum
1335 2753 1655 2829 perpetuo
1723 2740 1951 2809 ordine
2014 2764 2286 2810 murum

107 2857 461 2926 eonditum
523 2855 725 2925 fuisse
793 2858 1083 2925 invenio.
1151 2856 1522 2924 Novissime
1588 2867 1815 2922 autem
1862 2879 1902 2922 a
1944 2836 2287 2925 Gulielmo

108 2972 438 3042 Folleano
478 2977 776 3041 antistite
815 2974 886 3038 (⁸)
933 2973 1056 3040 alii
1077 2975 1080 2982 ’
1101 2973 1312 3052 cubiti
1367 2994 1456 3038 nc
1507 2982 1664 3038 sunt
1731 2969 2004 3056 adjecti.
2047 2972 2287 3062 Itaque

104 3093 422 3158 univem
485 3092 822 3160 moenium
890 3111 1149 3155 summa
1171 3136 1199 3168 ‚-
1233 3100 1504 3177 praeter.
1530 3087 1895 3169 ambitum,
1938 3091 2058 3176 qui
2101 3103 2199 3155 est
2243 3113 2289 3156 a·

103 3219 302 3295 porta
325 3204 402 3274 S.
431 3206 610 3274 Petri
639 3206 724 3273 ad
755 3230 899 3273 eam
932 3206 1108 3296 q‘uae
1133 3204 1205 3273 S.
1236 3205 1471 3274 Crucis
1498 3205 1761 3292 dicitur,
1804 3218 2091 3295 quatuor
2135 3206 2284 3272 mil-

104 3322 268 3390 lium
317 3336 592 3390 centum
636 3322 1069 3413 quadraginta
1111 3322 1491 3389 cubitorum
1538 3319 1693 3389 fuit.
1738 3320 2055 3390 Albertus
2100 3325 2281 3390 enim

105 3464 146 3506 a
183 3441 539 3510 Pescarola
596 3443 896 3530 sequenti
959 3463 1134 3520 anno
1175 3461 1507 3506 mccxxxu
1569 3439 1653 3506 ad
1722 3437 1949 3506 Sancti
2017 3417 2289 3510 Nazarii-

107 3571 402 3644 portam,
451 3558 572 3624 ubi
616 3581 794 3628 nunc
838 3581 958 3624 arx
1000 3570 1098 3624 est
1133 3556 1435 3637 condita,
1473 3556 1739 3625 duobus
1795 3560 1982 3624 annis
2037 3558 2283 3646 quibus

109 3649 364 3760 praetor
409 3672 570 3754 fuit,
613 3675 1236 3763 quadringentarum
1280 3671 1590 3738 ulnarum
1636 3695 1905 3739 murum
1950 3675 2283 3753 extruxit,

116 3810 471 3879 omnesque
519 3788 800 3856 aliarum
848 3802 1181 3878 portarum
1224 3785 1447 3856 foveas
1492 3789 1868 3867 excavavit,
1897 3798 2095 3877 prout
2123 3810 2281 3855 saxa

187 4057 272 4126 (t)
300 4058 514 4113 ciuica
547 4060 698 4128 vulgo
729 4061 934 4114 dicitur.

185 4150 266 4216 (a)
295 4167 583 4206 nom-xm
