2950 5017
619 331 747 401 306
1203 312 1209 319 ’
1356 347 1592 393 anaim
1632 346 2047 402 memmium

617 476 808 552 ritur,
837 493 917 537 ac
948 468 1215 560 taudem
1263 478 1411 558 post
1455 468 1638 534 varia
1682 470 2044 533 certamina
2087 464 2312 534 locum
2355 463 2865 557 expugnavit.
2932 453 2933 456 ¹

616 586 776 654 Plus
841 585 1026 656 mille
1093 567 1307 674 eapti,
1351 586 1523 650 inter
1564 607 1729 673 quos
1773 575 1907 650 fuit
1951 579 2271 649 Nicolaus
2324 581 2732 660 RobertuS,
2790 592 2869 644 et

615 705 999 774 Franciscus
1044 695 1429 780 Folleanus,
1475 698 1714 790 reliqui
1758 697 1916 789 fuga
1960 709 2335 765 evaserunt.
2391 699 2553 765 Hac
2603 694 2867 766 nobili
2936 757 2938 784 ἒ

614 822 886 888 victoria
952 821 1203 908 potitus
1249 816 1580 883 Feltrinus
1651 815 1940 906 plurimo
2000 838 2205 895 auro,
2252 826 2733 903 argentoque,
2780 824 2865 877 et
2936 853 2938 858 -

615 940 808 1004 variis
857 935 1237 1014 monilibus,
1272 946 1339 1000 et
1369 936 1669 1021 gemmis,
1697 955 1863 1023 quas
1902 932 1998 999 ibi
2043 935 2249 1013 cives,
2275 931 2484 999 veluti
2542 936 2619 998 in
2674 942 2861 999 tuto

611 1054 1025 1131 locaverant,
1067 1051 1456 1139 diversaque
1498 1047 1912 1140 supellectile
1968 1060 2071 1130 est
2124 1046 2611 1137 locupletatus.
2658 1047 2858 1138 Mox

614 1169 831 1248 villas,
858 1168 1281 1242 etsuburbia
1327 1169 1551 1233 omnia
1595 1165 1678 1232 ad
1712 1160 2200 1258 rebellantium
2248 1165 2607 1232 audaciam
2644 1187 2858 1231 com-

612 1284 1021 1376 primendam
1063 1283 1393 1352 hostiliter
1436 1282 1769 1372 incendit3
1815 1281 2100 1371 denique
2144 1294 2225 1348 ut
2271 1282 2358 1347 ab
2412 1282 2855 1348 imminente

614 1400 907 1492 periculo
953 1424 1166 1467 arcem
1191 1400 1403 1496 ‘Regii
1458 1393 1766 1466 liberaret
1788 1449 1808 1480 ,
1854 1397 2341 1467 nobilissimum
2411 1400 2627 1466 totius
2704 1399 2863 1464 rei-

615 1517 923 1609 publicae
987 1514 1378 1584 christianae
1443 1516 1606 1583 Divi
1658 1516 1965 1616 Rrosperi
2031 1515 2435 1582 coenobium
2499 1512 2857 1581 funditus

616 1633 880 1701 evertit.
923 1633 1080 1700 Non
1125 1635 1371 1701 civium
1416 1633 1751 1722 precibus,
1797 1656 1934 1718 non
1978 1630 2435 1721 religiosorum
2479 1630 2858 1711 lacrimis,

617 1745 764 1818 non
794 1753 1113 1840 pecunia,
1157 1773 1330 1840 quae
1372 1752 1598 1839 ingens
1642 1747 2043 1817 offerebatur
2071 1798 2092 1829 ,
2138 1770 2262 1814 nec
2308 1746 2642 1835 religionis
2696 1759 2855 1813 ter-
2936 1835 2938 1840 Ι

618 1889 760 1957 rore
791 1867 860 1932 'a
921 1877 1109 1933 tanto
1171 1863 1456 1936 facinore
1524 1865 1732 1931 averti
1801 1865 2054 1953 potuit.
2123 1862 2302 1929 Cum
2347 1861 2695 1951 lapidibus
2751 1860 2851 1927 ad
2936 1879 2938 1958 ξ

620 1979 1019 2063 munitiones
1094 1977 1497 2047 extruendas
1571 1982 1673 2060 uti
1744 1977 1949 2047 vellet
1982 2031 2000 2060 ,
2069 1977 2376 2068 Segetino
2441 1976 2845 2045 Albertello

617 2096 917 2165 Munatio
968 2108 1036 2163 et
1096 2097 1339 2165 Cosmo
1383 2093 1834 2187 Spadensaoco
1882 2097 2276 2165 Architectis
2344 2091 2667 2185 imperat,
2749 2106 2847 2161 ut
2936 2085 2938 2110 ⁵

621 2211 870 2301 aliqua·
916 2223 1056 2277 arte
1122 2215 1445 2301 integram
1511 2205 1864 2278 'materiam
1927 2222 2417 2287 conservarent.
2465 2210 2581 2276 Illi
2625 2233 2845 2277 muro

624 2329 922 2418 undique
986 2331 1370 2396 circumciso
1428 2329 1649 2396 trabes
1697 2328 1781 2394 ad
1829 2329 2284 2398 sustinendam
2352 2327 2600 2412 molem
2668 2350 2845 2417 sup-

622 2456 1009 2534 posuerunt,
1054 2445 1300 2534 quibus
1339 2449 1491 2534 igne
1538 2449 1953 2534 consumptis
1998 2439 2227 2534 ingens
2274 2439 2473 2512 ruina
2517 2454 2618 2511 est
2663 2444 2839 2519 sub-
2936 2487 2938 2514 ι

622 2574 868 2627 secuta.
914 2561 1225 2628 Miserum
1273 2573 1412 2627 erat
1458 2561 1683 2627 videre
1728 2561 1955 2629 nobile
2025 2585 2191 2654 opus
2244 2572 2435 2627 tanta
2485 2564 2838 2649 impensa,
2936 2617 2938 2620 .

629 2688 730 2742 tot
774 2675 1135 2755 laboribus,
1174 2687 1243 2741 et
1289 2680 1480 2743 annis
1525 2674 1922 2743 fabricatum
1969 2701 2103 2744 una
2151 2676 2311 2743 hora
2356 2678 2652 2766 interire.
2702 2674 2842 2744 So-
2936 2677 2938 2732 Ι

627 2792 773 2859 lum
822 2792 1145 2882 templum
1192 2817 1346 2859 cum
1397 2792 1887 2882 paucisvcellis,
1935 2795 2052 2858 ubi
2100 2795 2293 2882 pauci
2338 2792 2627 2880 religiosi
2675 2785 2842 2861 mo·
2936 2777 2938 2842 ί

631 2919 964 2986 rai-entur,
1011 2908 1312 2975 relictum
1368 2906 1524 2975 fuit.
1582 2906 1693 2972 Ex
1735 2908 1931 2974 sacris
1976 2911 2295 2974 cementis
2339 2906 2469 2973 alia
2516 2905 2836 2986 aedificia
2936 2881 2938 2922 ⁵

634 3036 702 3089 et
734 3023 1138 3090 Nivolariam
1183 3023 1690 3113 Bagno'lumque
1733 3023 1999 3089 condita
2043 3021 2239 3090 fuisse
2285 3022 2582 3112 plerique
2631 3034 2835 3090 autu·
2936 3097 2938 3106 ¹

594 3149 844 3205 'mant.
891 3140 1025 3205 Alii
1059 3164 1202 3226 ’non
1250 3163 1334 3204 ex
1381 3140 1508 3218 his,
1553 3140 1662 3205 sed
1711 3133 1797 3205 ex
1839 3142 2068 3231 turris»,
2102 3154 2170 3205 et
2202 3139 2484 3207 aliorum
2520 3139 2829 3209 locorum

633 3253 926 3343 reliquiis
970 3271 1181 3319 castra
1230 3253 1383 3332 illa,
1428 3278 1602 3341 quae
1653 3268 1845 3321 antea
1913 3270 2144 3345 coepta
2218 3253 2526 3335 fuerunt,
2594 3267 2829 3345 postea

599 3367 939 3446 ,absoluta
984 3366 1184 3435 fuisse
1228 3369 1668 3437 contendunt.
1697 3366 1905 3437 'Hanc
1955 3372 2257 3439 coenobii
2297 3373 2562 3437 ruinam
2596 3371 2830 3461 ingens
2936 3363 2938 3374 ¹

635 3482 987 3574 Gonzagae
1032 3483 1269 3550 domus
1313 3482 1531 3551 clades
1576 3497 1675 3553 est
1716 3486 2096 3554 subsecuta:
2145 3486 2254 3553 Ex
2296 3489 2602 3576 quinque
2647 3481 2827 3553 enim
2934 3517 2938 3527 ·

630 3600 834 3668 Loisii
864 3600 1118 3681 liberis,
1147 3600 1530 3691 Philippino
1561 3616 1859 3682 mortuo,
1886 3616 1956 3669 et
1988 3603 2300 3702 Gnidone
2345 3602 2553 3689 fratre
2596 3613 2828 3693 postea

634 3720 702 3784 in
750 3717 970 3787 furore
1014 3712 1366 3817 converso,
1413 3721 1779 3803 Feltrinus,
1824 3715 2183 3803 Corradus,
2230 3732 2301 3805 et
2345 3714 2710 3803 Albertus,
2752 3732 2824 3789 ut

634 3837 1099 3923 opportuniore
1157 3833 1305 3922 loco
1367 3835 1660 3919 dicetur,
1707 3840 1940 3905 misere
1985 3834 2363 3927 perieruntss
2403 3836 2825 3927 Philippinus

640 3954 711 4017 in
758 3973 827 4017 re
873 3952 1144 4019 militari
1176 3952 1293 4021 diu
1340 3967 1663 4054 versatus,
1707 3968 1777 4024 et
1819 3958 1994 4024 inter
2040 3957 2319 4024 eximios
2362 3958 2464 4022 sui
2509 3957 2821 4045 temporis

635 4067 831 4149 duces
885 4068 1286 4138 clarissimus
1331 4060 1830 4143 Gulielmonem
1883 4074 2222 4164 quendam
2267 4070 2822 4151 Gaferonianum,
