2950 5017
919 430 1117 488 uuna
1160 428 1436 478 'rannus
2129 434 2260 502 217

83 558 220 623 cius
286 551 651 621 mulierem
720 550 1104 640 amplexus,
1170 552 1383 619 tribus
1455 553 1931 641 pretiosissimis
2003 554 2264 621 annulis

82 671 427 749 extractis,
457 680 529 734 et
558 690 675 756 pro
703 668 1104 735 matrimonii
1148 665 1337 734 arrha
1381 668 1675 755 conjugis
1718 669 1936 757 digitis
1984 671 2264 749 insertis,

81 784 356 873 nuptias
387 781 826 851 confirmavit.
860 782 1094 848 Actius
1121 805 1277 851 vero
1306 804 1465 850 auro
1496 784 1899 871 gemmisque
1930 782 2261 871 duplicem
2382 776 2387 783 ’

83 921 401 968 eoronam
449 922 533 964 ex
575 898 903 977 Beatricis,
930 901 1146 988 capite
1189 897 1521 964 sublatam
1570 896 1913 965 Galleacio
1956 898 2262 965 decenter

82 1020 431 1105 imposuit,
477 1027 549 1081 et
590 1014 1009 1105 Gulielmum
1056 1010 1476 1095 Folleanum,
1523 1028 1589 1083 et
1637 1014 2091 1083 Scor-abellam
2133 1018 2268 1084 Ca-

88 1136 390 1199 nussium
434 1134 715 1221 equestri
758 1131 1077 1221 dignitate
1123 1131 1478 1199 decoravit.
1541 1130 1869 1200 Postridie
1913 1150 2118 1221 uxore
2162 1155 2269 1199 co-

85 1247 292 1332 gnita,
335 1269 495 1312 cum
539 1246 794 1323 Joanna
848 1270 935 1312 ex
1000 1247 1212 1335 priore
1271 1248 1688 1313 matrimonio
1753 1256 2052 1334 suscepta
2119 1258 2268 1314 octo

89 1384 412 1429 annorum
457 1360 683 1451 puella
711 1412 732 1442 ,
773 1374 963 1429 sexto
1009 1363 1318 1428 calendas
1361 1362 1559 1448 julias
1603 1361 2057 1429 Mediolanum
2102 1364 2272 1450 peti-

92 1479 222 1543 turi
278 1476 565 1566 Regium
627 1488 980 1543 venerunt.
1033 1476 1416 1545 Galleaeius
1482 1476 1565 1544 ad
1632 1477 1920 1566 paranda
1986 1475 2273 1566 hospitia

92 1593 507 1661 currentibus
549 1594 736 1682 equis
781 1604 1206 1661 antevertens
1263 1606 1491 1683 postea
1537 1592 1618 1659 ad
1663 1597 1935 1660 tertiam
1980 1592 2115 1658 diei
2157 1592 2276 1661 ho-

96 1730 234 1774 ram
295 1709 491 1777 uxori
557 1732 692 1777 non
756 1712 975 1777 minus
1042 1707 1253 1777 nobili
1300 1733 1505 1799 quam
1566 1707 1905 1799 splendido
1950 1711 2274 1776 comitatu

97 1820 362 1891 obviam
406 1837 502 1891 est
541 1844 871 1893 reversus.
917 1825 1223 1915 Triginta
1266 1825 1552 1894 duorum
1613 1849 1935 1892 annorum
1982 1826 2098 1892 sed
2142 1824 2275 1891 sta-

99 1950 207 2005 tae
247 1939 461 2008 adhuc
505 1938 751 2011 formae
795 1953 936 2008 erat
980 1941 1248 2021 mulier,
1295 1964 1471 2031 quae
1516 1964 1689 2030 equo
1733 1940 1938 2008 nobili
1984 1940 2275 2030 stragula

96 2054 356 2124 instrato
403 2054 531 2122 sub
571 2056 953 2123 bombicina
998 2055 1299 2123 umbella
1345 2057 1646 2136 devecta,
1677 2054 1813 2122 filia
1846 2079 2001 2122 cum
2045 2056 2275 2122 eadem

100 2191 331 2261 pompa
376 2172 862 2261 subsequente,
916 2171 998 2239 ad
1067 2176 1270 2241 soceri
1335 2172 1663 2263 palatium
1733 2175 2053 2262 perducta
2110 2170 2274 2240 fuit.

101 2286 197 2354 Ibi
260 2292 442 2378 regio
513 2288 687 2355 luxu
754 2293 1077 2356 instructa
1122 2294 1322 2370 atria,
1367 2291 1715 2381 aditusque
1784 2292 2093 2358 omnibus
2160 2313 2278 2379 per

102 2417 237 2473 octo
267 2404 409 2473 dies
448 2405 533 2472 ad
571 2406 982 2495 epulandum
1028 2420 1126 2473 est
1171 2406 1574 2496 patefactus.
1620 2409 1944 2476 Inusitato
1989 2409 2277 2497 denique

107 2536 420 2612 apparatu
453 2527 761 2592 convivia
790 2524 1128 2591 celebrata
1160 2525 1558 2593 incredibilis
1601 2526 2126 2615 magnificentiae
2179 2523 2278 2591 fa-

107 2660 208 2703 ma
249 2651 462 2707 totam
505 2640 770 2706 Italiam
815 2640 1339 2729 compleverunt.
1386 2641 1574 2708 Mille
1640 2645 1707 2709 in
1775 2645 1988 2730 prima
2042 2664 2279 2709 coena-

109 2754 270 2820 tione
315 2758 619 2824 convivis
676 2779 790 2844 per
832 2769 962 2822 tres
1007 2755 1243 2822 classes
1288 2756 1671 2822 sedentibus
1715 2755 2012 2845 singulae
2059 2767 2278 2822 vestes

108 2867 435 2952 bombice,
496 2894 790 2961 auroque
842 2875 1174 2954 intextae,
1242 2882 1312 2938 et
1366 2871 1535 2938 aliae
1578 2874 1952 2950 coccineae,
2017 2894 2279 2962 aeuque

113 2981 396 3073 depictae
436 3011 556 3076 pro
600 2987 845 3054 Burrae
890 3011 1110 3056 socrus
1158 2988 1429 3055 arbitrio
1473 2986 1762 3053 sublatis
1808 2989 2049 3054 mensis
2115 2987 2281 3053 libe-

113 3098 315 3168 raliter
362 3103 642 3171 donatae
692 3100 874 3170 fuere
892 3154 913 3185 ,
957 3125 1122 3193 quas
1167 3101 1762 3198 Mediolanensium
1830 3127 1978 3170 aere
2023 3114 2279 3193 emptas

111 3211 289 3283 fuisse
331 3215 583 3286 ferunt.
639 3217 822 3286 Alias
886 3242 1042 3288 vero
1106 3242 1229 3287 suo
1296 3231 1365 3286 et
1430 3217 1607 3285 filiae
1674 3222 1941 3287 nomine
2007 3219 2279 3286 Beati-ix

114 3334 539 3415 morionibus,
583 3346 651 3400 et
693 3338 929 3402 scurris
973 3335 1195 3421 jocosa
1238 3335 1512 3402 dicteria
1557 3348 1929 3424 opportune
1972 3338 2282 3403 emitten-

112 3446 269 3515 tibus
311 3461 420 3517 εει
462 3449 756 3538 elargita.
804 3450 931 3518 Pro
976 3431 1267 3540 nuptiali
1317 3475 1588 3517 munere
1618 3466 2004 3540 argentum,
2038 3475 2279 3518 aurum

114 3574 174 3629 et
228 3588 553 3655 gemmas,
597 3590 771 3658 quae
814 3567 1213 3633 ditissimum
1261 3567 1649 3636 thesaurum
1723 3570 2136 3657 aequabant,
2180 3591 2284 3636 so-

115 3682 342 3751 ciarum
388 3683 662 3751 urbium
724 3683 928 3773 legati
989 3687 1476 3774 optimatesque
1521 3684 2116 3752 Mediolanensium
2163 3686 2284 3753 ob·
2390 3761 2397 3767 ⁶

116 3795 416 3868 tulerunt.
464 3799 1019 3867 concurrentium
1088 3814 1500 3868 armatorum
1566 3801 2013 3881 decursiones,
2057 3814 2125 3866 et
2170 3824 2285 3868 ex-

119 3930 537 4002 pugnatorum
585 3917 1003 3985 castellorum
1050 3920 1214 3985 miro
1261 3919 1490 3986 ordine
1536 3929 2024 4007 repraesentata
2067 3921 2276 3984 simu·

119 4024 275 4096 lacta
344 4055 479 4098 non
555 4034 693 4097 sine
768 4032 1204 4100 admiratione
1291 4045 1662 4123 spectantes
1740 4033 2297 4101 oblectaverunt.·

123 4137 477 4217 Galleacius
540 4169 699 4215 cum
773 4147 1001 4251 decem
1070 4146 1360 4217 millium
1430 4148 1752 4215 librarum
1820 4147 2174 4217 honorario
2241 4170 2282 4215 a
