2950 5017
687 405 818 469 208
1417 417 1656 464 mun
1709 418 2127 468 menmium

684 554 906 611 rantes
949 541 1357 609 discurrunt.
1403 541 1539 625 Qui
1580 564 1668 607 ex
1708 540 1962 609 diversa
2004 538 2295 609 factione
2347 551 2575 623 erant,
2619 553 2700 611 et
2741 545 2883 634 ipsi

684 659 959 745 arreptis
1024 658 1220 722 armis
1283 658 1351 722 in
1420 653 1643 723 forum
1711 669 2178 745 properarunt,
2240 655 2362 723 ubi
2427 679 2712 725 vessana
2770 661 2885 726 ira

686 773 974 863 odioque
1019 775 1283 839 incensi
1354 783 1545 840 atrox
1613 772 1937 863 praelium
1996 774 2491 842 commiserunt.
2536 773 2702 843 Non
2740 778 2881 842 nisi

682 892 1005 978 gemitus,
1048 887 1326 967 clamor‘,
1373 868 1843 978 armorumque
1909 890 2218 977 strepitus
2287 887 2530 969 audiri,
2587 888 2879 978 plurimi

687 1004 911 1084 caedi,
955 1026 1077 1072 nec
1120 1006 1457 1092 pauciores
1508 1002 1831 1070 vulnerari
1850 1053 1869 1084 ‚
1911 1006 2389 1093 universaeque
2449 1001 2580 1073 fori
2648 1018 2876 1094 partes

684 1144 914 1188 cruore
957 1121 1229 1208 irrigari.
1276 1118 1656 1209 Superiores
1701 1120 1820 1186 uhi
1863 1132 2130 1187 noctem
2171 1123 2411 1186 instare
2453 1121 2876 1193 animadver-

686 1248 843 1302 tunt
884 1238 953 1302 in
1000 1234 1312 1323 Episcopi
1357 1245 1429 1300 et
1470 1234 1791 1302 Praetoris
1831 1233 2164 1324 palatium
2230 1258 2301 1302 se
2359 1237 2716 1326 recipiunt.
2760 1237 2870 1302 Ibi

683 1350 1103 1418 crudescente
1163 1372 1387 1439 pugna
1455 1371 1524 1415 se
1586 1348 1873 1416 flammis
1914 1349 2106 1416 aedes
2149 1364 2652 1438 consumpturos
2696 1349 2875 1418 Infe-

682 1471 879 1535 riores
924 1469 1209 1535 nominis
1268 1465 1489 1534 hostes
1535 1470 1706 1532 truci
1750 1465 1947 1534 vultu
1995 1469 2513 1535 comminantur.
2565 1468 2874 1537 Maxima

682 1586 984 1672 impensa
1029 1605 1106 1648 ea
1152 1580 1444 1648 aedificia
1491 1593 1798 1648 extructa
1839 1578 2138 1662 fuerant,
2170 1594 2238 1648 et
2264 1584 2550 1672 impium
2593 1585 2873 1674 utrique

682 1701 858 1787 parti
901 1697 1251 1766 videbatur
1296 1708 1410 1764 tot·
1442 1699 1772 1765 mensium
1817 1717 2015 1786 opus,
2062 1709 2132 1763 et
2177 1707 2364 1763 tanta
2407 1701 2691 1786 pecunia
2732 1698 2875 1766 ela-

679 1814 993 1882 boratum
1040 1837 1174 1881 una
1217 1813 1376 1881 hora
1418 1813 1615 1879 dirui.
1662 1815 1883 1895 Quare
1928 1813 2127 1880 multi
2171 1835 2242 1880 se
2285 1815 2575 1881 invicem
2635 1837 2868 1903 rogare

677 1942 761 1994 ‚ut
805 1930 1037 2018 gladiis
1068 1953 1204 1996 rem
1238 1941 1528 2017 agentes,
1557 1928 1896 1996 nobilibus
1928 1931 2121 1995 tectis
2153 1930 2573 2019 ignoscerent.
2621 1929 2872 1998 Insana

684 2057 915 2109 tamen
961 2044 1143 2110 rabie
1187 2043 1493 2110 nonnulli
1537 2043 1617 2109 de
1662 2042 1852 2131 plebe
1899 2043 2199 2133 opifices,
2226 2055 2322 2110 ut
2366 2047 2705 2134 egregium
2750 2045 2872 2112 ali-

683 2160 868 2251 quod
914 2172 1313 2249 perpetrasse
1356 2160 1761 2241 viderentur,
1790 2161 2033 2247 injecto
2060 2162 2237 2250 igne,
2268 2172 2490 2229 totum
2532 2162 2870 2250 palatium

687 2298 894 2363 usque
939 2275 1026 2340 ad
1068 2276 1160 2341 D.
1205 2274 1579 2343 Michaelis-
1618 2274 1947 2365 templum
2011 2275 2465 2344 incenderunt.
2513 2276 2872 2344 Taurellus
2946 2272 2948 2281 ’

685 2390 956 2458 Praetor
1000 2390 1180 2479 quod
1241 2413 1398 2457 cum
1443 2389 1901 2479 Superioribus
1970 2394 2370 2480 conspirasse
2434 2395 2613 2459 visus
2666 2407 2870 2475 esset,

681 2519 751 2572 et
820 2509 960 2594 ipse
1024 2528 1205 2578 cum¹
1242 2505 1498 2573 familia
1542 2519 1610 2573 et
1653 2496 2134 2596 apparitoribus
2202 2507 2368 2574 urbe
2435 2507 2686 2593 ejectus
2751 2532 2872 2598 per

679 2622 909 2690 Pontis
967 2624 1240 2690 Levonii
1307 2635 1568 2712 portam
1636 2645 1922 2711 egressus
1997 2636 2148 2703 est3
2192 2645 2348 2689 cum
2404 2647 2482 2692 eo
2534 2624 2873 2707 Folleani,

680 2738 997 2821 Roberti,
1063 2738 1428 2820 Manfredi‚
1495 2751 1564 2806 et
1631 2742 1871 2806 caeteri
1937 2737 2317 2829 Superiores
2388 2741 2539 2831 sub·
2576 2742 2873 2808 mediam

589 2836 597 2843 ’
681 2868 947 2924 noctem
1002 2856 1260 2946 expulsi
1308 2857 1737 2936 Herberiam,
1782 2856 2095 2923 Castrum
2140 2856 2541 2923 Arianorum
2603 2869 2681 2923 et·
2735 2856 2876 2924 Re·
2942 2858 2943 2939 ξ

680 2973 931 3062 giolum
989 2996 1059 3040 se
1108 2973 1481 3042 contulere.
1527 2973 1691 3040 Mox
1734 2985 1946 3040 castro
1989 2970 2219 3039 Plebis·
2261 2972 2347 3037 de
2391 2972 2593 3041 Prato
2636 2984 2870 3062 capto,
2942 2982 2943 3049 ξ

678 3091 1004 3167 Ioannem
1035 3103 1103 3156 et
1132 3088 1615 3158 Thomasinum
1647 3090 1973 3157 Robertos
1993 3139 2012 3169 ,
2043 3091 2160 3178 qui
2192 3086 2574 3156 Alexandro
2602 3087 2673 3156 S.
2697 3090 2870 3157 Mar-

641 3208 808 3282 ·tini
854 3205 1145 3272 Domino
1188 3218 1426 3292 agnato
1471 3201 1886 3270 infensissimi
1936 3203 2153 3271 hostes
2197 3218 2424 3285 erant,
2455 3182 2626 3270 ‘cum
2681 3229 2869 3294 prae-

681 3320 850 3386 sidio
892 3317 1370 3408 praefecerunt.
1415 3318 1858 3384 Bernardinus
1912 3342 2068 3387 vero
2128 3319 2485 3386 Folleanus
2530 3319 2868 3411 Carpineti

682 3433 990 3502 ecclesiae
1036 3435 1454 3524 Praepositus
1499 3456 1655 3499 cum
1702 3433 2034 3502 Canussiis
2079 3436 2269 3526 Regii
2319 3439 2696 3526 principatu
2752 3462 2869 3528 po-

682 3554 847 3619 titus
892 3552 1055 3619 urbe
1098 3551 1352 3642 direpta
1395 3549 1644 3619 Sessios
1688 3553 1900 3620 socios
1942 3556 2192 3642 patriae
2235 3557 2554 3636 restitnit,
2584 3559 2705 3645 qui
2732 3558 2867 3623 iuis

667 3669 880 3758 fidem
909 3671 1255 3757 jurarunt.
1321 3706 1332 3715 ·

820 3786 955 3854 Tot
1000 3786 1403 3853 tumultibus
1450 3784 1694 3854 afflicta
1737 3789 2010 3855 civitate
2065 3811 2221 3854 cum
2275 3786 2500 3856 nullus
2543 3787 2642 3855 ob
2684 3788 2866 3857 nobi-

684 3901 855 3968 lium
894 3902 1283 3969 seditionem
1317 3881 1621 3971 οεεᾶἱιιω
1651 3903 1799 3971 finis
1827 3902 2113 3999 futurus¹
2145 3890 2509 3985 videretur,
2539 3915 2621 3971 ut
2648 3905 2707 3970 si
2735 3926 2865 3993 qua

682 4019 937 4085 ratione
995 4016 1135 4084 fieri
1202 4031 1418 4109 posset
1464 4019 1623 4087 huic
1667 4021 1899 4088 morbo
1944 4019 2361 4087 mederentur
2402 4021 2474 4086 in
2517 4018 2858 4086 Palatium

685 4135 921 4203 moesti
964 4136 1140 4209 cives
1185 4138 1610 4206 conveniunt.
1671 4136 1776 4204 Ibi
1828 4136 1911 4205 de
1963 4135 2370 4228 reprimenda
2433 4133 2861 4207 factiosorum
