2950 5017
955 398 1151 443 mana
1196 398 1437 444 paruus
2188 381 2270 467 73

80 523 263 592 dosii
308 521 591 608 junioris
619 520 876 585 decimo
918 541 1092 585 nono
1120 516 1439 584 Thraciae
1484 514 1673 583 villas
1715 518 1903 584 annis
1944 517 2271 607 quinqua-

72 640 335 726 gincta
374 649 527 704 octo
570 632 1011 711 incoluerunt,
1039 631 1243 699 donec
1285 629 1411 697 sub
1453 629 1855 699 Theoderico
1900 630 2132 697 Italiae
2174 632 2272 696 di-

76 757 359 822 tionem
408 764 683 817 tenuere
726 748 1051 838 Gepides,
1105 772 1144 813 a
1197 747 1440 837 quibus
1485 758 1709 836 postea
1752 747 2161 835 Langobardi
2205 759 2273 815 et

74 871 361 936 Avares
426 879 583 935 sunt
641 865 866 944 divisi,
916 866 1087 930 cir'ca
1131 863 1449 930 Sirmium
1514 875 1583 929 et
1645 862 2064 951 Singidonem
2107 864 2276 932 Pan-

82 987 351 1053 noniae
396 981 716 1051 inferioris
758 981 975 1059 urbes,
1007 1004 1207 1070 prope
1236 980 1622 1046 Danubium
1654 980 1843 1046 villas
1872 980 2273 1048 habuerunt.

82 1101 315 1167 Porro
358 1098 674 1177 Vandali,
717 1097 946 1174 Alanis
992 1108 1063 1163 et
1102 1097 1368 1163 Francis
1411 1095 1804 1162 Germaniae
1846 1095 2107 1186 populis
2150 1096 2275 1163 sibi

90 1213 401 1292 adscitis,
431 1225 499 1279 et
529 1210 912 1300 Modiglisco
942 1209 1134 1290 duce,
1164 1210 1395 1278 Rheno
1432 1221 1760 1299 superato,
1790 1212 1862 1275 in
1893 1211 2275 1299 Hispaniam

94 1332 429 1417 irrupere.
478 1330 571 1393 At
615 1325 996 1415 Hypogothi
1048 1325 1330 1394 Romam
1384 1324 1685 1416 populati
1735 1325 1861 1393 sub
1903 1324 2167 1393 Alarico
2208 1329 2278 1392 in

96 1443 373 1510 Gallias
419 1443 748 1509 abierunt.
809 1442 873 1508 Is
930 1445 1000 1507 in
1051 1441 1230 1509 bello
1295 1444 1519 1530 paucis
1577 1453 1731 1507 ante
1798 1444 1987 1508 annis
2052 1454 2281 1509 contra

98 1559 494 1649 Eugenium
539 1570 746 1646 gesto,
788 1558 1110 1646 egregiam
1158 1559 1472 1624 virtutem
1504 1557 1628 1624 sub
1659 1556 2020 1625 Theodosio
2067 1569 2281 1636 osten,-

99 1674 327 1754 derat,
359 1686 461 1754 et,
492 1696 648 1739 cum
680 1694 917 1761 magno
960 1694 1030 1739 se
1075 1670 1251 1760 apud
1295 1694 1526 1738 omnes
1568 1675 1638 1739 in
1684 1671 1929 1739 bonore
1974 1695 2109 1739 esse
2150 1696 2285 1739 cer-

108 1802 345 1869 neret,
388 1812 584 1879 puero
644 1791 936 1878 principe
989 1786 1281 1876 neglecto
1295 1838 1313 1868 ,
1358 1788 1637 1854 barbara
1682 1786 1943 1854 feritate
1985 1787 2282 1877 Illyriam

110 1907 187 1971 in
220 1907 455 1994 primis
481 1903 871 1982 devastavit,
893 1926 1052 1971 mox
1079 1902 1359 1970 Romam
1393 1900 1728 1991 profectus
1758 1903 1988 1970 urbem
2017 1904 2281 1972 biennio

108 2019 471 2110 postquam
522 2019 803 2087 obsideri
847 2031 1079 2107 coepta
1124 2031 1316 2100 esset,
1346 2019 1496 2087 dolo
1539 2021 1713 2109 cepit
1755 2030 1959 2108 atque
1986 2018 2279 2110 diripuit.

114 2133 270 2215 Sed,
316 2157 478 2202 cum
526 2135 850 2202 Honorius
870 2184 889 2212 ‚
933 2136 1053 2223 qui
1096 2133 1445 2201 Ravennae
1490 2133 1793 2223 degebat,
1844 2130 2083 2224 magno
2125 2158 2281 2201 cum

114 2254 408 2317 exercitu
452 2249 804 2318 adventare
846 2249 1190 2330 diceretur,
1222 2249 1581 2330 discedens,
1638 2263 1895 2317 matura
1946 2249 2106 2340 fuga
2155 2251 2281 2316 sibi

114 2365 483 2434 consuluit.
530 2363 706 2432 Sunt
748 2368 864 2455 qui
907 2388 947 2431 a
990 2363 1304 2433 Stilicone
1334 2367 1603 2434 Honorii
1645 2389 1886 2446 socero,
1927 2369 2284 2456 imperium

120 2486 193 2550 in
232 2507 300 2550 se
346 2481 692 2550 transferre
734 2485 1099 2571 cogitante,
1142 2506 1296 2549 eum
1340 2487 1627 2550 accitum
1658 2482 1901 2551 ferant.
1949 2482 2241 2551 Tandem
2262 2533 2283 2563 ,

116 2598 281 2665 dnm
312 2601 589 2667 Honorii
618 2602 931 2690 permissu
962 2597 1217 2666 Gallias
1246 2598 1545 2667 Alaricus
1574 2603 1773 2690 petit,
1805 2601 1889 2666 ad
1915 2597 2282 2667 Polentiam

118 2736 315 2804 prope
360 2715 596 2782 Aetam
640 2717 709 2780 in
753 2713 1116 2803 subalpinis
1162 2714 1674 2804 oppidum,quo
1703 2714 1808 2780 die
1840 2715 2283 2780 reviviscentis

122 2827 397 2895 Domini
446 2831 763 2897 memoria
814 2840 1196 2909 renovatur,
1240 2826 1510 2895 Saulem
1562 2828 1889 2905 Judaeum
1950 2827 2288 2895 Stiliconis

126 2942 404 3022 ducem,
444 2967 484 3010 a
521 2968 656 3034 quo
703 2968 788 3011 ex
841 2945 1092 3011 insidiis
1157 2946 1643 3010 circumventus
1708 2941 1957 3023 fuerat,
1999 2940 2283 3011 infracto
2387 3001 2392 3006 .

122 3063 355 3129 animo
398 3060 707 3128 confecit.
768 3063 910 3128 Hac
951 3064 1229 3129 victoria
1285 3060 1581 3127 tumidus
1632 3060 1985 3141 Barbarus,
2039 3061 2127 3128 ob
2180 3084 2287 3126 ac-

122 3189 517 3267 ceptamque
560 3178 869 3263 injuriam
914 3180 1011 3243 ira
1057 3175 1531 3266 praefervidus,
1561 3187 1773 3245 totam
1802 3175 2175 3257 AEmiliam,
2218 3190 2288 3243 et

122 3313 253 3359 una
295 3292 616 3382 Regium,
660 3304 728 3359 et
771 3292 1103 3359 Mutinam
1145 3304 1465 3373 vastasse,
1519 3316 1676 3361 mox
1717 3295 1786 3360 in
1831 3292 2085 3360 Gallias
2136 3317 2287 3361 con-

121 3411 387 3476 cessisse
431 3409 692 3476 dicitur.
737 3410 1026 3477 Demum
1059 3410 1345 3477 Honorio
1375 3412 1700 3490 extincto,
1729 3408 2129 3478 Theodosius
2159 3410 2291 3477 Va-

123 3523 487 3593 lentiniano
534 3529 727 3593 tertio
772 3550 858 3612 ex
901 3524 1102 3592 Galla
1140 3524 1428 3592 Placidia
1471 3528 1678 3593 amita
1721 3527 2130 3608 consobrino,
2174 3530 2285 3593 cui

125 3641 483 3711 admodum
548 3664 755 3732 puero
798 3642 1174 3710 Eudoxiam
1242 3641 1448 3709 filiam
1516 3645 1756 3733 nuptui
1824 3642 2286 3724 collocaverat,

128 3756 479 3848 Hesperiae
542 3761 982 3849 principatum
1036 3760 1395 3827 commisit.
1445 3759 1602 3840 His,
1646 3771 1922 3849 augusta
1965 3759 2113 3826 sede
2157 3759 2292 3826 Ra-

130 3894 374 3941 vennae
432 3876 690 3964 posita,
734 3898 907 3944 anno
948 3876 1201 3942 circiter
1251 3898 1292 3940 a
1342 3872 1558 3942 salute
1602 3874 1895 3943 humana
1938 3897 2184 3943 ccccxi.
2228 3878 2291 3941 ei

132 3989 459 4058 undecim
505 3988 773 4056 urbium
815 3991 1175 4080 episcopos,
1203 3999 1271 4056 et
1303 4011 1459 4055 cum
1504 3988 1610 4058 his
1652 3991 1857 4056 etiam
1902 3990 2289 4081 Regiensem

132 4102 429 4190 subjecit.
476 4103 608 4173 Eas
651 4108 974 4190 civitates,
1022 4128 1176 4174 cum
1220 4106 1415 4197 longo
1443 4128 1571 4176 usu
1600 4103 1770 4174 nulli
1800 4104 2289 4198 Archipraesuli
