2950 5017
911 457 1109 504 usne
1156 458 1448 514 Qmmus
2148 443 2271 511 351

52 579 432 651 'alavicino
502 593 743 672 capto,
789 579 1145 661 Nicolaus,
1191 580 1623 662 Ambrosius,
1666 580 2001 650 Antonius
2044 593 2116 649 et
2160 581 2282 650 Gi-

52 709 243 766 ertns
275 697 531 766 Tertii
561 721 783 765 arcem
813 697 1108 766 Gabrino
1138 696 1507 766 Cremonae
1538 710 1823 788 tyranno
1852 697 2281 781 obtulerunt,

52 838 220 904 uam
269 814 410 882 ille
463 827 813 906 receptam
843 814 1231 883 Palavicino
1280 814 1581 883 tradidit.
1629 815 1837 883 Tertii
1882 816 2012 883 sub
2055 828 2283 884 custo-

52 935 121 999 [ia
165 934 391 1023 positi
444 955 814 1022 nunquam
860 930 1151 1022 amplius
1199 934 1319 998 visi
1367 929 1579 999 fuere.
1624 931 1972 1022 Oppidum
2013 934 2083 1000 in
2115 931 2283 999 Ate-

52 1049 163 1115 tini
217 1060 662 1139 potestatem
707 1062 937 1138 postea
982 1049 1306 1138 pervenit.
1355 1046 1802 1137 Repugnabat
1846 1046 2069 1114 adhuc
2107 1046 2275 1116 Gre-

52 1166 241 1242 ‚orius
296 1162 733 1243 Alemanus,
795 1166 916 1254 qui
978 1162 1359 1232 Colurnum
1433 1164 1739 1230 tenebat.
1810 1163 1876 1230 Is
1944 1161 2272 1238 ducentos

52 1280 276 1350 tedites
322 1281 662 1349 Parmam
712 1293 946 1349 euntes
1012 1282 1225 1371 cepit,
1278 1279 1395 1347 sed
1437 1283 1947 1376 superveniente
1992 1280 2190 1349 Petro
2232 1305 2276 1348 a

52 1396 273 1466 iancto
320 1397 578 1466 Felice
623 1420 851 1466 omnes
894 1400 1177 1487 recepti,
1221 1407 1292 1463 et
1336 1398 1476 1487 ipse
1519 1419 1683 1464 cum
1751 1409 1967 1464 castro
2040 1408 2283 1488 captus

52 1525 162 1580 2st.
204 1511 621 1582 Ter-tiorum
687 1513 888 1580 rebus
953 1509 1220 1593 fractis,
1270 1513 1558 1589 Joannes
1623 1511 2066 1594 Malvicinus,
2109 1512 2287 1581 Mat-

52 1626 264 1696 thaeus
310 1628 618 1709 Puteus,
645 1641 715 1696 et
746 1626 1132 1696 Galleacius
1176 1628 1575 1710 Parmensis,
1618 1630 1740 1719 qui
1784 1628 1916 1695 suh
1960 1627 2096 1696 illis
2144 1652 2287 1696 me-

52 1759 302 1814 ruerant
349 1745 598 1815 dolose
645 1746 731 1813 ad
776 1744 1140 1814 Nicolaum
1201 1747 1605 1813 transierunt
1673 1756 1755 1812 ut
1821 1768 1978 1813 eum
2050 1742 2285 1813 fraude
2329 1761 2335 1770 '

52 1863 422 1932 occiderent
441 1915 467 1946 ,
513 1863 633 1931 sed
679 1862 950 1932 detecto
1005 1861 1252 1931 scelere
1297 1860 1381 1930 de
1423 1864 1675 1932 sicariis
1726 1875 2079 1955 sumptum
2131 1885 2288 1955 sup·

54 1978 314 2068 plinium
365 1979 544 2049 fuit.
631 2049 638 2058 ,

177 2096 496 2189 Regiensi
565 2095 747 2167 bello
792 2096 927 2166 fine
972 2099 1287 2189 imposito
1331 2097 1679 2165 Atestinus
1730 2095 2099 2166 Nicolaum
2154 2094 2287 2167 Ro-

59 2210 308 2281 bertum
358 2215 449 2284 ad
501 2215 838 2306 synodum
870 2216 1038 2283 Pisis
1083 2215 1174 2284 ob
1219 2213 1597 2284 tollendum
1641 2212 1932 2282 schisma
1971 2227 2285 2285 coactum

71 2331 256 2412 misit,
300 2345 371 2399 et
418 2330 723 2400 Sfortiae
768 2331 860 2401 ob
904 2334 1234 2423 egregiam
1281 2330 1517 2399 decem
1588 2341 1661 2399 et
1726 2344 1881 2401 octo
1946 2331 2289 2399 mensibus

71 2444 182 2513 sibi
222 2453 624 2537 praestitam
666 2447 870 2516 fidem
915 2460 985 2515 et
1027 2470 1301 2540 operam
1332 2447 1810 2531 Monticolum‚
1840 2447 2023 2539 quod
2071 2448 2161 2515 ab
2205 2472 2289 2516 eo

76 2586 188 2630 non
230 2565 345 2634 diu
393 2579 641 2659 postea
672 2579 773 2634 est
802 2565 1190 2648 detentum,
1218 2567 1529 2636 donavit:
1583 2578 1651 2634 et
1696 2565 1781 2634 ad
1829 2564 2289 2633 Balthasarem

80 2677 331 2749 cossam
391 2682 704 2776 legatum
750 2681 1090 2752 Pontificis
1158 2707 1318 2751 cum
1387 2682 1841 2775 cataphractis
1896 2684 2292 2772 octingentis

81 2808 140 2861 et
165 2800 503 2887 peditibus
534 2803 1032 2894 quadringentis
1077 2802 1206 2870 hac
1250 2800 1396 2893 lege
1438 2804 1536 2869 ire
1582 2802 1904 2892 permisit,
1936 2824 2021 2869 ne
2053 2811 2288 2868 contra

87 2934 145 2978 se
182 2937 477 3008 unquam
557 2942 850 3010 pugnare
922 2931 1359 3010 cogerentur3
1405 2919 1520 2986 sed
1565 2917 1714 2999 ille,
1759 2941 1921 2985 cum
1969 2920 2290 3009 pecuniae

90 3038 363 3119 augustia
407 3034 735 3106 Pontifex
780 3049 1214 3128 premeretur,
1260 3039 1437 3105 intra
1480 3056 1736 3132 paucos
1768 3035 1911 3103 dies
1939 3034 2023 3102 ad
2057 3035 2294 3104 Ladis-

91 3144 252 3218 laurn
291 3154 618 3247 Neapolis
682 3179 902 3247 regem
969 3152 1307 3247 profectus
1351 3152 1613 3237 effecit,
1658 3165 1739 3222 nt
1784 3156 2092 3224 omnium
2140 3154 2287 3242 ejus

97 3270 406 3355 copiarum
478 3278 840 3365 imperator
885 3272 1205 3343 Nicolaus
1259 3275 1612 3342 Atestinus
1676 3285 2034 3340 crearetur.
2082 3271 2283 3341 Anno

97 3380 304 3474 itaque
345 3412 698 3459 uccecxm
731 3391 1081 3460 Ladislaus
1123 3413 1281 3459 cum
1329 3394 1600 3482 triginta
1647 3388 1857 3458 millia
1889 3389 2290 3459 ducatorum
2355 3379 2361 3386 ’

105 3494 426 3577 honorario
471 3518 854 3600 sceptrum,
897 3532 1035 3599 qno
1087 3511 1422 3577 exercitus
1487 3505 1905 3599 praefectura
1970 3506 2292 3574 mandata

102 3616 591 3707 significabatur,
621 3627 989 3695 Ferrariam
1021 3626 1105 3694 ad
1137 3650 1293 3695 eum
1325 3624 1477 3714 fidej
1489 3625 1735 3693 ubente
1780 3622 2037 3693 Sfortia
2081 3625 2289 3690 misit.

106 3726 220 3800 Sed
245 3736 562 3811 Nicolaus
593 3767 677 3812 ne
710 3756 943 3814 contra
970 3741 1366 3812 Pontificem
1397 3755 1637 3823 staret,
1669 3755 1943 3831 accepta
1976 3742 2294 3831 pecunia,

111 3865 407 3939 ⁸00me
453 3863 808 3929 recusavit.
852 3859 1007 3938 Jam
1053 3883 1208 3929 vero
1253 3859 1343 3927 ab
1386 3859 1573 3927 omni
1614 3856 1780 3925 belli
1813 3880 1974 3925 cura
2004 3855 2177 3924 liber
2207 3855 2292 3924 ad

113 3975 532 4044 venerandum
577 3978 859 4047 Domini
903 3976 1331 4068 sepulchrum
1349 4027 1368 4059 ‚
1416 3974 1715 4045 Feltrino
1761 3974 2045 4061 Bojardo
2087 3976 2295 4044 comi·

120 4089 314 4167 tante,
353 4115 555 4182 quem
601 4095 700 4162 ibi
743 4097 1046 4186 equitem
1099 4096 1386 4175 creavit,
1427 4117 1519 4159 ex
1564 4104 1723 4161 voto
1766 4094 1836 4160 in
1883 4089 2295 4159 Palestinam

118 4200 548 4280 transfretavit.
593 4210 856 4280 Exinde
900 4210 1147 4279 Beatae
1190 4205 1450 4303 Virgini
1498 4209 1772 4278 Laureti
1842 4208 2099 4300 argenti
2168 4229 2297 4298 op-
