2950 5017
815 471 821 478 .
853 450 858 456 ·
922 433 1123 480 nnana
1168 431 1463 500 ocnvus
1725 455 1728 458 -
2158 419 2286 505 557

214 556 397 626 Inter
440 554 609 624 haec
652 553 980 623 Octavius
1024 557 1373 624 Farnesius
1439 580 1482 623 a
1549 523 1753 624 Gallo
1799 554 1882 632 ad
1928 554 2286 628 Gaesarem

96 670 344 753 defecit,
373 672 920 762 Placentiamque
949 673 1019 740 e't
1047 672 1413 740 Novariam
1434 721 1455 752 ‚
1490 685 1752 761 praeter
1782 695 1990 754 arces,
2033 679 2289 743 omnia·-

96 814 215 881 que
242 790 701 882 Parmensium
749 788 995 879 oppida
1038 792 1311 879 recepit.
1353 788 1544 878 Regii
1591 812 1749 858 vero
1792 813 1950 859 cum
1981 813 2023 857 a
2051 814 2292 862 coeno·

94 901 235 975 bitis
275 928 500 976 sacrae
546 909 828 996 virgines
876 909 1165 1004 turpiter·
1200 905 1437 976 violari
1484 906 1895 988 dicerentur,
1938 906 2292 978 decretum

93 1035 182 1089 est
241 1035 344 1090 ut·
385 1021 546 1092 illae
604 1023 735 1090 sub
777 1015 1197 1092 delectorum
1243 1025 1497 1091 civium
1545 1046 1707 1091 cura
1735 1022 2105 1113 degerent:
2152 1049 2288 1096 non

96 1137 175 1207 oh
212 1138 278 1206 id
321 1153 553 1206 tamen
601 1138 866 1229 aliquae
910 1137 1215 1231 pollutae
1259 1141 1589 1212 castitatis
1633 1150 1868 1208 notam
1915 1141 2285 1222 evitarunt,

95 1278 250 1345 quae
290 1254 579 1330 occulte.
632 1278 701 1323 se
769 1278 929 1334 cum
992 1254 1331 1326 nonnullis
1376 1255 1538 1322 Divi
1585 1255 1927 1332 Dominici
1973 1254 2288 1346 religiosis
2334 1328 2340 1332 ,

95 1368 321 1439 nefarie
366 1374 862 1440 commiscui-we
907 1359 1457 1440 diffamabantur.¹
1506 1370 1586 1438 Id
1633 1372 1755 1438 ubi
1786 1370 2070 1441 Alberto
2117 1373 2289 1441 Pan·

96 1484 274 1556 cirolo
318 1490 547 1556 curiae
590 1489 875 1577 principi
908 1484 1196 1554 relatum
1229 1484 1393 1568 fuit,
1424 1490 1544 1586 qui
1590 1511 1631 1554 a
1677 1490 2057 1560 necessariis
2097 1511 2290 1558 coac·
2391 1481 2398 1506 “

99 1613 217 1685 tus,
244 1608 625 1674 convocatis
657 1602 1002 1685 affinibus,
1036 1616 1106 1673 et
1135 1606 1441 1673 omnium
1471 1607 1807 1694 virginum
1839 1605 2290 1685 curatoribus,

99 1742 218 1788 rem
248 1722 531 1810 turpiter
563 1733 898 1811 patratam
946 1743 1063 1810 per
1108 1733 1290 1788 certa
1333 1721 1582 1788 indicia
1623 1723 1878 1810 aperitz
1903 1724 2290 1812 interrogat,

99 1836 240 1926 quid
280 1839 350 1905 in
393 1862 466 1905 re
517 1849 654 1906 tam
696 1841 896 1927 *gravi
942 1837 1453 1908 deliberandum
1501 1850 1836 1908 censeant.
1885 1838 2138 1912 Omnes
2183 1864 2289 1909 ar-

104 1954 212 2019 mis
251 1953 480 2043 populi
510 1953 862 2042 sacrilegos
894 1953 1236 2040 ‚ejicendos
1266 1973 1407 2022 esse
1434 1953 1759 2037 clamant,
1793 1978 1874 2022 ac
1904 1955 1989 2023 de
2019 1954 2288 2028 nefariis

102 2067 471 2158 supplicium
522 2073 700 2138 sumi
748 2070 1116 2160 postulant.
1150 2070 1330 2140 Cum
1361 2073 1515 2138 irati
1546 2073 1722 2142 cives
1752 2074 2062 2141 oratione
2095 2072 2289 2152 'flecti

102 2206 213 2252 non
276 2198 581 2275 possent,
626 2186 943 2277 plurium⁸
974 2198 1215 2256 votum
1277 2171 1619 2278 obtinuit:¹
1675 2187 1980 2279 adeoque
2025 2191 2119 2259 ob
2162 2191 2291 2262 cti·

103 2304 273 2372 minis
316 2307 738 2378 atrocitatem
806 2305 1235 2376 audientium
1297 2309 1506 2382 animi
1571 2323 1990 2409 exarserant,
2045 2320 2125 2376 ut
2169 2311 2289 2380 vix

103 2418 161 2485 in
198 2433 521 2510 posterum
566 2422 782 2503 diem,
829 2426 948 2512 qui
997 2434 1231 2491 sextus
1291 2422 1600 2494 calendas
1664 2425 2062 2494 novembris·
2113 2423 2287 2506 fuit,

103 2544 407 2628 negotium
453 2539 711 2610 differri
755 2544 1075 2632 potuerit.
1121 2541 1323 2610 Mane
1383 2543 1513 2610 sub
1577 2546 1842 2609 tertiam
1908 2542 2143 2611 horam
2211 2545 2287 2616 in

102 2652 298 2726 forum
338 2663 585 2729 conscii
630 2659 888 2742 venere,
921 2661 1043 2729 ubi
1077 2664 1243 2728 aeris
1275 2664 1589 2750 campani
1633 2660 1863 2729 crebra
1907 2659 2288 2752 pulsatione

103 2774 257 2842 cives
316 2776 399 2844 ad
469 2801 661 2844 arma
727 2780 953 2847 vocati
999 2777 1087 2888 ad
1134 2778 1392 2846 Divum
1439 2777 1899 2848 Dominicum.
1934 2777 2289 2854 contende-

104 2902 268 2972 runt,
316 2891 635 2986 factoque
700 2898 773 2963 in
840 2894 1243 2971 coenobium
1297 2897 1561 2985 impetu
1606 2918 1766 2964 cum
1812 2896 2286 2966 innocentibus

102 3019 291 3078 sontes
332 3033 577 3100 magno
622 2988 796 3079 cum
828 3011 1289 3100 religiosorum¹
1330 3010 1647 3081 dedecore
1689 3010 2124 3100 expulerunt.
2168 3012 2288 3082 Ab

105 3121 365 3211 phonsus
408 3105 744 3199 Tassonus
789 3129 972 3196 urbis
1018 3126 1402 3198 Praefectus
1452 3150 1614 3196 cum
1666 3125 1998 3199 militibus
2043 3129 2131 3196 ad
2169 3153 2288 3200 ru·

104 3260 326 3311 morem
370 3269 716 3315 accurrens
761 3248 1151 3336 sanguinem
1203 3243 1459 3314 effundi
1505 3244 1877 3335 prohibuit.
1927 3247 2010 3316 In
2053 3270 2287 3318 eorum

106 3357 334 3430 cellulis
377 3388 536 3432 cum
565 3365 945 3454 phrigianis
988 3363 1300 3444 sudariis,
1344 3377 1413 3430 et
1466 3366 1680 3439 mitris
1740 3385 1872 3432 acu
1935 3367 2132 3454 pictis
2186 3369 2288 3434 in·-

105 3489 310 3545 ventae
352 3483 717 3552 amatoriae
763 3481 1022 3549 litterae
1067 3480 1543 3571 deprehensam
1603 3482 2089 3573 turpitudinem
2145 3506 2289 3550 ma-

103 3588 374 3666 nifestius
418 3598 743 3667 indicasse
788 3597 1120 3667 feruntur.
1167 3598 1315 3670 Illis
1360 3598 1589 3686 ejectis
1636 3599 2024 3668 Ludovicus
2067 3598 2288 3666 Zobo—

104 3703 222 3792 lus,
260 3727 325 3781 et
366 3718 757 3786 Franciscus
799 3716 1015 3786 Maria
1058 3699 1388 3786 Brameus
1441 3716 1525 3784 ad
1577 3715 1708 3784 loci
1763 3715 2137 3784 custodiam
2187 3737 2287 3783 re·

106 3821 227 3896 licti
287 3833 764 3925 supellectilem
833 3835 1315 3905 custodierunt.
1364 3834 1683 3903 Ceterum
1732 3832 2064 3906 Hercules.
2123 3832 2304 3910 alios,

106 3964 177 4010 ex
212 3950 453 4020 eodem*
478 3952 704 4023 ordine
749 3952 1158 4022 honestiores
1219 3952 1305 4020 ad
1325 3947 1335 3959 ’
1359 3951 1539 4018 idem
1601 3951 2000 4021 coenobium
2045 3950 2286 4033 redire,

106 4070 162 4123 et
199 4061 345 4134 Divi
387 4069 742 4161 Raphaelis
787 4072 1072 4161 virgines
1117 4067 1448 4139 custodire
1501 4066 1769 4149 voluit3
1813 4091 1989 4160 quae
2033 4090 2286 4148 omnes,

106 4194 333 4263 praeter
403 4198 531 4257 tres
578 4191 759 4257 vitae
825 4190 1181 4257 sanctitate
1236 4189 1691 4278 incorruptas,
1736 4184 2038 4278 pollutae
2084 4181 2287 4258 fuisse
