2950 5017
942 443 1140 491 usu
1183 445 1461 494 manus
2156 437 2290 502 293

37 562 597 645 mantuam,
641 562 1010 630 Castellum
1058 585 1310 634 novum
1327 617 1347 648 ,
1375 564 1713 648 Pelium,
1740 564 2132 652 sarzanam,
2158 571 2292 641 Ga-

39 682 437 764 nuoeium,
479 680 871 761 Paternum,
919 681 1397 765 Motiatellam,
1442 682 2045 768 montemaltum,
2088 699 2292 779 atque

38 797 194 865 alia
243 802 328 866 in
375 798 653 866 castella
683 820 752 866 se
780 811 1196 889 receperunt.
1241 799 1678 869 Bernardinus
1704 825 1858 871 vero
1889 802 2281 887 Folleanus,

38 912 613 1005 Ubaldinusque
679 914 1040 983 canussius
1100 916 1493 1007 Timbergae
1508 968 1528 998 ,
1593 916 1786 1004 cujus
1849 917 1994 987 loco
2059 933 2288 1010 postea

43 1028 334 1099 Sancti
367 1030 714 1100 Valentini
745 1031 1057 1100 Castrum
1090 1043 1190 1100 est
1218 1033 1590 1114 eonditum,
1620 1033 1948 1103 Bernardo
1984 1059 2022 1101 a
2054 1034 2287 1126 Gypso

39 1146 494 1238 mapresio
540 1147 877 1226 tradente,
922 1170 992 1214 se
1037 1149 1444 1215 munierunt.
1504 1148 1584 1215 Id
1626 1148 1748 1215 ubi
1794 1150 2144 1218 adversarii
2190 1154 2291 1217 in-

43 1261 538 1342 tellexerunt,
579 1285 670 1328 ex
709 1261 972 1329 duabus
1029 1263 1317 1332 civitatis
1376 1263 1685 1331 tribubus
1729 1262 1999 1332 delectu
2042 1264 2283 1335 habito

49 1390 509 1467 centumque
549 1375 1036 1446 mutinensium
1077 1376 1375 1447 militum
1419 1389 1626 1469 atque
1667 1378 1953 1448 aliorum
2015 1380 2289 1469 publico

55 1517 263 1575 aere,
310 1492 505 1583 quod
546 1493 1044 1584 expilaverant,
1084 1494 1565 1563 conductorum
1608 1494 1859 1564 auxilio
1904 1494 2127 1564 hostes
2174 1496 2293 1564 ob-

63 1609 437 1676 sederunt.
481 1609 628 1675 Hoc
672 1611 919 1678 nuncio
965 1609 1050 1676 ad
1095 1613 1303 1679 socios
1345 1608 1579 1690 allato,
1607 1613 1727 1699 qui
1757 1609 2179 1681 Mutiatellae
2220 1635 2291 1679 se

61 1727 466 1794 tuebantur
481 1777 503 1805 ,
545 1736 629 1792 ut
672 1726 889 1795 hostes
933 1750 977 1794 a
1020 1727 1416 1817 Timbergae
1473 1725 1811 1795 obsidione
1869 1735 2293 1812 revocarent,

63 1842 358 1910 vallum
402 1842 740 1932 quoddam
790 1842 877 1908 ad
921 1842 1198 1928 Rostam
1240 1846 1311 1911 vi
1352 1853 1696 1933 ceperunt,
1723 1854 1794 1910 et
1820 1842 2059 1911 Portae
2089 1844 2289 1913 Bren-

67 1961 282 2028 nonis
339 1957 670 2025 suburbia
731 1958 1191 2026 incenderunt.
1237 1957 1371 2026 Sed
1413 1958 1548 2027 illis
1591 1961 1661 2026 in
1706 1959 2106 2049 Timbergae
2168 1961 2288 2030 ob-

69 2075 344 2143 sidione
411 2075 747 2142 obstinate
813 2069 1360 2164 perdurantibus,
1423 2074 1866 2144 Bernardinus
1929 2076 2290 2146 Folleanus

73 2190 454 2258 Albcrtum
499 2189 936 2279 scaligerum,
966 2201 1037 2258 et
1069 2192 1535 2261 Pinamontem
1563 2192 2058 2286 Bonacossium,
2087 2193 2290 2261 illum

77 2307 429 2387 Veronae,
474 2305 657 2374 buno
698 2305 1020 2373 Mantuae
1063 2307 1433 2398 Principem
1478 2308 1563 2375 ad
1607 2331 1804 2398 opem
1849 2309 1985 2377 sibi
2030 2323 2292 2377 mature

77 2421 432 2490 ferendam
466 2425 768 2502 vocavit,
797 2425 921 2511 qui
951 2424 1201 2512 ingenti
1243 2436 1475 2493 coacto
1518 2428 1812 2492 exercitu
1862 2448 2020 2492 cum
2063 2423 2292 2494 Sessiis

79 2541 468 2630 proscriptis
498 2537 764 2607 Verona
809 2542 1045 2629 egressi
1075 2538 1306 2608 Sancti
1333 2539 1661 2631 Stephani
1705 2541 2056 2610 castellum
2107 2555 2291 2610 arcta

81 2654 432 2723 obsidione
473 2656 847 2722 cinxerunt.
896 2655 1104 2723 Hanc·
1130 2658 1463 2726 sociorum
1506 2656 1963 2724 calamitatem
1996 2658 2290 2724 miserati

85 2769 538 2839 Bononienses
569 2773 806 2862 viginti
839 2774 1131 2840 civitatis
1163 2796 1323 2841 suae
1349 2796 1642 2864 proceres
1671 2772 1757 2839 ad
1800 2773 2290 2863 componendos

89 2889 276 2954 cives
327 2886 614 2976 Regium
685 2889 1046 2968 miserunt3
1088 2888 1468 2957 Parmenses
1533 2911 1804 2979 quoque
1867 2912 1987 2978 per
2051 2892 2289 2979 viginti

95 2998 354 3090 legatos
382 3012 450 3069 et
477 3013 773 3092 quatuor
819 3005 1128 3071 antianos
1170 3025 1290 3092 pro
1333 3003 1629 3070 ineunda
1671 3025 1834 3093 pace
1877 3001 2145 3071 solliciti
2188 3007 2291 3072 in-

99 3129 551 3186 tumuerunt.
604 3118 799 3186 Cives
867 3119 1152 3199 hortati,
1196 3131 1278 3187 ut
1319 3131 1629 3189 veterum
1694 3119 2022 3189 simultati
2093 3120 2288 3189 obliti

99 3239 386 3325 patriam
431 3258 688 3305 servare
734 3234 977 3314 velint,
1022 3259 1105 3304 ne
1149 3238 1435 3305 nominis
1474 3236 1817 3307 christiani
1864 3240 2289 3310 immemores

104 3349 366 3419 dissidia
424 3349 712 3431 alerent,
752 3350 1134 3419 divinamve
1192 3351 1518 3421 ultionem
1585 3356 1656 3421 in
1713 3376 1783 3422 se
1833 3357 1904 3422 in
1947 3354 2087 3422 dies
2138 3377 2290 3445 pro-

101 3478 444 3548 vocarent3
487 3490 572 3534 ne
613 3465 860 3556 legatio
901 3471 1117 3556 sperni
1164 3468 1528 3550 videretur,
1571 3492 1709 3559 pax
1753 3466 2119 3560 com'posita
2163 3481 2287 3539 aut

103 3582 435 3664 simulata,
479 3604 604 3649 nec
644 3605 776 3649 non
822 3581 1040 3651 multo
1085 3596 1234 3673 post
1278 3608 1319 3651 a
1363 3584 1696 3652 Folleanis
1732 3589 1851 3676 qni
1897 3590 2195 3676 iniquam
2242 3610 2283 3653 a

107 3697 617 3769 Bononiensibus
690 3699 902 3768 latam
968 3705 1362 3771 sententiam
1428 3702 1778 3784 dicebant,
1844 3700 2058 3770 fracta
2118 3701 2282 3773 fuit.

112 3814 411 3884 albatus
457 3820 636 3884 enim
690 3817 829 3903 jam
888 3819 1111 3884 omnia
1176 3819 1395 3885 amica
1460 3819 1822 3886 arbitratus
1886 3839 2046 3886 cum
2112 3819 2286 3896 nibil

115 3925 330 3998 hostile
373 3943 738 4014 metueret,
782 3945 994 4000 castra
1038 3932 1478 4024 negligentius
1527 3929 1971 4003 custodiebat.
2017 3936 2114 4001 At
2156 3934 2286 4002 Su-

117 4049 373 4132 periores
413 4047 605 4117 nulla
646 4049 1044 4141 legatorum,
1088 4052 1356 4141 pacisve
1400 4054 1663 4121 ratione
1706 4050 1943 4119 habita
1988 4076 2075 4120 ex
2121 4063 2286 4118 tem·

127 4179 260 4247 1³0oe
317 4164 491 4235 Divo
557 4165 900 4256 Stephano
967 4178 1331 4257 erumpunt
1358 4219 1379 4250 ,
1446 4170 1994 4258 inopinantesque
2060 4168 2285 4239 hostes
