2950 5017
646 429 734 500 9²
1379 427 1617 472 nanum
1674 426 2088 472 ancraxsrun

644 547 989 615 inundatio
1053 546 1125 612 in
1192 547 1498 614 universa
1541 544 1738 613 Italia
1797 559 2029 613 secuta
2094 567 2250 611 cum
2313 546 2587 635 integris
2662 544 2866 612 villis

645 673 943 728 armenta
986 659 1307 740 abduxit,
1349 674 1420 726 et
1447 660 1702 729 Romae
1746 683 1969 728 muros
2016 660 2380 749 superavit.
2423 657 2861 729 Deformatis

645 776 899 866 ubique
958 773 1297 856 aedificiis,
1338 775 1830 865 devastatique
1877 777 2036 855 viis,
2087 786 2155 840 et
2208 777 2375 862 agris
2424 778 2495 842 in
2547 774 2857 841 lacunas

644 893 1007 973 conversis,
1036 913 1317 980 magnus
1360 893 1563 957 etiam
1607 889 1961 959 hominum
2006 902 2075 957 et
2116 888 2467 958 brutorum
2509 913 2864 958 numerus

642 1009 925 1088 interiit,
954 1017 1035 1072 ut
1076 1029 1118 1072 a
1161 1005 1311 1073 Noe
1358 1005 1768 1095 temporibus
1800 1016 2067 1072 tantum
2099 1003 2432 1072 diluvium
2461 1001 2670 1071 fuisse
2711 1027 2861 1071 non

645 1121 976 1189 credatur.
1021 1119 1158 1189 'I'ot
1201 1131 1534 1209 praeterea
1576 1122 1993 1187 coruscantia
2036 1116 2304 1208 fulgura
2320 1168 2341 1199 ,
2396 1131 2599 1207 atque
2665 1120 2864 1187 toni-

646 1246 834 1317 trua,
873 1246 1043 1324 quot
1085 1234 1275 1304 nullo
1323 1249 1617 1324 tempore
1665 1236 1914 1301 aestivo
1952 1256 2086 1301 esse
2122 1232 2369 1310 solent,
2399 1232 2690 1302 terrifico
2745 1256 2865 1301 so·

646 1354 799 1419 nitu
839 1354 1142 1420 omnium
1188 1354 1445 1421 animos
1512 1361 2039 1420 consternarnnt.
2099 1351 2290 1417 Hane
2337 1361 2592 1416 vastam
2634 1352 2861 1416 inun-

647 1467 989 1537 dationem
1064 1468 1284 1556 gravis
1363 1466 1716 1533 subsecuta
1789 1463 2195 1555 pestilentia,
2263 1466 2556 1532 maxima
2619 1464 2863 1533 homi-

570 1617 575 1622 ·
645 1605 814 1650 num
859 1595 1074 1673 strage
1117 1586 1188 1649 in
1234 1594 1378 1652 tota
1421 1581 1692 1673 Europa
1735 1579 1938 1663 facta,
1983 1582 2405 1670 paucissimos
2448 1582 2856 1670 superstites

645 1698 916 1789 reliquit
946 1700 1047 1767 (¹).

779 1814 1041 1882 Interea
1070 1812 1556 1895 Theodolinda,
1587 1812 1872 1880 Authari
1916 1816 2155 1881 marito
2183 1835 2437 1880 veneno
2479 1809 2849 1878 crudeliter

646 1941 908 2010 necato,
952 1929 1316 2019 Agilulpho
1362 1930 1871 1997 Taurinensium
1913 1930 2067 1996 duci
2112 1930 2364 2018 nupsit,
2405 1930 2529 2018 qui
2568 1926 2659 1995 oh
2708 1950 2844 1994 no-

649 2065 811 2109 vum
857 2046 1354 2111 matrimonium
1400 2068 1524 2111 rex
1567 2055 1829 2112 creatus
1874 2048 2055 2112 vario
2102 2056 2314 2110 marte
2366 2044 2625 2131 saepius
2671 2064 2845 2109 cum

649 2156 952 2223 exarchis
996 2157 1322 2226 conflixit.
1371 2158 1671 2250 Tandem
1699 2182 1856 2225 eum
1885 2164 2128 2228 montis
2158 2158 2558 2226 Cassinensis
2603 2178 2849 2224 coeno-

648 2272 841 2339 bium
888 2276 1091 2361 impie
1137 2275 1524 2353 exussisset,
1554 2272 1954 2341 Gallinicius
1997 2286 2275 2363 quartus
2320 2296 2360 2339 a
2398 2272 2674 2339 Narsete
2709 2271 2853 2338 Ra-

648 2410 901 2454 vennae
966 2387 1327 2468 exarchus,
1382 2412 1590 2477 quem
1655 2400 1854 2455 antea
1922 2388 2276 2456 Mauritius
2340 2390 2698 2477 imperator
2771 2388 2844 2452 in

647 2501 916 2568 Italiam
947 2501 1233 2571 Romani
1262 2502 1531 2570 Patricii
1574 2525 2009 2572 successorem
2055 2506 2320 2569 miserat
2342 2552 2361 2581 ,
2392 2513 2621 2571 coacto
2651 2525 2845 2570 exer-

650 2619 792 2683 citu
821 2618 1129 2684 Parmam
1175 2621 1243 2686 vi
1290 2621 1737 2708 expugnavit3
1770 2619 1889 2684 ubi
1922 2616 2266 2706 Agilulphi
2298 2619 2463 2705 regis
2492 2615 2636 2683 filia
2676 2638 2848 2683 cum

650 2731 1108 2801 Godescaleho
1153 2736 1392 2801 marito
1445 2746 1641 2824 capta
1661 2785 1680 2814 ,
1738 2737 1960 2822 copias
2011 2731 2424 2822 aliquamdiu
2478 2730 2656 2820 apud
2710 2731 2849 2798 Re-

652 2851 901 2938 gienses
948 2852 1207 2930 tenuit3
1251 2873 1418 2940 quos
1464 2862 1627 2922 tunc
1693 2851 1926 2916 urbem
1972 2849 2263 2916 dirutam
2328 2847 2638 2914 hahuisse
2704 2870 2844 2916 non

659 2966 822 3033 adeo
886 2965 1082 3033 firma
1147 2969 1398 3040 ratione
1463 2966 1758 3036 Blondus
1824 2968 2134 3055 opinatur
2161 2965 2265 3031 (²).
2307 2966 2429 3030 His
2472 2962 2837 3054 Gregorius

652 3079 971 3150 Pontifex
1016 3082 1143 3151 sub
1188 3081 1354 3150 haec
1400 3093 1699 3171 tempora
1742 3078 2153 3150 Bonifatium
2195 3082 2571 3169 episcopum
2629 3077 2849 3157 dedit,

652 3198 769 3285 qui
824 3219 982 3261 cum
1038 3196 1232 3283 plura
1288 3197 1690 3283 pauperibus
1757 3195 2174 3283 elargiretur,
2230 3194 2321 3262 ab
2389 3218 2467 3263 eo
2531 3193 2848 3260 laudatus

661 3322 792 3390 est,
837 3310 952 3376 sed
1010 3308 1469 3397 reprehensus,
1515 3309 1696 3398 quod
1749 3307 2098 3377 benefacta
2163 3310 2554 3399 predicaret:
2598 3311 2673 3376 id
2716 3308 2851 3378 fuit

656 3449 829 3491 anno
874 3446 1079 3492 nxcv.
1129 3422 1470 3490 Defuncto
1500 3422 1889 3514 Agilulpho,
1917 3424 2333 3494 Adalvaldus
2378 3423 2580 3506 filius,
2609 3424 2851 3494 deinde

653 3539 1048 3608 Ariovaldus
1114 3539 1338 3609 ordine
1404 3553 1886 3608 successerunt.
1956 3543 2252 3609 Demum
2313 3542 2651 3611 Rotharus
2731 3566 2852 3610 rex

656 3668 916 3733 creatus
947 3656 1372 3725 Theodorum
1416 3657 1783 3725 exarchum
1831 3658 2009 3747 apud
2054 3657 2489 3728 Scultennam
2531 3643 2851 3739 flurium,

654 3797 833 3842 nunc
877 3775 1227 3844 Panariam
1274 3786 1622 3863 vocatum,
1667 3786 1821 3843 octo
1882 3774 2183 3842 millibus
2248 3775 2546 3845 hostium
2615 3779 2850 3857 caesis,

732 4037 818 4100 (r)
852 4031 993 4083 Paul.
1027 4030 1169 4104 Diac-
1202 4030 1322 4084 hist.
1355 4032 1447 4083 lib.
1478 4049 1642 4085 xvrrr.

733 4123 818 4197 (a)
852 4124 1038 4178 Bloud.
1070 4132 1122 4178 et
1153 4124 1294 4177 Paul.
1329 4124 1471 4179 Diac-
1507 4125 1589 4178 ub.
1624 4142 1730 4194 sup.
