2950 5017
990 407 1194 454 mu
1239 408 1487 454 sest
2199 393 2335 484 417

53 552 305 622 posse
349 526 731 620 pollicetur.
777 527 876 610 Is,
927 552 998 596 re
1048 551 1210 597 eum
1255 528 1469 597 Paulo
1530 525 1739 595 fratre
1793 533 2329 617 communicata,

52 652 232 718 etsi
278 658 669 717 moneretur
711 671 797 714 ne
838 648 1068 737 ignoto
1112 647 1373 716 homini
1417 651 1792 716 incertaeve
1837 650 1978 739 spei
2017 650 2333 734 credulus

59 787 161 831 ae
225 767 713 843 committeret,
756 771 1074 855 coeptum
1120 773 1347 831 tamen
1393 765 1743 853 negotium
1773 763 2077 853 perficere
2108 766 2332 834 decre-

59 881 232 950 vit.
284 878 613 964 Undecim
657 880 887 969 itaque
925 881 1107 960 viris,
1137 902 1306 969 quos
1337 880 1786 968 superioribus
1817 878 2054 950 diebus
2096 903 2330 950 secum

61 993 489 1062 adduxerat
505 1044 529 1076 ,
573 1005 645 1061 et
687 1017 826 1063 uno
874 992 1007 1066 alio
1052 995 1182 1061 sibi
1227 992 1495 1086 adscitis
1514 1044 1534 1076 ,
1579 989 1664 1062 ad
1708 979 2056 1087 carpineti
2102 994 2329 1067 forum

63 1115 464 1202 pervenit3
510 1110 608 1180 ibi
667 1109 947 1180 tollendi
998 1109 1210 1179 hostis
1261 1113 1678 1202 occasionem
1734 1123 2206 1203 expectaturus
2254 1118 2328 1182 in

68 1227 529 1298 domuncula
570 1249 644 1294 se
688 1226 1017 1308 condidit,
1065 1251 1143 1294 ac
1187 1226 1480 1296 Morotto
1525 1227 1891 1311 indicatur,
1935 1232 2056 1322 qui
2104 1227 2333 1298 confe-

74 1347 274 1412 stim
315 1345 667 1435 sexaginta
712 1340 1097 1413 facinorosis
1142 1343 1529 1414 hominibus
1565 1344 1862 1414 collectis
1891 1345 2179 1416 inclusos
2210 1371 2337 1415 um

89 1460 329 1552 dique
375 1455 838 1530 circumdedit.
879 1460 1361 1554 Bernardinum
1406 1485 1567 1531 vero
1610 1461 2078 1534 Pratonerium
2104 1465 2336 1534 Hiero-

77 1579 303 1667 nymi
366 1573 618 1658 filium,
670 1578 790 1667 qui
864 1580 1145 1667 antiqua
1208 1578 1340 1644 sibi
1406 1575 1864 1647 familiaritate
1930 1579 2334 1667 conjunctus

85 1706 290 1776 erat,
335 1697 518 1762 intus
572 1717 732 1761 cum
784 1693 1091 1762 hostibus
1145 1693 1455 1763 clausum
1521 1719 1661 1763 esse
1730 1695 2145 1788 intelligens,
2192 1696 2340 1765 alta

83 1832 279 1879 voce
322 1822 592 1900 propter
636 1821 925 1879 veterem
982 1812 1392 1893 amicitiam,
1441 1813 1500 1878 si
1555 1811 1962 1902 egrediatur,
2004 1836 2074 1880 se
2118 1816 2338 1882 vitam

89 1927 167 1993 ei
215 1949 680 1995 concessurum
726 1929 1089 2017 promittit.
1129 1924 1263 1994 Sed
1292 1926 1411 1993 ille
1443 1950 1602 1996 cum
1633 1932 1823 1997 sociis
1851 1932 2088 2021 perire,
2122 1953 2333 2020 quam

89 2046 251 2111 sine
293 2043 430 2111 illis
472 2046 715 2113 servari
759 2042 1029 2111 maluit.
1074 2044 1317 2134 Itaque
1361 2048 1512 2136 igne
1541 2044 1804 2134 ‚humili
1849 2057 2029 2116 tecto
2074 2046 2329 2134 injecto

93 2185 232 2251 per
275 2165 522 2229 ostium
569 2160 864 2228 ambusti
909 2171 1235 2229 exeuntes
1281 2161 1391 2240 ,ad
1458 2184 1678 2230 unum
1742 2185 1978 2232 omnes
2048 2187 2334 2233 numero

96 2278 429 2346 tredecim
473 2278 789 2346 trucidati
835 2275 1024 2345 fuere
1057 2279 1174 2362 (ῐ).ἡ
1202 2278 1386 2346 Inter
1427 2303 1538 2348 eos
1570 2303 1758 2370 *unus
1804 2275 1895 2347 ex
1927 2280 2222 2370 Bojonis,
2264 2292 2335 2352 et

97 2399 345 2465 omnes
382 2396 731 2485 Regienses
774 2420 863 2463 ex
908 2396 1199 2465 honestis
1243 2395 1517 2478 familiis
1559 2403 1708 2466 nati
1750 2397 1953 2468 fuisse
1996 2398 2333 2477 feruntur.

100 2514 439 2582 Hostibus
480 2516 684 2581 caesis
750 2513 837 2581 ad
903 2514 1308 2604 proditorem
1371 2497 1725 2584 conversus
1775 2516 2140 2597 Morottus,
2194 2516 2334 2597 his,
2391 2589 2395 2593 ,

99 2631 362 2719 inquit,
406 2653 574 2720 quos
619 2629 705 2697 ad
748 2650 986 2696 necem
1007 2649 1012 2652 ’
1035 2629 1364 2697 tradidisti
1429 2641 1501 2723 vte
1568 2654 1903 2720 superesse
1973 2654 2108 2699 non
2175 2651 2336 2698 con-

105 2749 344 2815 venit:
417 2770 504 2814 en
572 2748 674 2813 tui
740 2744 1004 2820 sceleris
1070 2745 1443 2814 mercedem
1505 2747 1774 2837 accipet
1822 2748 1918 2814 ita
1961 2743 2145 2814 fatus
2187 2768 2329 2815 uno

102 2865 257 2932 ictu
302 2863 647 2934 bominem
698 2865 1147 2935 obtruncavit.

247 2983 346 3049 At
388 2982 612 3060 Julius
654 2981 1005 3063 Pontifex,
1048 2984 1169 3074 qui
1224 3005 1436 3073 nuper
1478 2981 1931 3052 Mirandulam
1974 3003 2332 3073 expugna·

113 3111 336 3181 verat,
357 3098 726 3168 Bononiam
758 3096 1119 3192 profectus,
1152 3099 1459 3169 habendo
1489 3100 1696 3191 Regio
1725 3102 2027 3168 animum
2061 3099 2334 3186 adjecit.

107 3217 371 3287 Contra
415 3215 637 3299 Galli,
681 3219 798 3307 qui
852 3220 923 3284 in
984 3216 1305 3307 praesidio
1357 3230 1584 3301 erant,
1626 3217 1993 3287 levioribus
2052 3217 2335 3307 quibus-

109 3334 274 3402 dam
336 3331 599 3424 praeliis
669 3330 896 3414 factis,
951 3334 1286 3401 Mutinam
1323 3357 1475 3424 ,per
1543 3332 1985 3424 proditionem
2049 3335 2335 3423 recipere

115 3463 603 3530 tentaverunt,
650 3451 762 3517 sed
814 3454 1126 3541 magistro
1195 3450 1495 3518 militum
1540 3451 1746 3541 Carpi
1800 3447 2152 3531 defuncto,
2216 3472 2334 3540 spe

112 3592 239 3638 sua
283 3566 586 3635 frustrati
631 3565 991 3637 feliciorem
1040 3568 1205 3635 alibi
1247 3590 1628 3635 successum
1667 3567 2077 3635 habuerunt.
2108 3565 2338 3657 Siqui-

110 3686 274 3753 dem
321 3682 624 3753 hostibus
654 3684 753 3750 -ad
799 3706 1015 3770 unum
1061 3684 1406 3752 trucidatis
1435 3682 1747 3754 Pontifici
1794 3683 2165 3752 Bononiam
2209 3685 2338 3749 eri-

118 3811 461 3893 puerunt,
528 3801 1039 3893 incredibilique
1106 3800 1441 3870 celeritate
1507 3824 1624 3891 per
1690 3799 2034 3868 lutulenta
2095 3801 2339 3868 itinera

117 3919 391 4012 reliquo
436 3922 746 3988 exercitu
808 3944 887 3989 eo
922 3920 1235 3989 'deducto
1279 3917 1711 3988 Bentivolum
1754 3918 2185 3988 reduxerunt.
2229 3917 2343 3985 In-

192 4171 282 4246 (ι)
314 4171 503 4229 Mena·
532 4171 762 4242 innmrii
791 4188 952 4224 unxi.

2004 4275 2068 4329 ⁸7
