2950 5017
960 447 1158 493 unna
1202 423 1448 494 ramus
2212 430 2297 499 53

76 567 523 639 Rubiconem
561 564 850 634 fluvium
894 589 1028 634 non
1074 566 1445 633 excedebat
1462 616 1483 646 ,
1512 567 1847 655 provincia
1892 577 2297 651 censeretur,

72 705 265 752 anno
322 684 419 750 ab
463 681 554 751 U.
599 680 683 750 C.
726 682 1202 749 sexcentesimo
1254 682 1571 770 vigesimo
1616 682 1830 750 Lucio
1877 680 2185 772 Opimio,
2231 695 2302 750 et

71 801 364 884 Quinto
395 797 607 866 Fabio
634 794 933 865 Maximo
952 788 1401 884 ‘Coss.‚·cajus
1431 794 1771 865 Gracchus
1800 797 2114 867 decennio
2144 808 2302 888 post

74 912 330 982 fratris
389 914 655 983 obitum
713 910 929 1001 legem
996 915 1316 1001 agrariam
1382 911 1643 980 laturus
1667 964 1687 992 ,
1753 938 1837 980 nc
1903 917 2055 1004 quis
2124 913 2304 982 ultra

76 1051 428 1096 nuxxxm
471 1028 702 1115 jugera
741 1025 1121 1115 possideret,
1165 1028 1366 1094 etiam
1410 1026 1586 1094 illud
1632 1026 1919 1109 addidit,
1961 1040 2044 1096 ut
2087 1052 2301 1121 usque

80 1143 185 1210 nd
233 1143 423 1234 alpes
465 1140 665 1208 Italia
707 1141 1190 1208 extenderetur.
1237 1139 1370 1214 Sed
1414 1166 1492 1210 eo
1537 1145 1921 1233 importuna
1963 1144 2300 1212 nobilium

86 1256 402 1327 factione
432 1255 807 1337 interfecto,
838 1255 1007 1323 nihil
1038 1259 1142 1345 agi
1172 1259 1414 1345 potuit.
1460 1257 1780 1326 Tentavit
1824 1258 2061 1325 deinde
2094 1257 2304 1345 Cajus

86 1373 394 1442 Fulvius
424 1373 730 1454 Flaccus,
757 1375 998 1440 omissa
1028 1395 1332 1460 agrorum
1361 1372 1717 1455 divisione,
1747 1387 1830 1441 ut
1861 1376 1930 1441 in
1965 1377 2308 1443 civitatem

88 1488 485 1559 Romanam
527 1488 683 1555 Itali
741 1488 1312 1570 adscriberentur;
1356 1489 1540 1579 quod
1599 1514 1754 1557 cum
1807 1489 2094 1558 Senatus
2146 1490 2310 1576 reje-

90 1609 300 1674 cisset
326 1656 349 1687 ,
392 1603 972 1673 tumultuantibus
1037 1605 1305 1695 populis
1337 1657 1358 1687 ,
1408 1605 1645 1674 sociale
1714 1605 1971 1673 bellum
2040 1607 2307 1697 exarsit.

92 1722 416 1791 Demum
482 1722 566 1789 ad
632 1721 957 1791 tollendas
1025 1722 1326 1789 exitiales
1380 1723 1733 1791 discordias
1791 1723 1983 1791 Italis
2025 1723 2307 1790 ⁴civibus

110 1835 328 1906 factis
352 1888 375 1920 ,
416 1841 610 1924 etiam
681 1841 985 1907 universa
1026 1837 1255 1914 Gallia
1306 1838 1646 1929 Cisalpina
1670 1891 1690 1920 ‚
1760 1863 1934 1929 quae
1998 1839 2307 1907 adversus

98 1956 325 2024 socios
377 1954 650 2022 ardente
706 1954 932 2023 studio
976 1955 1293 2022 Romanis
1352 1954 1674 2037 affuerat,
1710 1951 1772 2022 >si
1817 1955 2128 2024 Straboni
2175 1980 2313 2022 cre·

104 2070 371 2152 dimus,
415 2071 487 2138 in
532 2071 875 2138 civitatem
919 2082 1182 2160 recepta
1225 2067 1387 2138 fuit.
1455 2069 1587 2137 Sed
1631 2096 1710 2138 ea
1762 2072 2065 2140 nondum
2110 2071 2311 2138 Italia

104 2184 269 2269 fuit,
311 2190 477 2279 quia
504 2209 643 2277 quo
672 2200 970 2277 ternpore
1015 2212 1057 2253 a
1101 2187 1325 2255 Marco
1355 2188 1651 2256 Antonio
1696 2187 2122 2256 'obsidebatur
2151 2188 2310 2255 Mu-

110 2306 291 2386 tina,
319 2304 670 2372 Rubicone
699 2303 966 2371 Italiam
1001 2328 1040 2369 a
1071 2302 1296 2403 Gallia
1343 2305 1694 2371 discretam
1726 2302 1929 2372 fuisse
1960 2305 2308 2394 Appianas

110 2421 376 2501 scribit3
419 2443 629 2510 quam
673 2422 874 2487 etiam
919 2419 1121 2509 paulo
1169 2433 1327 2487 ante
1374 2419 1543 2504 Cajo
1570 2420 1611 2497 J
1616 2418 1752 2488 ulio
1797 2420 2078 2488 Caesare
2124 2420 2335 2510 apud⁴
2450 2383 2458 2392 ⁴

112 2561 236 2608 nos
277 2535 678 2607 Proconsule
722 2536 983 2606 eosdem
1034 2534 1197 2603 fines
1264 2536 1608 2618 hahuisse,
1652 2561 1775 2605 nec
1817 2539 1946 2605 nisi
2003 2561 2182 2619 sero,
2228 2563 2314 2607 ne

112 2647 569 2745 praefecturae
614 2657 882 2724 nomine
949 2676 1248 2724 onerosos
1315 2654 1558 2721 milites
1627 2653 1829 2722 aleret
1845 2705 1865 2736 ,
1910 2654 2149 2722 Italiae
2198 2654 2344 2721 ad-'

109 2774 425 2862 scriptam
466 2768 671 2838 fuisse
698 2771 872 2838 Dion
907 2781 1252 2839 memorat.
1302 2772 1424 2837 His
1468 2771 1725 2838 Lucani
1771 2770 2030 2837 accedit
2076 2781 2310 2838 aucto-

116 2889 311 2968 ritas,
349 2889 471 2976 qui
512 2890 716 2954 etiam
763 2885 1228 2975 posterioribus
1259 2885 1543 2955 Neronis
1576 2885 1981 2975 temporibus
2012 2883 2311 2952 Galliam

114 3013 420 3072 nonnam
467 3002 553 3070 ab
601 3000 800 3069 Italia
833 3001 1113 3070 divisam
1161 2998 1363 3068 fuisse
1409 3010 1761 3068 memorat.
1799 2998 2046 3068 Sociali
2085 3010 2315 3068 autem

115 3114 309 3186 bello
352 3118 471 3185 vix
512 3116 777 3185 tandem
820 3116 1049 3184 sedato
1079 3115 1206 3183 Cn.
1240 3116 1542 3205 Papirius
1573 3114 1795 3184 Carbo
1827 3126 2120 3187 nostram
2152 3112 2319 3182 Gal-

114 3230 281 3300 liam
324 3255 502 3301 anno
546 3232 635 3299 ab
665 3231 757 3300 U.
787 3232 870 3300 C.
904 3237 1160 3300 nctxrx
1204 3231 1455 3301 Consul
1501 3233 1703 3314 rexit,
1747 3231 1942 3319 cujus
1988 3229 2315 3315 Quaestor

114 3346 323 3434 Caius
347 3347 587 3416 Verres
628 3347 1109 3433 sordidissimae
1155 3350 1473 3418 avaritiae
1505 3347 1735 3430 homo,
1765 3358 1839 3415 et
1865 3346 2075 3415 Marci
2103 3345 2316 3414 Tullii

116 3464 453 3534 Ciceronis
499 3466 873 3534 actionibus
917 3467 1224 3554 insignis,
1253 3489 1412 3532 cum
1443 3488 1641 3534 omne
1684 3468 2066 3555 rapinarum
2111 3485 2318 3554 genus

116 3593 484 3663 exerceret,
514 3584 721 3650 etiam
751 3582 1160 3673 stipendium
1192 3582 1522 3651 militibus
1551 3582 1978 3662 solvendum,
2012 3593 2083 3649 et
2122 3583 2320 3671 pecu‘·

120 3699 298 3764 niam
328 3696 420 3765 ad
450 3697 809 3766 emendum
847 3696 1263 3765 frumentum
1294 3682 1422 3765 sibi
1466 3700 1891 3766 commissam
1920 3698 2321 3765 intervertit.

121 3811 297 3882 Cum
324 3836 487 3884 vero
516 3813 728 3900 Cajus
757 3814 1019 3881 Marius
1050 3813 1586 3903 Mithridaticum
1631 3813 1889 3880 bellum
1918 3813 2133 3880 Lucio
2161 3810 2322 3879 Cor-

124 3929 297 3998 nelio
326 3927 563 4019 Syllae
595 3929 939 3998 decretum
969 3927 1333 4012 affectaret,
1354 3932 1833 4008 interneciuum
1865 3926 2123 3994 bellum
2152 3929 2325 3993 inter

128 4066 241 4112 eos
266 4047 664 4115 suscitatum
706 4057 922 4116 totam
951 4044 1250 4114 Galliam
1279 4046 1689 4137 Cisalpinam
1734 4048 1969 4144 misere
2010 4043 2322 4111 vexavit:

127 4181 301 4250 quse
346 4161 765 4234 turbulentis·
794 4161 1199 4234 factionibus
1241 4158 1531 4236 lacerata
1572 4164 1695 4230 diu
1736 4165 1806 4231 in
1852 4162 2049 4232 armis
2100 4155 2319 4238 stetit,
