2950 5017
677 439 803 508 152
1414 445 1652 498 neuun
1694 443 2109 500 ateramum

667 571 1143 668 impotentium
1186 570 1542 641 hominum
1588 567 1959 642 audaciam
1993 570 2177 641 exosi
2196 620 2216 652 ,
2258 582 2339 640 ‘et
2380 580 2468 638 'ut
2506 566 2873 658 maiorem

672 695 879 762 etiam
921 689 1050 758 sibi
1091 689 1166 755 in
1207 686 1376 754 urbe
1423 687 1887 755 auctoritatem
1931 685 2384 776 compararent
2435 684 2875 777 plebeiorum

668 819 889 901 partes
960 813 1419 894 susceperunt.
1485 799 1588 872 Eo
1655 825 1811 872 vero
1877 812 2177 893 tempore
2248 800 2553 892 plurimis
2630 799 2868 892 stipati

664 921 1019 993 clientibus
1069 932 1366 990 extrema
1430 918 1757 987 seditiosis
1802 921 2150 986 'minantes
2214 917 2637 986 incedebant.
2692 918 2865 985 Tum

665 1061 820 1109 vero
861 1035 1229 1106 Sessiorum
1274 1033 1584 1124 snperbia
1626 1031 1857 1102 offensi
1923 1044 1993 1099 ct
2057 1036 2303 1123 patrati
2345 1033 2691 1124 parricidii
2740 1055 2867 1100 me-

663 1178 899 1235 mores,
925 1152 1233 1221 districtis
1277 1149 1513 1241 gladiis
1531 1201 1551 1232 ,
1577 1149 1961 1219 sternendos
2003 1170 2139 1217 esse
2182 1149 2497 1240 superbos
2538 1160 2865 1239 tyrannm

663 1272 1041 1341 exclamant
1066 1320 1088 1352 ,
1151 1268 1691 1337 concurrentibus
1768 1265 2064 1357 undiqw
2129 1265 2215 1336 ad
2280 1269 2497 1334 rixam
2563 1265 2862 1357 plebeis,

660 1388 915 1458 viribus
941 1383 1277 1456 inferiores
1306 1384 1507 1453 Sessii
1532 1384 1655 1451 ribi
1698 1407 1770 1452 se
1811 1385 2056 1452 invisos
2086 1393 2239 1451 tuto
2281 1384 2352 1449 in
2396 1385 2691 1449 civitate
2726 1405 2865 1450 esse

660 1527 796 1572 non
841 1523 1029 1592 posse
1072 1499 1700 1580 animadverterunt,
1743 1497 2109 1568 Bononiam
2155 1508 2655 1567 concesserunt.

798 1613 933 1685 Tot
981 1618 1307 1685 intestinis
1365 1616 1563 1683 malis
1616 1612 1862 1684 afflicta
1919 1616 2190 1697 civitas,
2241 1635 2396 1681 cum
2442 1613 2859 1681 &versurum

661 1731 1032 1803 factionum
1073 1753 1318 1801 omnes-
1343 1728 1553 1800 ferme
1596 1733 1776 1799 cives
1821 1741 2060 1812 essent,
2090 1741 2174 1795 ut
2210 1751 2340 1796 non
2386 1730 2512 1798 nisi
2554 1727 2859 1818 complu-

663 1852 837 1917 rium
864 1846 1289 1918 incommodo
1315 1848 1623 1937 componi
1651 1843 1991 1913 dissidium
2022 1856 2271 1935 posset,
2301 1844 2387 1910 ad
2417 1843 2857 1923 Fridericum,

663 1967 783 2054 qui
826 1963 987 2031 huic
1046 1964 1279 2032 morbo
1333 1962 1712 2042 medeatur,
1754 1961 2008 2051 legatos
2052 1963 2335 2029 mittunt
2351 2010 2368 2027 .
2414 1958 2481 2027 Is
2525 1958 2621 2027 ab
2659 1958 2855 2028 Inno-

663 2081 878 2148 centio
921 2077 1022 2146 lv
1064 2081 1133 2145 in
1179 2076 1609 2167 Lugdunensi
1660 2076 1915 2167 synodo
1964 2076 2120 2144 diris
2144 2076 2531 2175 ⁶‹lamnatus
2572 2075 2851 2142 Pam-u

663 2193 1065 2264 considebat.
1110 2192 1218 2260 Ad
1260 2215 1466 2284 quem
1508 2195 1862 2263 intromissi
1903 2192 2107 2283 legati
2161 2195 2265 2260 ita
2319 2194 2534 2265 exorsi
2577 2207 2722 2258 esse
2762 2190 2854 2256 di·

576 2321 579 2325 ’
661 2320 942 2378 cuntur:
1002 2309 1323 2378 Intestino
1389 2307 1573 2377 bello
1639 2312 1868 2376 attrita
1935 2320 2158 2377 nostra
2222 2307 2594 2398 respublica
2665 2317 2848 2374 tuam

659 2447 890 2516 opem,
923 2423 1161 2491 inclite
1203 2423 1481 2505 Cacsar,
1523 2424 1877 2515 implorare
1939 2423 2398 2516 compellitur,
2443 2443 2621 2513 quae
2666 2422 2850 2491 velut

662 2551 1004 2632 aegrotans
1064 2540 1193 2608 sibi
1252 2561 1627 2608 succurrere
1669 2542 1906 2631 nequit
1920 2592 1941 2623 ,
1984 2543 2335 2631 nervisque
2376 2538 2705 2610 omnibus
2739 2537 2848 2605 de-

659 2661 898 2726 stituta
937 2656 1243 2747 languet3
1288 2667 1360 2724 et
1404 2679 1564 2723 cum
1607 2667 1961 2725 externum
2014 2657 2346 2724 auxilium
2393 2655 2667 2723 aliunde
2708 2677 2844 2745 spe-

660 2796 805 2841 rare
848 2796 981 2842 non
1027 2773 1274 2861 possit,
1319 2782 1422 2853 te,
1473 2775 1596 2861 qui
1645 2771 1828 2842 solus
1895 2772 1979 2839 ad
2041 2770 2446 2840 reddendam
2488 2774 2842 2840 sanitatem

657 2886 957 2958 medicus
999 2910 1069 2955 es
1111 2885 1381 2955 relictus
1397 2937 1417 2968 ,
1444 2888 1763 2976 respicere
1803 2888 2077 2977 cogitur.
2125 2886 2527 2956 Domesticis
2572 2885 2846 2956 dissidiis

660 3015 858 3071 antea
915 3002 1187 3070 turbata
1204 3054 1224 3082 ,
1277 3005 1400 3070 etsi
1466 3006 1728 3093 saepius
1791 3005 2152 3084 titubavit,
2212 3025 2392 3070 nunc
2456 3001 2843 3092 inexpiabili

656 3119 1077 3208 quorundam
1122 3116 1346 3186 furore
1388 3122 1762 3206 exagitata,
1804 3121 1929 3186 nisi
1973 3130 2095 3186 tua
2137 3116 2560 3186 humanitate
2600 3120 2675 3184 in
2720 3120 2840 3208 pri-

657 3239 910 3302 stinum
971 3235 1270 3310 restituta
1322 3231 1527 3298 fuerit
1545 3281 1566 3313 ,
1609 3231 1800 3299 nulla
1854 3255 1973 3323 spe
2032 3237 2215 3301 vitae
2272 3233 2532 3316 relicta,
2576 3234 2842 3321 jacebit.

655 3349 1004 3414 Insaniunt
1037 3344 1293 3414 factiosi
1324 3349 1539 3428 cives,
1567 3369 1635 3413 se
1661 3347 1947 3415 vicissim
1978 3348 2147 3415 urbe
2177 3348 2482 3435 ejiciunt,
2511 3349 2853 3438 pecudum·

549 3439 558 3448 ο
656 3486 836 3531 more
901 3462 1131 3531 obvios
1201 3461 1575 3544 trucidant,
1619 3462 1959 3553 publicas,
2003 3466 2427 3555 privatasque
2466 3464 2703 3545 domos
2751 3467 2842 3531 in-

655 3559 974 3659 cendunt,
1003 3577 1259 3645 nullam
1290 3577 1528 3658 divini,
1557 3578 1918 3648 humanive
1950 3579 2112 3667 juris
2139 3582 2469 3648 rationem
2498 3580 2841 3659 habentes,

652 3695 911 3775 nonnisi
956 3696 1166 3760 minas
1208 3695 1495 3783 spirant,
1523 3695 1866 3776 incendia,
1913 3705 1987 3762 et
2028 3694 2265 3762 caedes
2301 3697 2681 3784 promiscue
2725 3696 2842 3776 mi-

651 3820 867 3877 scent.
922 3809 1023 3875 Ac
1073 3819 1157 3875 ut
1209 3808 1515 3876 inaudita
1559 3813 1881 3878 anteactis
1925 3810 2162 3878 diebus
2215 3821 2483 3902 patrata
2534 3808 2839 3879 facinora

650 3928 1253 4016 praetermittamus
1271 3977 1290 4007 ,
1319 3923 1697 4017 frequentes
1730 3931 1802 3994 in
1844 3929 2013 3996 urbe
2043 3929 2427 3997 commissos
2468 3927 2839 4005 conflictus,

652 4044 994 4108 incensum
1042 4040 1449 4109 tabularium
1496 4041 1878 4132 publicum,
1907 4053 1976 4111 et
2007 4041 2288 4111 aliorum
2320 4042 2551 4112 domos
2582 4061 2839 4110 eversas

647 4159 1061 4241 reticeamus,
1090 4155 1618 4229 facinorosissimi
1647 4161 1903 4252 quique
1944 4161 2201 4250 patriae
2243 4161 2384 4229 vim
2422 4156 2831 4240 studerunt,
