2950 5017
960 415 1160 463 mmm
1208 419 1497 473 omarus
2202 407 2322 471 331

80 540 299 621 hoste,
351 542 600 629 opima
645 540 859 630 spolia
907 540 1259 622 retulerat,
1303 554 1745 633 auratamque
1791 545 2085 633 viperam
2116 568 2328 635 quam

79 655 193 723 ille
237 658 318 723 in
369 655 659 730 cassidis
704 679 875 724 cono
904 655 1326 746 complicatis
1353 660 1547 747 spiris
1577 681 1859 748 puerum
1894 658 2329 729 devorantem

81 771 400 862 gerebat,
475 770 706 841 nobile
773 776 987 862 gentis
1053 787 1524 842 ornamentum
1597 773 1860 842 hahuit.
1908 776 2054 842 Nec
2103 776 2324 846 multo

82 901 233 980 post
278 889 596 968 Ioannes
642 888 1033 956 Galleacius
1103 914 1144 956 a
1197 869 1510 964 Ladislao
1557 891 1840 959 Caesare
1884 891 2108 961 Caroli
2140 873 2333 961 ‘bles-

82 1006 383 1096 politani
433 1006 644 1096 Regis
689 1004 830 1075 filio
877 1005 1143 1097 aquilae
1208 1009 1433 1097 nigrae
1501 1010 1743 1096 insigni
1787 1007 2112 1091 donatus,
2157 1033 2331 1079 novo

88 1123 303 1191 Ducis
331 1122 719 1192 Mediolani
751 1123 954 1193 titulo
986 1124 1404 1204 honestatus,
1448 1124 1522 1191 id
1572 1148 1690 1215 pro
1734 1148 2009 1192 suarum
2057 1127 2332 1194 urbium

89 1238 246 1309 foris
289 1242 729 1330 pingendum
778 1244 1062 1308 curavit.
1110 1241 1422 1332 Denique
1461 1245 1844 1310 convocatis
1888 1266 1976 1318 ex
2020 1245 2334 1310 universa

95 1357 288 1425 Italia
335 1358 773 1448 Principibus
818 1357 1080 1425 delatae
1125 1358 1465 1450 dignitatis
1510 1373 1903 1427 ornamenta
1960 1384 2075 1450 per
2123 1361 2333 1427 Bene-

96 1481 265 1544 sium
322 1476 650 1544 Caesaris
723 1475 1024 1567 legatum
1094 1502 1228 1546 non
1298 1481 1438 1546 sine
1496 1477 1794 1568 plurium
1839 1479 2090 1545 invidia
2139 1483 2333 1546 nonis

101 1594 506 1684 septembris
552 1593 835 1664 solemni
883 1619 1130 1684 pompa
1180 1598 1461 1685 accepit.
1489 1595 1650 1663 Dies
1694 1599 1749 1663 is
1789 1593 1923 1663 fuit
1953 1597 2334 1664 dominicus

104 1738 228 1803 quo
269 1737 433 1781 cum
481 1713 1023 1803 splendidissimo
1054 1713 1477 1803 Principum,
1508 1718 1983 1804 variarumque
2028 1718 2335 1803 gentium

105 1831 474 1922 legatorum
542 1834 915 1912 comitatu,
960 1833 1495 1922 praecinentibus
1553 1831 1949 1900 citharaedis
1992 1857 2108 1906 ,ex
2177 1856 2329 1899 arce

111 1951 174 2015 in
215 1950 383 2016 Divi
431 1948 782 2016 Ambrosii
829 1945 1051 2017 forum
1099 1962 1199 2015 est
1243 1949 1598 2015 deductus.
1662 1949 1767 2014 lbi
1827 1948 2169 2015 excelsum
2222 1952 2335 2016 tri-

111 2064 309 2133 bunal
356 2090 448 2133 ex
499 2065 689 2156 ligno
736 2070 804 2133 in
853 2065 1211 2154 hemicycli
1241 2064 1524 2133 formam
1560 2064 1970 2132 fabricatum
2019 2065 2103 2131 ad
2147 2089 2337 2133 sum-

116 2205 290 2248 mum
322 2183 853 2251 ascendentibus
885 2183 1198 2272 gradibus
1231 2163 1471 2249 theatri
1512 2188 1722 2249 instar
1754 2196 2053 2249 erectum
2087 2180 2338 2263 fuerat,

118 2312 176 2363 et
215 2305 550 2369 coccineis
597 2300 849 2368 aulaeis
896 2302 1193 2391 undique
1237 2314 1635 2368 exornatum
1706 2300 2096 2390 splendente
2169 2324 2332 2369 auro

117 2440 380 2507 superne
431 2419 820 2509 tegebatur.
866 2418 945 2485 In
1003 2443 1106 2494 eo,
1149 2419 1383 2486 sedens
1425 2418 1740 2485 Benesius
1795 2418 2168 2507 collegam,
2214 2420 2335 2509 qui

123 2536 432 2604 vexillum
517 2540 946 2627 imperatoris
1014 2537 1290 2604 tenebat
1318 2588 1339 2617 ,
1406 2536 1491 2603 ad
1560 2536 1906 2602 dexteram
1985 2548 2334 2626 posuerat,

124 2633 577 2745 Iononemque
621 2653 1047 2722 Galleacium
1095 2654 1383 2743 benigne
1438 2666 1799 2742 exceptum
1863 2652 1947 2719 ad
1984 2656 2335 2719 sinistram

125 2767 481 2838 collocavit.
535 2770 760 2838 Sacris
809 2774 1091 2860 peractis
1138 2770 1456 2836 Benesius
1507 2769 1697 2836 brevi
1747 2770 2044 2835 oratione
2087 2770 2155 2834 in
2206 2772 2336 2856 pri-

128 2890 279 2955 stino
333 2892 628 2980 imperio
695 2887 1169 2957 confirmatum
1218 2886 1584 2954 Mediolani
1627 2886 1887 2953 Ducem
1939 2885 2333 2953 declaravit.

129 3001 368 3073 Deinde
412 3008 809 3094 juramento
856 3006 941 3087 de
986 3005 1311 3074 servanda
1355 3003 1483 3072 fide
1530 3005 1798 3072 Caesari
1857 3028 1944 3070 ex
1997 3028 2182 3072 more
2229 3026 2336 3070 ac-

133 3132 333 3210 cepto,
378 3148 605 3215 genua
649 3123 1028 3192 flectentem
1092 3123 1361 3190 Ducem
1432 3122 1643 3190 nobili
1715 3120 2222 3212 paludamento,
2266 3136 2336 3188 et

133 3242 399 3323 specioso
468 3242 686 3333 pileo,
753 3240 1159 3331 cinguloque
1230 3242 1534 3330 pretiosis
1602 3242 1975 3329 margaritis
2018 3238 2334 3305 distincto

135 3353 597 3439 cohonestavit,
626 3360 806 3450 quod
841 3360 1142 3427 ducentis
1188 3357 1492 3426 millibus
1540 3381 1893 3425 aureorum
1924 3356 2330 3426 florenorum

140 3478 552 3545 aestimatum
578 3477 733 3545 fuit.
760 3476 1023 3548 Exinde
1055 3476 1183 3544 sub
1214 3475 1743 3567 splendidissima
1777 3474 2103 3554 umbella,
2123 3498 2333 3566 quam

141 3599 273 3657 octo
332 3599 595 3683 equites
650 3594 1011 3683 regebant,
1057 3597 1124 3661 in
1174 3592 1504 3683 palatium
1576 3589 1857 3659 mirifice
1927 3599 2332 3659 exornatum

143 3708 312 3793 equis
352 3726 513 3779 sunt
539 3697 824 3781 devecti.
856 3711 1070 3778 Abaci
1102 3713 1345 3791 aureis,
1375 3713 1839 3801 argenteisque
1884 3711 2056 3775 vasis
2101 3709 2332 3797 copio-

144 3821 369 3893 sissime
399 3831 737 3910 instructi,
761 3841 830 3897 et
859 3829 1172 3919 laqueare
1203 3830 1617 3897 coenationis
1648 3851 1894 3917 magno
1924 3827 2098 3894 luxu
2133 3827 2337 3892 aurea

153 3935 266 4005 tela
292 3958 670 4014 contectum
703 3950 1041 4038 ingentem
1076 3946 1639 4035 magnificentiam
1665 3944 2129 4013 ostendebant.
2156 3944 2338 4010 Lau-

153 4055 378 4129 tissimo
437 4068 770 4146 carnium,
825 4066 1242 4155 pisciumque
1301 4077 1667 4153 apparatu,
1713 4075 1781 4129 et
1830 4064 2329 4152 exquisitarum

151 4174 471 4258 epularum
525 4207 759 4276 genere
812 4181 1140 4275 plurimos
1184 4184 1494 4251 convivio
1537 4183 1830 4272 excepit.
1878 4180 2126 4249 Mensis
2169 4177 2336 4248 sub-
