2950 5017
936 425 1133 470 nnn
1175 425 1511 471 sncumms
2222 413 2301 477 81

50 541 275 608 etiam
338 563 683 632 agrorum
713 550 899 630 parte
928 541 1234 608 mulctati
1267 545 1545 632 turpiter
1574 545 1811 610 servire
1841 546 2180 633 coepimus
2204 548 2301 613 ‹1›;

48 655 263 724 Eruli
324 657 612 724 multas
652 680 773 725 suo
814 654 1022 725 furori
1064 661 1430 725 resistentes
1475 658 1668 726 urbes
1712 659 1993 727 barbara
2032 659 2301 729 feritate

50 772 141 838 ad
184 772 469 841 solum
500 773 887 851 demolitas,
918 776 987 838 in
1019 772 1123 838 his
1152 777 1350 839 etiam
1385 774 1720 840 Mutinam
1751 798 1922 843 anno
1952 799 2303 845 ccccnxxn

52 885 417 957 funditus
470 892 775 956 evertisse
803 889 1141 954 dicuntur.
1185 888 1315 955 Sed
1354 914 1429 955 ea
1463 889 1727 965 hiennio
1755 904 1905 979 post
1932 892 2307 959 incredibili

52 1003 462 1071 celeritate
508 1005 707 1070 unius
751 1006 905 1071 anni
958 1007 1169 1092 spatio
1214 1026 1255 1069 a
1299 1004 1585 1084 civibus,
1642 1016 1722 1070 ut
1781 1008 1850 1071 in
1905 1012 2154 1074 eorum'
2192 1031 2307 1076 an-

55 1118 377 1188 nalibus
425 1122 831 1199 continetur,
873 1142 1009 1186 non
1052 1117 1250 1186 modo
1294 1120 1571 1208 pristino
1615 1117 1947 1207 splendori
1989 1125 2300 1192 restituta

60 1237 197 1304 sed
258 1239 491 1304 etiarn
536 1235 856 1325 ampliata
897 1232 1061 1302 fuit.
1106 1234 1389 1324 Regium
1433 1258 1589 1303 vero
1633 1259 1770 1303 non
1811 1235 2149 1319 dirutum,
2192 1240 2308 1306 sed

62 1352 484 1422 Brcnnonis
528 1354 704 1419 tertii
747 1349 1099 1430 Saxoniae,
1132 1350 1280 1431 vel,
1322 1362 1402 1417 ut
1445 1350 1565 1417 alii
1607 1348 1897 1432 malunt,
1927 1350 2307 1422 Pannoniae

68 1470 271 1559 regia
292 1518 318 1550 ,
366 1489 580 1558 quem
620 1488 775 1532 cum
821 1463 1116 1533 Odoacre
1159 1467 1230 1530 in
1273 1462 1544 1531 Italiam
1579 1467 1829 1533 venisse
1877 1467 1951 1533 in
2002 1470 2308 1535 vetustis-

70 1585 301 1650 simis
348 1580 707 1650 annalibus
748 1580 905 1670 legi,
933 1577 1250 1648 benefitio
1295 1592 1756 1648 conservatum
1786 1577 1986 1650 fuisse
2014 1583 2303 1652 invenio.

74 1696 301 1765 Cum
369 1698 549 1764 enim
612 1697 868 1784 ingenti
932 1697 1289 1760 instructus
1339 1697 1634 1760 exercitu
1676 1693 1973 1763 Galliam
2023 1694 2304 1787 Cisalpi-

82 1837 287 1882 nam
316 1816 637 1902 ingressus
663 1811 997 1878 Mutinam
1030 1820 1368 1890 vastasset,
1392 1811 1757 1878 vicinorum
1787 1833 1945 1879 casu
1980 1815 2305 1902 perterriti

78 1926 478 2017 Regienses
521 1926 605 1992 ad
647 1926 908 1993 Petram
940 1922 1260 2005 situlam,
1288 1947 1461 2014 quae
1491 1946 1670 1990 nunc
1714 1924 2105 1994 Bismantua
2142 1926 2307 1994 dici-

84 2055 255 2124 tnr,
312 2040 729 2131 trepidantes
775 2037 1248 2129 confugerunt.
1301 2040 1521 2107 Locus
1564 2042 1618 2106 is
1686 2052 1786 2106 est
1848 2041 1920 2107 in
1985 2039 2124 2109 alto
2150 2090 2171 2123 ,
2235 2052 2306 2109 et

84 2169 482 2250 praerupto
542 2180 705 2225 saxo
747 2155 832 2222 ad
875 2155 1240 2222 Gabellum
1304 2153 1587 2221 fluvium
1655 2155 1943 2244 amplius
2008 2156 2297 2225 ducenta

88 2271 432 2364 frugifera
472 2272 706 2362 jugera
759 2276 1101 2340 continens
1117 2322 1137 2352 ,
1183 2270 1265 2336 ad
1310 2293 1510 2360 quem
1574 2282 1853 2359 angusto
1919 2281 1990 2338 et
2042 2269 2298 2339 difficili

88 2390 279 2459 calle
325 2389 726 2458 ascenditur.
793 2388 900 2455 Ibi
968 2399 1182 2454 erecta
1251 2390 1448 2455 turris
1513 2384 1969 2476 confragosum
2033 2387 2297 2456 aditum

93 2530 445 2598 occupans
488 2505 723 2588 efficit,
766 2517 846 2572 ut
890 2504 1012 2573 soli
1057 2517 1187 2572 tres
1231 2507 1354 2572 viri
1397 2507 1707 2572 inaccessi
1749 2507 2003 2576 montis
2053 2517 2299 2573 natura

94 2625 357 2690 muniti
401 2645 470 2689 se
513 2622 601 2688 ab
641 2624 989 2689 innumero
1033 2621 1329 2686 exercitu
1374 2617 1572 2685 facile
1631 2622 1804 2687 tueri
1856 2621 2129 2709 possint.
2181 2619 2294 2685 Ob

96 2737 175 2804 id
216 2740 402 2806 inter
444 2736 867 2806 memoranda
899 2735 1158 2802 Galliae
1187 2734 1561 2824 Cisalpinae
1604 2734 1788 2816 loca,
1834 2734 1957 2800 illa
2000 2735 2300 2801 eminens

98 2851 316 2918 Petra
360 2853 642 2940 ponitur.
689 2850 911 2918 Aliam
969 2849 1128 2916 huic
1193 2848 1481 2917 similem
1548 2853 1618 2915 in
1686 2847 2032 2937 Sogdianis
2102 2843 2300 2913 fuisse

108 2967 418 3051 Quintus
466 2966 734 3035 Curtius
784 2976 1107 3035 memorat
1146 2966 1251 3047 (ὓ),
1298 2987 1507 3054 quam
1572 2962 1954 3034 Alexander
2017 2982 2299 3050 magnus

110 3085 548 3171 expugnavit.
611 3080 716 3151 Eo
759 3104 952 3163 saxo,
993 3079 1183 3150 velut
1224 3080 1668 3147 munitissima
1711 3101 1892 3158 arce,
1936 3101 1978 3144 a
2019 3076 2294 3167 Regien-

108 3198 293 3264 sihus
323 3209 673 3288 occupato,
701 3197 958 3266 Brenno
988 3197 1273 3286 Regium
1301 3199 1621 3285 ingressus
1650 3194 1984 3262 neminem
2027 3204 2286 3282 praeter

109 3314 275 3383 duos
316 3314 688 3382 sacerdotes
732 3314 816 3381 ad
859 3314 1036 3381 aedis
1079 3314 1349 3400 majoris
1391 3310 1757 3380 custodiam
1797 3309 2057 3379 relictos
2086 3306 2295 3378 offen-

112 3430 230 3497 dit.
272 3429 539 3498 Tantae
568 3429 945 3499 solitudinis
987 3452 1252 3497 causam
1296 3430 1662 3497 sciscitatus
1688 3426 1778 3493 ab
1806 3424 1936 3507 his,
1966 3423 2292 3515 populum

114 3547 347 3615 timore
392 3569 717 3615 novarum
783 3548 1101 3635 gentium.
1139 3530 1465 3616 secessisse
1509 3541 1856 3633 intelligit.
1928 3541 2027 3607 Ut
2090 3543 2294 3630 igitur

118 3673 372 3752 turpem
419 3660 504 3727 de
547 3685 615 3728 se
659 3671 1011 3751 conceptae
1054 3658 1464 3728 crudelitatis
1509 3669 1739 3727 notam
1783 3655 2060 3737 deleret,
2104 3657 2281 3723 cives

117 3774 193 3841 ad
255 3778 559 3867 patrium
611 3776 828 3844 solum
880 3773 1326 3865 recipiendum
1391 3796 1510 3863 per
1574 3774 1891 3842 nuntium
1934 3769 2293 3842 elementer

184 4035 261 4100 (ι)
288 4035 509 4104 Procop-
543 4036 601 4087 in
640 4052 660 4086 ι
693 4035 755 4088 de
789 4036 907 4088 ben.
942 4034 1104 4089 Goth.
1135 4042 1185 4088 ct
1218 4033 1343 4088 Paul
1375 4033 1522 4086 Diae.
1555 4033 1646 4084 lib.
1678 4049 1786 4088 xvi.

187 4126 265 4198 (a)
290 4129 411 4184 Lib.
444 4146 547 4182 vn.
