2950 5017
645 436 784 516 4²²
1393 446 1637 493 anaim
1690 446 2124 493 nnciansmu

656 571 790 640 hoe
840 565 1282 646 ,incommodo
1351 569 1637 657 patriam
1701 566 2053 635 liberavit.
2125 565 2397 635 Interim
2464 568 2659 646 Julio
2728 571 2870 658 jam

656 685 1157 776 septuagenario
1188 682 1447 751 Romae
1489 692 1792 763 mortuo,
1833 682 2163 751 excubiae
2207 706 2325 773 pro
2367 686 2732 753 moenibus
2762 711 2874 776 po-

655 807 849 882 sitae,
892 813 964 867 et
1006 799 1153 867 aliis
1199 798 1461 866 civibus
1505 810 1658 889 post
1702 798 1936 867 horam
1998 801 2209 868 noctis
2248 800 2617 867 secundam
2676 803 2872 873 domo

650 922 832 988 exire
892 915 1282 1008 prohibitis,
1335 914 1582 1004 singuli
1648 926 1917 982 tantum
1981 938 2070 987 ex
2121 938 2538 1007 unaquaque
2609 915 2869 988 familia

654 1036 878 1106 forum
926 1031 1257 1102 custodire
1299 1031 1490 1119 jussi.
1534 1031 1861 1122 Alphonsi
1894 1036 2076 1100 enim
2106 1034 2427 1116 Atestini‚
2468 1039 2599 1125 qui
2645 1036 2733 1104 de
2774 1063 2868 1105 re-

652 1152 955 1245 cipienda
1000 1151 1168 1218 urbe
1212 1148 1539 1218 sollicitus
1583 1162 1750 1231 erat,
1790 1153 2136 1241 sexaginta
2177 1150 2445 1221 levioris
2488 1167 2862 1223 armaturae

662 1274 950 1362 equites,
989 1268 1204 1358 captis
1245 1268 1528 1347 rusticis,
1571 1289 1810 1357 pecora
1840 1267 1923 1333 ad
1955 1265 2280 1338 Sanctum
2310 1269 2718 1340 mauritium
2765 1273 2867 1338 ab·

651 1388 1008 1455 duxerant.
1063 1382 1320 1451 Rursus
1385 1405 1546 1450 cum
1611 1405 1730 1473 per
1790 1383 2296 1454 caduceatorem
2342 1386 2639 1476 Regium
2696 1410 2868 1477 repe-

654 1504 824 1571 tenti
868 1521 1253 1591 responsum
1307 1510 1514 1576 esset,
1558 1499 1629 1566 in
1676 1497 2015 1567 Ecclesiae
2066 1512 2398 1590 potestate
2444 1526 2595 1570 esse
2640 1506 2870 1572 civita·

652 1631 792 1690 tem
853 1642 1013 1686 cum
1073 1617 1393 1708 proximis
1459 1615 1659 1698 locis,
1721 1618 1862 1685 divi
1916 1617 2244 1709 Stephani
2310 1618 2648 1688 suburbia
2715 1645 2868 1688 cum

654 1740 979 1831 proximis
1038 1735 1219 1804 villis
1277 1734 1634 1806 crudeliter
1676 1736 1937 1827 direpta
2003 1735 2237 1806 fuere:
2306 1738 2490 1828 quod
2566 1738 2694 1806 ubi
2758 1764 2866 1830 per

653 1855 1110 1945 exploratores
1170 1842 1621 1942 Regiensibus'
1648 1843 2045 1922 nunciatum
2108 1851 2267 1937 fuit‘,
2336 1859 2626 1924 trecenti
2697 1860 2867 1925 cives

652 1972 907 2062 pedites
973 1994 1131 2038 cum
1198 1971 1689 2060 quinquaginta
1741 1972 2086 2061 equitibus
2152 1984 2443 2063 repente.
2484 1986 2691 2062 porta
2742 1974 2863 2042 Ca·

647 2087 828 2156 stelli
890 2099 1289 2180 eruperunt,
1350 2068 1882 2178 rusticorumque
1926 2088 2182 2158 auxilio
2227 2089 2590 2180 praedones
2655 2114 2861 2182 usque

644 2207 731 2275 ad
769 2204 1180 2274 Valverdum
1228 2201 1573 2294 fugarunt,
1616 2218 1689 2272 et
1736 2205 1987 2296 amplas
2033 2205 2459 2295 Scajolorum
2510 2208 2746 2291 aedes,
2792 2213 2857 2277 in

646 2345 816 2413 quas
862 2321 945 2388 ad
994 2332 1370 2388 nostrorum
1416 2324 1747 2410 impetum
1799 2322 2261 2390 sustinendum
2314 2347 2383 2390 se
2435 2337 2859 2415 receperant,

647 2462 892 2530 magna
957 2441 1027 2505 vi
1095 2452 1672 2527 expugnaverunt.
1718 2438 1856 2506 Sex
1912 2452 2179 2508 tantum
2226 2444 2430 2521 caesi,
2483 2442 2627 2509 alii·
2652 2447 2856 2512 noctis

645 2558 1151 2649 oppurtunitate
1197 2555 1487 2646 delapsi,
1553 2568 1627 2625 et
1691 2561 1957 2647 triginta
2025 2560 2208 2650 capti
2253 2559 2542 2649 Regium
2589 2561 2857 2630 deducti

641 2674 857 2742 fuere.
903 2675 1025 2740 His
1068 2675 1349 2763 cognitis
1377 2673 1797 2764 Alphonsus,
1840 2678 1961 2766 qui
2010 2676 2095 2741 ad
2140 2688 2452 2744 sanctum
2482 2678 2856 2746 Martinam
2924 2657 2925 2660 Ἴ

639 2805 857 2861 castra
901 2791 1223 2873 habebat,
1245 2791 1343 2859 ad
1387 2794 1912 2883 oppugnandum
1943 2794 2234 2884 Regium
2276 2818 2436 2862 cum
2482 2797 2856 2883 majoribus

641 2911 995 2979 tormentis
1048 2912 1270 2991 venit3
1312 2909 1464 2990 sed,
1509 2910 1730 2978 Mutio
1773 2909 2113 2979 Columna
2155 2914 2226 2978 in
2270 2912 2725 2982 Fen-arienses
2777 2919 2856 2983 ir-

636 3040 898 3107 ruente,
943 3027 1355 3095 retrocedere
1397 3039 1675 3096 coactus
1718 3022 1843 3120 es't.
1889 3028 2004 3095 Oh
2048 3027 2344 3098 hostium
2389 3044 2714 3099 terrorem
2758 3056 2854 3100 ar-

635 3144 836 3208 mati.
873 3143 1052 3209 cives
1117 3141 1429 3235 populari
1499 3142 1805 3211 tumultu
1869 3144 2236 3213 salinarum
2300 3157 2372 3213 et
2436 3147 2850 3216 tributorum

635 3257 839 3327 libros
884 3259 1181 3350 aliasque
1226 3260 1626 3330 damnorum
1682 3261 1996 3330 datorum
2058 3263 2320 3331 chartas
2369 3265 2848 3346 incenderunt,

635 3373 817 3441 unde
863 3398 1048 3464 agros
1092 3375 1411 3445 solvendo
1483 3381 1707 3445 censui
1776 3378 2073 3449 addictos
2139 3383 2474 3448 immunes
2519 3379 2844 3449 fecerunt.

635 3489 887 3557 Contra
954 3491 1142 3557 mille
1202 3493 1654 3582 Hispanorum
1708 3477 1971 3586 ‘equites
2036 3520 2193 3563 curn
2260 3498 2478 3566 tribus
2543 3498 2845 3565 millibus

631 3607 935 3699 peditum
954 3660 974 3690 ,
1017 3606 1170 3701 plus
1214 3608 1482 3678 duobus
1534 3609 1875 3681 mensibus
1928 3616 2101 3682 inter
2144 3614 2573 3704 Regiensium
2643 3639 2843 3707 pagos

632 3731 944 3816 grassati,
989 3727 1295 3819 pluribus
1338 3729 1620 3799 aedibus
1664 3734 1947 3800 incensis
1965 3784 1984 3814 ‚
2030 3757 2232 3801 omne
2276 3731 2582 3802 libidinis
2635 3757 2843 3825 genus

630 3859 1092 3913 exercuerunt.
1140 3847 1283 3915 Hoc
1350 3849 1658 3916 tumultu
1725 3852 1994 3939 cognito
2058 3852 2346 3929 Joannes
2412 3841 2838 3934 Matthaeus,

626 3958 968 4027 Placentia
1039 3975 1107 4029 et
1176 3964 1416 4032 Parma
1487 3966 1746 4055 Proregi
1815 3967 2175 4058 Hispaniae
2237 3967 2841 4058 Maximilianoque

629 4073 915 4145 Sfortiae
960 4082 1363 4162 commissis,
1408 4106 1569 4149 cum
1612 4084 1915 4151 ducentis
1981 4084 2345 4173 peditibus,
2390 4099 2464 4151 et
2506 4089 2836 4178 quinqua-

628 4196 814 4283 ginta
867 4195 1305 4286 cataphractis
1348 4197 1635 4289 Regium
1701 4203 2073 4270 revertitur.
2132 4200 2435 4269 Tandem
2498 4203 2728 4272 Leone
2764 4200 2829 4267 X
