2950 5017
995 437 1200 484 erana
1243 437 1501 485 snst
2213 419 2344 511 393

37 580 349 648 genus
421 559 756 627 suecessit.
825 556 1148 628 Ceterum
1210 558 1451 630 Gar-olo
1488 559 1828 628 universo
1894 556 2342 649 Neapolitano

45 697 334 765 regno
406 698 523 765 per
590 674 1034 765 proditionem
1100 679 1355 766 potito,
1413 673 1651 764 reliqui
1716 674 1950 742 Italiae
2017 678 2345 765 principes

45 786 589 858 formidabiles
619 789 973 872 Galloxum
1020 794 1187 859 vires
1230 793 1692 880 pertimescere
1737 802 2126 880 coeperunt.
2172 790 2344 856 Eam

51 905 186 973 ob
257 930 413 974 rem
460 908 528 974 in
572 905 723 975 illos
767 904 1086 975 Pontifex
1130 920 1198 973 et
1244 906 1632 975 Ludovicus
1677 903 1961 988 Sfortia,
2004 929 2161 974 cum
2204 906 2347 993 jam

59 1022 444 1092 Novaria
486 1021 801 1113 adempta
845 1034 1023 1103 erat,
1068 1046 1148 1089 ac
1190 1021 1435 1091 Veneti
1492 1022 1865 1116 conjunctis
1910 1024 2150 1090 animis
2192 1045 2351 1092 con-

62 1139 478 1226 jurarunt.
521 1140 631 1208 Ita
673 1139 993 1230 flagrante
1051 1138 1275 1220 bello,
1321 1140 1769 1230 omnibusque
1811 1141 1880 1207 in
1923 1139 2122 1206 Italia
2165 1163 2352 1208 arma

61 1253 679 1348 expedientibus,
734 1268 815 1322 ut
859 1276 1086 1346 ‘regem
1134 1258 1206 1322 in
1253 1254 1513 1323 Gallias
1558 1277 1976 1324 reversurum
2032 1254 2352 1324 interclu-

73 1371 404 1454 detent,
430 1371 860 1463 quamplures
889 1369 1302 1439 Venetorum
1333 1374 1573 1463 copiae
1605 1396 1692 1438 ex
1723 1370 2093 1452 Dalmatia,
2122 1370 2353 1464 Epiro,

80 1503 186 1555 et
245 1487 519 1575 Achaja
560 1500 941 1556 contractae
985 1485 1310 1568 fuerunt3
1355 1511 1534 1579 quae
1582 1488 1802 1558 multa
1848 1490 2192 1580 equitum,
2240 1512 2356 1579 pe·-

84 1604 496 1697 ditumque
566 1603 780 1672 millia
837 1604 1006 1674 dum
1067 1603 1530 1673 Mediolanum
1598 1618 1843 1695 petunt
1908 1628 2026 1696 per
2092 1605 2357 1697 aliquot

91 1722 271 1792 dies
305 1724 378 1789 in
410 1725 644 1790 itinere
674 1745 999 1812 magnum
1030 1721 1466 1810 Regiensibus
1507 1722 2010 1791 incommodum
2043 1722 2352 1790 attulere.

39 1865 60 1886 ⁶
99 1838 533 1906 Alexander
597 1861 869 1930 quoque
936 1835 1188 1906 Sfortia
1241 1838 1497 1905 Pisauri
1543 1839 1912 1920 Dominus,
1977 1838 2145 1906 dum
2210 1863 2358 1906 sex-

105 1967 375 2024 centos
421 1956 712 2045 equites,
757 1976 878 2024 nec
924 1976 1169 2044 paucas
1225 1954 1529 2043 peditum
1577 1957 1805 2043 copias
1847 1957 1916 2021 in
1963 1954 2172 2021 Ducis
2216 1955 2358 2022 Me-

105 2068 395 2140 diolani
440 2069 773 2139 auxilium
823 2070 1133 2149 adducit,
1165 2069 1353 2159 Regii
1387 2094 1521 2140 non
1567 2071 1709 2136 sine
1751 2073 2002 2138 civium
2048 2069 2358 2152 molest-ia

113 2188 592 2278 pernoctavit.
621 2188 918 2254 Demum
950 2210 1108 2254 cum
1141 2185 1320 2276 apud
1352 2186 1738 2254 Glareolam
1778 2190 2128 2258 commisso
2164 2212 2362 2277 prae·

112 2303 230 2372 lio
282 2326 406 2371 rex
448 2326 763 2394 pugnans
795 2326 883 2369 ex
925 2303 1221 2372 hostium
1289 2303 1602 2371 manibus
1657 2289 2006 2385 evasisset,
2050 2304 2358 2374 Herculis

118 2421 434 2487 Atestini
479 2443 681 2509 opera
723 2442 861 2510 pax
906 2422 1075 2487 inter
1120 2419 1396 2487 Gallum
1445 2432 1515 2486 et
1560 2420 1983 2488 Ludovicum
2029 2418 2359 2489 Sfortiam·

119 2539 515 2628 composita
559 2534 717 2604 fuit.
777 2536 996 2604 Inter·
1032 2536 1164 2606 alia
1207 2539 1552 2618 convenit,
1604 2550 1682 2604 ut
1729 2560 1850 2604 arx
1902 2537 2181 2608 Gennae
2243 2561 2360 2626 per

127 2654 506 2722 biennium
565 2656 637 2730 in
697 2655 903 2744 ipsius
951 2653 1297 2736 Herculis,
1351 2655 1474 2745 qui
1535 2651 1802 2742 publice
1849 2650 2361 2741 tranquillitatis

131 2783 382 2839 auctor
411 2767 659 2850 fuerat,
690 2763 1015 2859 potestate
1057 2773 1410 2861 sequestris
1456 2781 1649 2836 esset.
1696 2768 1876 2840 Inter
1921 2767 2359 2838 haec-Petrus

146 2875 550 2956 Lavet'iolus
592 2886 801 2976 Regio
868 2883 1247 2976 praefectus
1314 2883 1659 2976 publicam
1717 2887 1974 2952 civium
2033 2896 2104 2952 et
2161 2888 2365 2953 rusti-

137 3026 387 3073 corum
432 3025 702 3070 eausam
750 3002 834 3069 de
877 3001 1277 3070 excavandis
1339 3000 1689 3069 cana-libus
1753 2985 2160 3072 terminavit.
2207 3002 2362 3087 Quo

139 3134 452 3213 tempore
492 3120 699 3210 Carpi
750 3132 982 3189 exorto
1044 3118 1354 3189 tumultu
1397 3119 1751 3209 Regienses
1819 3132 1889 3186 et
1954 3118 2365 3188 Mutinenses

139 3236 344 3324 jussu
387 3236 693 3304 Herculis
752 3260 843 3315 eo,
895 3238 1078 3304 missi
1130 3258 1397 3304 omnem
1466 3235 1738 3302 turbam
1807 3234 2137 3303 sedavere.
2186 3234 2366 3302 Obe-

140 3355 398 3443 gninus
441 3374 595 3422 vero
627 3350 1040 3420 Gallicarum
1084 3354 1429 3441 copiarum
1474 3354 1837 3441 imperator
1882 3351 1975 3417 ab
2015 3351 2364 3441 Aragoniis

140 3473 224 3538 in
269 3471 628 3560 pristinum
675 3453 954 3559 regnum
1000 3470 1323 3537 restitutis
1353 3466 1642 3557 Neapoli
1689 3468 2035 3559 expulsus,
2080 3468 2248 3536 dum
2294 3470 2365 3535 in

153 3586 424 3654 Gallias
467 3588 854 3667 revertitur,
895 3586 1219 3677 Regiique
1262 3585 1444 3675 apud
1488 3584 1847 3653 Albertum
1892 3584 2364 3654 Fontanellam

145 3705 450 3786 divertit,
479 3707 707 3795 ingens
752 3703 904 3774 urbi
950 3704 1447 3774 incommodum
1476 3703 1683 3771 dedit.
1730 3704 1819 3771 Hi
1862 3702 2178 3772 morbum
2225 3700 2367 3790 gal-

151 3822 366 3889 licum
412 3844 500 3887 ex
541 3821 918 3912 regionibus
965 3800 1089 3910 per·
1123 3821 1452 3909 Hispanos
1497 3843 1706 3909 nuper
1761 3820 2047 3886 inventis
2091 3817 2359 3910 Neapo-

153 3939 280 4008 lim
325 3939 777 4031 superioribus
820 3940 1009 4005 annis
1052 3936 1338 4004 allatum
1398 3949 1869 4027 conceperant,
1915 3960 1991 4002 ac
2041 3951 2187 4002 tum
2238 3940 2368 4025 pri-

154 4079 349 4125 mum
417 4058 624 4122 etiam
690 4054 1123 4145 Regiensibus
1190 4058 1881 4122 communicaverunt.
1934 4053 2364 4142 Obegninum

156 4174 434 4253 Ioannis
478 4170 809 4240 Bentivoli
853 4173 1085 4260 copiae
1128 4183 1395 4240 secutae
1440 4172 1512 4238 in
1557 4171 1794 4239 itinere
1854 4168 2224 4260 plurimum
2271 4170 2364 4235 ci·-

160 4292 360 4361 vibus
405 4293 645 4361 nostris
690 4286 1078 4360 obfuerunt.
