2950 5017
720 431 803 498 86
1460 449 1692 493 RERUM
1737 447 2150 491 REGOENquM

715 571 791 637 Id
836 569 1093 637 bellum
1159 569 1247 635 ab
1308 592 1478 636 anno
1535 590 1680 633 nxx
1747 582 2095 656 coeptum,
2137 578 2205 631 et
2258 589 2494 633 novem
2557 568 2918 637 mensibus

715 698 970 774 gestum
1004 708 1138 749 esse
1169 682 1447 749 dicitur:
1495 682 1607 748 sed
1653 685 1705 749 si
1751 683 2116 758 Iustiniano
2161 683 2524 769 imperante
2572 681 2749 749 haec
2780 684 2928 749 dis-¹

713 802 924 867 sensio
969 801 1187 866 evenit
1234 812 1388 864 ante
1435 822 1682 863 annum
1733 821 2038 877 nxxvm,
2081 821 2215 886 quo
2261 800 2546 886 primum
2600 812 2911 887 tempore

711 921 847 1006 ipse
892 918 1209 1004 imperare
1254 916 1513 1002 coepit,
1559 914 1622 978 id
1672 937 1808 979 esse
1853 938 1980 980 non
2020 916 2269 1002 potuit:
2305 937 2508 1002 quare
2539 913 2905 980 Platinam

710 1035 773 1097 id
823 1031 1074 1096 factum
1121 1028 1323 1096 fuisse
1368 1034 1639 1097 omnino
1686 1046 1903 1118 negat.

841 1148 966 1212 Per
997 1145 1158 1210 haec
1205 1158 1497 1233 tempora
1529 1146 1829 1232 Regiensi
1867 1148 2180 1212 Antistite
2211 1146 2353 1212 vita
2390 1143 2645 1227 functo,
2677 1146 2903 1213 Maxi·

708 1286 892 1327 mum
939 1261 1188 1348 origine
1219 1259 1607 1347 Gogiensem
1654 1262 1871 1325 virum
1919 1262 2264 1327 sanctitate
2309 1283 2567 1329 morum
2614 1260 2899 1356 clarissi-

703 1399 892 1444 mum
939 1398 978 1440 a
1022 1373 1282 1439 civibus
1327 1372 1635 1438 ecclesiae
1702 1370 2112 1462 praefectum
2179 1397 2317 1441 esse
2388 1375 2682 1442 tradunt.
2749 1377 2811 1442 Is
2857 1401 2896 1443 a

700 1514 904 1581 puero
948 1486 1311 1555 virtutibus
1337 1536 1356 1566 ‚
1399 1488 1728 1575 sacrisque
1774 1487 1977 1553 literis
2023 1489 2357 1569 imbutus,
2400 1489 2632 1555 relicta
2675 1494 2894 1580 patria

699 1611 770 1672 in
816 1605 1224 1671 Lirinensem
1277 1599 1600 1680 insulam,
1645 1613 1724 1667 ut
1767 1606 2207 1670 monasticam
2264 1617 2481 1698 ageret
2532 1606 2784 1686 vitam,
2826 1629 2896 1672 se

698 1719 1101 1791 contulerat.
1146 1718 1252 1783 Ibi
1299 1721 1369 1784 in
1414 1717 1596 1784 beati
1630 1718 1952 1786 Honorati
1981 1718 2208 1787 locum
2236 1720 2466 1787 Abbas
2509 1734 2887 1810 cooptatus,

697 1860 857 1902 cum
900 1838 974 1901 in
1021 1856 1244 1901 severa
1296 1831 1653 1921 disciplina
1718 1831 2052 1922 religiosos
2095 1837 2497 1914 contineret,
2544 1832 2889 1905 daemonis

695 1952 1070 2041 praestigia,
1114 1961 1186 2015 et
1230 1957 1402 2015 artes
1444 1948 1672 2015 divina
1718 1951 1964 2015 virtute
2007 1954 2264 2040 saepius
2308 1949 2577 2018 solvisse
2618 1952 2881 2019 dicitur.

695 2067 874 2135 Cum
909 2090 1063 2133 vero
1093 2065 1433 2155 septennio
1464 2067 1786 2132 Lirinensi
1817 2067 2136 2134 coenobio
2179 2090 2441 2133 summa
2484 2090 2643 2135 cum
2684 2068 2883 2135 laude

698 2180 1118 2273 praefuisset,
1167 2179 1409 2247 illustri
1454 2182 1577 2247 viri
1623 2180 1979 2269 probitatis·
2013 2180 2194 2248 fama
2238 2182 2441 2251 latius
2496 2198 2880 2274 pervagata,

694 2323 733 2365 a
778 2298 1082 2388 pluribus
1127 2298 1467 2386 episcopus
1512 2299 1871 2385 expetitus,
1903 2310 1982 2362 ut
2026 2298 2113 2362 ab
2157 2322 2236 2363 ea
2281 2299 2583 2366 molestia
2613 2323 2682 2366 se
2713 2300 2879 2366 libe-

690 2401 886 2494 raret,
917 2415 983 2479 in
1015 2411 1441 2480 solitudinem
1488 2391 1696 2500 fugit3
1732 2413 1849 2478 ubi
1894 2435 2047 2478 curn
2081 2436 2193 2502 per
2224 2413 2524 2480 triduum
2558 2427 2877 2504 perpetuo

687 2529 902 2596 imbre
969 2526 1382 2595 madefactus
1425 2527 1831 2607 delituisset,
1880 2529 2148 2595 tandem
2203 2552 2243 2595 a
2289 2530 2715 2620 Regiensibus
2782 2534 2877 2597 in·

687 2657 964 2724 ventus,
1017 2655 1096 2710 ut
1148 2667 1306 2711 suae
1359 2642 1670 2709 ecelesiae
1717 2643 2352 2713 administrationem
2399 2648 2690 2735 accipiat
2736 2669 2875 2736 pre-

684 2762 877 2828 cihus
920 2772 1255 2830 exoratur.
1303 2760 1557 2827 Urbem
1602 2762 1926 2849 ingressus
1995 2761 2320 2850 populum
2386 2763 2455 2828 in
2525 2765 2757 2851 primis
2803 2765 2872 2828 in

683 2881 796 2969 pia
825 2878 1119 2948 doctrina
1153 2880 1431 2945 retinere
1461 2889 1741 2945 conatus
1771 2893 1895 2944 est.
1942 2878 2104 2944 Mox
2134 2878 2291 2944 Div'i
2320 2877 2569 2944 Albani
2609 2866 2871 2959 aedem,

683 3018 857 3084 quae
924 3018 1102 3062 nunc
1149 2994 1376 3062 Sancti
1446 2993 1744 3083 Prosperi
1797 2996 2068 3075 dicitur,
2111 2994 2408 3083 religiose
2465 2999 2863 3063 construxit.

681 3112 932 3176 Ferunt
976 3110 1362 3176 columnam
1409 3109 1494 3175 ad
1549 3134 1712 3198 opus
1767 3125 2099 3199 paratam,
2144 3110 2463 3200 insidente
2507 3112 2862 3191 daemone,

683 3226 767 3290 ad
813 3225 1140 3314 templum
1184 3224 1386 3291 nullis
1428 3225 1750 3309 jumentis
1798 3226 1968 3291 trahi
2014 3229 2339 3314 potuisse,
2385 3226 2592 3293 donec
2646 3250 2862 3316 super-

681 3342 948 3406 veniens
993 3339 1363 3420 Maximus,
1406 3337 1641 3427 fugato
1695 3339 1918 3420 hoste,
1964 3338 2230 3407 facilem
2276 3342 2419 3429 ejus
2462 3355 2727 3409 motum
2772 3341 2860 3408 fe-

679 3456 893 3521 cisset.
939 3454 1083 3521 Nec
1127 3454 1344 3523 multo
1388 3467 1542 3544 post
1570 3454 1736 3523 duos
1780 3459 1953 3524 cives
1996 3461 2113 3546 qui
2158 3458 2296 3544 jam
2345 3460 2639 3524 animam
2688 3457 2862 3525 effla-

681 3584 943 3652 verant,
990 3573 1073 3637 ad
1119 3574 1327 3639 vitam
1375 3576 1733 3653 revocavit,
1772 3598 2062 3664 quorum
2107 3574 2272 3640 alter
2302 3575 2554 3641 Ausani
2600 3576 2860 3645 diaconi

675 3695 760 3752 ex
804 3684 1006 3754 fratre
1051 3710 1251 3777 nepos
1281 3686 1441 3756 fuit:
1473 3689 1831 3778 quemdam
1876 3694 2081 3757 etiam
2126 3714 2166 3757 a
2210 3691 2383 3761 bove
2426 3693 2764 3771 saucium,
2796 3703 2862 3758 et

674 3802 892 3891 plures
945 3827 985 3870 a
1036 3804 1266 3872 rabido
1310 3828 1470 3872 cane
1514 3804 1723 3874 laesos
1766 3820 2060 3888 sanatos,
2106 3819 2176 3874 et
2217 3831 2417 3877 caeco
2460 3807 2727 3875 lumina
2772 3807 2857 3874 ab

671 3917 902 3985 eodem
944 3922 1249 3987 restituta
1292 3917 1492 3987 fuisse
1534 3934 1832 3988 narrant.
1880 3923 2216 3990 Postremo
2268 3946 2426 4006 cum
2473 3924 2634 3995 Divi
2681 3923 2855 3991 Petri

742 4150 826 4220 (1)
859 4152 922 4203 In
956 4152 1046 4204 lib.
1081 4151 1282 4214 Chrour
