2950 5017
468 776 956 854 ΕΠΙΙῌ
1026 773 1963 856 novantnluu

124 910 200 972 in
245 909 358 973 Ιιαο
394 912 660 975 Historia
698 919 1110 987 contentarum,
1153 912 1483 993 desumptus
1522 929 1600 974 ex
1636 913 1875 991 antiquo
1914 909 2270 993 Apoqrnpho',

812 1044 1117 1125 ampliatus
1154 1054 1206 1105 et
1245 1042 1607 1123 reformatus.

965 1215 1440 1248 ψ

70 1369 453 1460 Academia
492 1394 741 1477 publica
795 1394 988 1479 Regii,
1015 1412 1152 1476 paq.
1195 1397 1336 1459 122.

68 1504 289 1567 Actius
314 1504 599 1589 Sigiberti
624 1505 782 1567 filius
807 1503 1159 1568 Canueeium
1197 1504 1405 1570 eedem
1445 1509 1765 1581 transfert,
1789 1504 1903 1579 995
1942 1502 2110 1587 Regii
2152 1503 2328 1568 Prin-

250 1631 399 1694 ceps
436 1611 707 1694 relictus,
747 1614 902 1688 1025
940 1631 1190 1676 uxorem
1229 1611 1399 1675 ducit
1435 1611 1784 1689 Matildam,
1811 1612 1958 1676 107.

68 1720 289 1783 Actius
328 1722 403 1781 vl
445 1720 604 1782 filius
652 1719 845 1781 Obicii
902 1720 1150 1783 Ateetini
1208 1720 1380 1802 Regii
1434 1720 1721 1802 Princeps
1740 1762 1760 1796 ,
1799 1721 1919 1780 213
1935 1740 1960 1794 5
1998 1721 2323 1800 Raugonoe

244 1828 425 1892 exilio
464 1831 748 1905 mulctat,
788 1837 850 1891 et
891 1847 1107 1892 eorum
1147 1827 1329 1891 aedes
1367 1826 1640 1890 funditus
1677 1828 1918 1902 evertit,
1955 1829 2071 1904 ib.3
2111 1845 2321 1890 arcem

243 1935 326 1998 ad
363 1938 426 1999 S.
462 1936 619 1999 Petri
669 1938 909 1998 Portam
948 1935 1249 2013 aedificat,
1288 1937 1446 2011 2165
1488 1935 1825 1998 Beatricem
1853 1934 2032 2017 Regis
2069 1933 2322 2015 Apuliae

243 2044 433 2106 filiam
472 2064 717 2108 uxorem
758 2044 958 2121 ducit,
997 2046 1157 2122 2185
1201 2043 1421 2130 amittit
1457 2042 1783 2121 Mutinam,
1813 2045 1975 2119 2215
2017 2042 2164 2106 item
2203 2041 2324 2104 Re·-

246 2150 450 2232 gium,
489 2153 648 2226 2225
688 2150 975 2228 moritur,
1014 2150 1094 2213 ib.

67 2254 417 2319 Adelardue
454 2245 623 2340 Regii
663 2256 1012 2339 Episcopus,
1052 2258 1194 2319 102.

67 2364 330 2427 Aemilia
371 2365 467 2426 via
507 2384 543 2426 a
584 2365 793 2427 Marco
828 2365 1082 2427 Aemilio
1120 2363 1349 2447 Lepido
1388 2373 1599 2440 strata,
1638 2365 1744 2426 46.

67 2471 329 2534 Albinea
371 2470 449 2531 ab
485 2469 738 2532 Albiniis
779 2473 1113 2552 appellata,
1139 2473 1252 2549 495
1294 2472 1428 2551 ejus
1451 2472 1745 2554 palatium
1779 2477 1843 2533 et
1868 2469 2140 2544 moenia,
2170 2466 2319 2546 1895

239 2576 322 2640 de
360 2577 596 2655 eadem,
634 2579 782 2654 275,
822 2579 967 2654 489,
1005 2580 1148 2643 490.

66 2686 438 2748 Albriconue
477 2685 718 2748 Albrico
757 2685 926 2769 Regii
966 2686 1320 2770 Episcopus,
1364 2687 1505 2747 115.

66 2796 358 2858 Alfoneue
383 2794 686 2857 Atestinus
709 2794 1048 2865 Lucretiam
1072 2794 1354 2876 Borgiam
1395 2793 1567 2855 ducit
1606 2810 1873 2869 uxorem,
1903 2791 2024 2853 397
2041 2812 2061 2865 5
2100 2807 2318 2851 succe-

238 2899 331 2963 dit
368 2900 526 2982 patri
562 2901 840 2976 Herculi,
866 2909 930 2962 et
956 2905 1083 2963 Dux
1126 2919 1163 2962 a
1202 2901 1436 2984 populo
1474 2900 1881 2977 acclamatur,
1920 2897 2080 2975 3995
2122 2894 2314 2958 vincit

235 3010 528 3085 Venetos,
571 3010 727 3084 4185
779 3006 1031 3069 dimicat
1083 3026 1224 3070 cum
1279 3006 1557 3069 Fabricio
1595 3008 1915 3082 Columna,
1957 3014 2019 3067 et
2054 3002 2314 3070 Raetiam

239 3121 566 3196 expugnat,
592 3117 741 3192 4195
781 3114 1049 3198 reposcit
1070 3113 1342 3197 Regium,
1369 3116 1528 3189 4225
1569 3113 1781 3193 diripit
1803 3111 2095 3178 suburbia
2120 3110 2313 3193 Regii,

234 3222 355 3299 ‘'b-3
410 3221 748 3305 ingreditur
786 3223 1071 3305 Regium,
1110 3224 1235 3288 506
1248 3245 1270 3299 5
1327 3226 1647 3286 confirmat
1699 3220 2131 3284 conventiones
2171 3237 2313 3280 cum

239 3328 659 3413 Regiensibue,
698 3332 855 3405 5085
897 3328 1237 3412 ingreditur
1278 3329 1591 3403 Mutinam,
1634 3329 1788 3403 5235
1828 3326 2111 3402 moritur,
2149 3327 2294 3390 537.

72 3436 444 3518 Apollinaris
483 3437 636 3516 (S.)
674 3437 975 3500 convertit
1014 3434 1095 3504 ad
1134 3433 1509 3518 Religionem
1531 3434 1930 3500 Christianam
1965 3417 2311 3518 Regieneee,

241 3544 361 3619 625
402 3542 754 3623 martyrium
793 3544 924 3620 ejus
963 3543 1082 3619 635
1124 3543 1257 3620 ejus
1294 3545 1609 3626 templum,
1648 3544 1753 3605 67.

72 3650 443 3732 Apollinaris
478 3650 808 3734 Episcopus
845 3651 1039 3734 Regii,
1075 3652 1178 3713 96.

71 3758 344 3821 Arlottue
385 3758 847 3821 Bontranciecue
885 3758 1057 3842 Regii
1098 3759 1450 3842 Episcopus,
1489 3758 1640 3836 374,
1675 3754 1821 3816 406.

72 3867 191 3927 Arx
229 3864 310 3926 ad
349 3867 588 3929 Portam
625 3865 685 3927 S.
730 3866 889 3929 Petri
928 3864 1267 3945 aedificate,
1306 3868 1450 3927 212.

69 3977 194 4036 Arx
234 3973 311 4036 ad
352 3978 591 4038 Portam
629 3976 690 4037 S.
732 3973 990 4051 Nazarii,
1029 3975 1174 4037 277.

71 4082 326 4147 Atestini
365 4082 497 4146 vid.
540 4082 803 4161 Borsius,
842 4084 1179 4161 Leonellus,
1217 4082 1491 4161 Obicius,
1529 4080 1835 4158 Nicolaue,
1874 4078 2185 4146 Hercules.

70 4191 483 4257 Atestinorum
521 4192 720 4275 origo,
760 4192 901 4253 102.

72 4293 272 4363 Attila'
294 4301 597 4384 flagellum
635 4301 763 4378 Dei,
803 4295 907 4363 74.
