2950 5017
896 448 1094 493 mmm
1137 448 1475 498 nummus
2150 458 2181 503 1
2189 459 2233 504 0
2241 458 2272 503 1

75 576 320 633 soentes
368 578 883 635 revocaverunt.
930 566 1231 637 Tandem
1263 591 1420 638 eum
1463 574 1646 641 cives
1688 572 1865 665 apud
1895 572 2296 650 celerinum.

71 680 216 748 urbi
259 680 702 750 Praefectum
747 682 829 750 de
879 682 1108 754 liberis
1155 686 1243 754 ab
1288 690 1570 778 antiqua
1627 688 1939 759 Deorum·
1967 691 2276 782 religione

68 797 368 866 seductis
419 799 729 889 quotidie
785 814 1348 891 conquererentur
1362 854 1383 885 ,
1425 803 1836 894 chrysantus
1893 808 2237 877 tenebroso
2251 859 2273 890 ‚

71 912 556 1003 squallidoque
629 938 891 981 carcere
959 916 1092 983 sub
1152 916 1419 986 Claudii
1487 918 1904 988 Centurionis
1977 923 2278 992 custodia

71 1028 379 1098 inclusus
427 1033 622 1097 tenui
664 1031 814 1099 cibo
858 1033 1387 1103 sustentabatur.
1433 1034 1688 1103 Verum
1733 1034 2060 1135 Claudius
2116 1062 2277 1109 cum

75 1148 513 1236 septuaginta
555 1145 883 1216 militibus
928 1151 1020 1237 pii
1065 1147 1503 1219 adolescentis
1538 1151 1837 1221 doctrina
1864 1152 2279 1223 Christianus

79 1256 321 1342 factus,
349 1262 554 1328 sociis
582 1265 802 1351 capite
832 1262 1200 1345 mulctatis,
1229 1287 1384 1332 cum
1415 1264 1641 1333 liberis
1671 1266 1755 1334 ad
1784 1290 2023 1334 saxum
2055 1268 2278 1337 allisus

79 1387 150 1442 et
209 1378 284 1444 in
353 1375 772 1468 profundum
834 1380 1169 1448 demersus
1234 1381 1589 1472 gloriosam
1655 1389 2062 1452 constantiae
2123 1408 2283 1453 suae

87 1489 388 1584 palmam
434 1498 825 1585 promeruit.
857 1497 951 1563 At
981 1495 1348 1566 Pollemius
1392 1510 1767 1566 extractum
1812 1499 2029 1567 filium
2072 1504 2287 1570 omni-

81 1608 209 1678 bus
249 1609 603 1683 lenociniis
669 1638 711 1681 a
775 1613 1133 1683 christiana
1193 1618 1447 1705 pietate
1508 1617 1839 1685 retrahere
1883 1619 2282 1700 conabatur,

88 1748 297 1816 quem
320 1750 482 1796 cum
511 1726 1129 1799 formosissimarum
1176 1730 1556 1821 puellarum
1600 1731 1941 1800 blanditiis
1989 1756 2282 1802 corrum-

92 1862 253 1931 pere
293 1867 429 1912 non
469 1847 824 1934 potuisset,
865 1847 1112 1913 iterum
1159 1858 1332 1915 tetro
1374 1850 1616 1914 carceri
1668 1848 2094 1915 cruciandum
2140 1849 2283 1916 red-

91 1956 288 2027 didit.
331 1960 534 2029 Daria
577 1985 767 2044 vero,
811 1986 986 2053 quae
1037 1961 1233 2030 firma
1281 1961 1415 2031 fide
1467 1987 1707 2054 sponsa
1748 1949 2015 2033 Christo
2058 1965 2281 2032 dicata

95 2077 288 2144 minis
331 2081 561 2146 terreri
624 2103 760 2149 non
827 2091 1120 2170 poterat,
1165 2092 1248 2148 ut
1289 2079 1608 2149 infamiae
1651 2081 1889 2149 saltem
1934 2094 2092 2151 nota
2136 2107 2285 2152 mo-

97 2206 394 2274 veretur,
459 2194 768 2284 lupanari
837 2195 1236 2264 includitur.
1303 2196 1695 2286 Agebantur
1760 2209 1908 2277 tum
1977 2196 2159 2266 forte.
2209 2199 2283 2266 in

101 2308 542 2397 amphiteatro
583 2311 728 2378 ludi
769 2310 1147 2393 Circenses,
1194 2336 1237 2378 a
1278 2312 1529 2403 quibus
1573 2312 1676 2381 leo
1720 2312 1946 2382 divino
1989 2313 2282 2404 impulsu

104 2445 454 2515 erumpens
498 2426 586 2493 ad
632 2426 1140 2496 custodiendum
1193 2428 1545 2519 postribuli
1588 2430 1831 2497 ostium
1875 2432 2098 2498 venit:
2152 2430 2282 2510 ibi,

103 2555 386 2630 correpto
429 2544 575 2611 viro
617 2545 737 2633 qui
769 2542 865 2611 rad
909 2542 1295 2613 violandam
1361 2543 1655 2634 puellam
1727 2556 1970 2614 temere
2028 2544 2282 2634 ingredi

104 2676 290 2723 ausus
331 2655 577 2740 fuerat,
606 2659 771 2749 quid
801 2659 884 2727 de
912 2683 995 2729 eo
1027 2659 1355 2749 agendum
1400 2665 1577 2727 esset'
1616 2684 1655 2726 a
1684 2660 1889 2727 Daria
1931 2658 2281 2750 significari

105 2773 513 2859 expectabat,
542 2774 660 2841 sed
705 2798 747 2841 a
789 2778 902 2866 pia
931 2778 1185 2867 virgine
1215 2776 1466 2844 dimitti
1511 2776 1731 2861 jussus
1758 2775 1846 2844 ob
1878 2774 2278 2842 miraculum

111 2883 198 2949 ab
225 2888 447 2956 insana
473 2894 931 2980 superstitione
974 2891 1060 2959 ad
1090 2915 1311 2977 veram
1354 2890 1740 2981 religionem
1779 2902 1881 2958 est
1906 2901 2275 2958 revocatus.

113 2999 248 3068 Alii
290 3005 804 3098 ad·capiendnm
848 3008 1126 3086 leonem,
1153 3011 1335 3076 missi
1366 3032 1598 3078 omnes
1641 3011 1817 3099 capti
1837 3059 1857 3089 ,
1899 3019 1967 3074 et
2012 3008 2278 3098 virginis

117 3115 519 3191 humanitate
557 3128 837 3208 servati,
880 3126 1025 3214 ejus
1070 3125 1365 3195 doctrina
1411 3125 1497 3191 ad
1525 3124 1775 3194 Christi
1818 3124 2078 3192 cultum
2123 3146 2276 3192 con·

112 3239 268 3304 veni
311 3236 517 3308 fuere.
562 3240 743 3308 Cum
807 3241 996 3309 nulla
1062 3241 1347 3333 denique
1414 3241 1683 3332 puellae
1747 3241 1989 3328 injuria
2053 3238 2278 3307 inferri

111 3367 334 3439 ponet,
377 3357 538 3447 igne
576 3360 746 3425 ostio
791 3358 1085 3437 admoto,
1131 3358 1234 3429 leo
1269 3341 1519 3427 Dariae
1559 3357 1746 3445 jussu
1791 3357 2109 3425 discessit.
2154 3357 2279 3424 His

114 3468 334 3539 auditis
377 3470 827 3542 Numerianus
870 3473 1321 3564 Chrysantum
1364 3487 1436 3541 et
1475 3475 1753 3541 Dariam
1807 3483 2099 3561 arreptos
2143 3483 2281 3539 tor-

111 3589 274 3672 queri
317 3590 687 3679 praecepit:
715 3588 827 3657 sed
861 3587 1083 3659 fractis
1116 3594 1569 3659 instrumentis
1596 3614 1751 3657 cnm
1783 3613 1853 3657 se
1878 3588 2048 3657 nihil
2088 3610 2279 3677 agere

113 3704 428 3785 manet,
473 3703 740 3771 tandem
785 3708 853 3773 in
898 3702 1160 3775 foveam
1206 3711 1433 3775 missos
1475 3705 1810 3797 lapidibus
1853 3706 2100 3800 obruit.
2148 3703 2276 3769 Rei

115 3830 309 3903 gestae
357 3818 546 3888 fama
587 3821 767 3912 quod
808 3821 1079 3913 plurimi
1121 3823 1206 3891 ad
1249 3835 1619 3914 martyrum
1663 3821 2040 3912 sepulcrum
2079 3843 2273 3891 vene-

116 3934 388 4006 rabundi
433 3939 874 4024 confluerent,
907 3954 1226 4032 tyrannus
1253 3941 1526 4011 inducto
1553 3952 1827 4032 cryptae
1856 3963 2048 4008 muro
2074 3941 2279 4005 etiam

117 4047 406 4122 innatae
433 4078 673 4124 arenae
705 4058 1045 4127 tumulum
1075 4059 1328 4147 injecit.
1351 4058 1827 4128 Posterioribus
1855 4080 2011 4125 vero
2041 4054 2279 4122 diebus

117 4161 521 4263 Bet-ungarius
575 4171 829 4266 primu‘s
881 4173 1167 4247 Romam
1221 4173 1563 4269 profectus
1606 4198 1648 4243 a
1689 4176 1943 4252 Ioanne
1986 4172 2086 4239 IX
2133 4184 2283 4239 tum
