2950 5017
619 399 752 482 384
1357 413 1597 459 nanum
1620 461 1625 468 ,
1656 411 2080 460 aamnxsrtm
2896 377 2925 476 '1

567 537 572 542 ’
618 537 842 628 lapsa,
885 544 1144 626 quanta
1193 544 1341 626 post
1391 533 1746 604 hominum
1790 536 2184 603 memoriam
2230 555 2584 624 nunquam
2638 544 2847 601 antea

615 657 758 721 visa
803 643 962 722 fuit.
1006 651 1333 722 Postridie
1375 650 1683 719 calendas
1727 649 2016 737 januarii
2060 661 2310 742 segetes
2357 649 2839 741 pullularunt,

617 793 696 837 ac
740 792 983 860 magna
1025 773 1328 836 ‘annonae
1370 769 1562 858 copia
1605 764 1762 834 fuit.
1810 767 2095 834 Ineunte
2147 790 2305 836 veno
2358 780 2641 834 aestate·
2676 791 2839 833 cum

616 884 757 951 late
801 888 871 951 in
920 905 1190 973 campos
1217 882 1646 950 Crustumius
1676 884 2024 971 erupisset,
2055 885 2256 948 etiam
2289 883 2599 950 inaudita
2648 906 2838 972 gran-

614 1002 947 1092 do,-quae
983 998 1293 1092 ⁸quinque
1339 1003 1689 1067 unciarum
1739 999 1958 1090 pondo
2003 999 2087 1066 ad
2133 1001 2421 1069 duorum
2453 1001 2832 1090 digitorum

616 1118 1044 1186 altitudinem
1115 1118 1396 1196 cecidit,
1463 1116 1768 1184 homines
1834 1115 2259 1197 vulneravit,
2314 1130 2415 1208 et,
2481 1118 2833 1200 arboribus

612 1236 911 1323 dejectis,
942 1235 1236 1326 plurima
1264 1237 1469 1302 etiam
1503 1234 1706 1301 bruta
1736 1237 2079 1325 oppressit.
2125 1234 2299 1302 Eam
2345 1235 2835 1317 calamitatem,

614 1363 883 1443 propter
942 1354 1110 1419 aeris
1159 1352 1622 1441 intemperiem
1674 1373 1832 1417 cum
1888 1350 2132 1417 ultima
2178 1364 2392 1419 aestas
2433 1364 2506 1418 et
2550 1364 2839 1419 autum-

613 1490 745 1562 nus
787 1464 1152 1559 frigidiores
1195 1465 1511 1548 fuissent,
1553 1488 1751 1536 saeva
1796 1468 2000 1557 pestis
2045 1479 2278 1535 secuta
2316 1468 2507 1558 Regii
2552 1470 2837 1558 grassari

615 1589 859 1677 coepit.

751 1704 847 1771 At
889 1702 1243 1786 Hercules,
1298 1727 1383 1771 ne
1435 1702 1954 1772 vicedominum
1999 1702 2415 1778 Venetorum
2458 1704 2838 1772 Ferrariam

617 1834 977 1892 venturum
1010 1822 1289 1903 videret,
1333 1822 1620 1911 Regium
1667 1845 1747 1902 se,
1782 1821 2103 1904 contulit,
2149 1821 2268 1889 ubi
2312 1824 2401 1890 in·
2429 1822 2845 1909 jocosis'ob·

614 1939 1091 2008 lectationibus
1147 1951 1451 2007 versatus
1520 1928 1772 2010 sinuosi
1843 1939 2215 2029 labyrinthi
2265 1940 2703 2029 descriptioni
2758 1964 2837 2008 ac

613 2054 933 2145 luporum
966 2055 1434 2123 venationibus
1466 2080 1737 2145 operam
1769 2055 1975 2123 dedit.
2023 2056 2381 2123 Caeterum
2427 2069 2508 2122 ut
2553 2081 2836 2125 omnem

615 2195 704 2239 ex
747 2184 930 2262 gesto
985 2170 1165 2239 bello
1216 2171 1492 2239 livorem
1547 2172 1946 2261 abstergeret
1991 2172 2369 2255 Venetiae,⁸
2400 2175 2523 2241 ubi
2578 2198 2836 2264 magno

612 2290 863 2357 honore
907 2301 1230 2379 exceptus
1275 2302 1406 2368 est,
1452 2306 1786 2358 senatores
1840 2290 2252 2379 salutaturus
2297 2315 2366 2358 se
2408 2290 2709 2359 contulit
2736 2293 2834 2358 (¹).

613 2405 812 2473 Inde·
844 2429 1138 2474 reversus
1206 2406 1293 2474 ad
1360 2406 1804 2474 Monticolum
1826 2458 1844 2487 ,
1898 2408 2084 2498 quod
2139 2407 2499 2475 Taurellus
2520 2458 2540 2488 ,
2594 2421 2841 2498 qnam-

612 2523 857 2613 quam,
902 2522 1244 2591 Ludovico
1290 2520 1541 2590 Sfortia
1596 2522 1914 2609 jubente,
1957 2523 2297 2591 obstinate
2343 2526 2697 2591 restituere
2742 2548 2839 2591 re·

614 2640 932 2720 cusabat,
977 2640 1502 2729 oppugnandum
1552 2663 1621 2706 se
1665 2643 1978 2708 accinxit.
2026 2631 2340 2706 Pluribus
2387 2639 2471 2716 ad
2518 2664 2678 2706 eam
2722 2663 2841 2730 ex-

613 2756 1019 2845 peditionem
1074 2756 1463 2824 obeundam
1520 2760 1866 2824 tormentis
1926 2755 2182 2824 bellicis
2240 2735 2532 2845 Regium
2586 2758 2836 2835 missis,

613 2876 758 2963 ipse
805 2897 967 2944 mox
1021 2876 1413 2942 subsecutus
1461 2875 1627 2942 dum
1674 2874 1987 2942 Parmam
2042 2874 2130 2942 ad
2182 2873 2611 2942 Ludovicum
2659 2871 2840 2942 Sfor-

615 2993 782 3057 tiam
848 2992 1192 3059 contendit
1219 3042 1239 3072 ,
1308 3015 1581 3062 omnem
1652 2975 1993 3081 reliquum
2058 3002 2478 3082 apparatum·
2534 2991 2837 3081 expediri

613 3107 841 3193 jussit.
900 3108 997 3175 At
1062 3108 1421 3175 Taurellus
1491 3107 1847 3178 Monticuli
1913 3111 2475 3199 expugnationem
2542 3112 2832 3189 veritus,

519 3257 526 3264 ⁴
614 3247 746 3289 non
793 3235 1149 3313 expectato
1195 3223 1381 3291 hoste
1425 3224 1744 3297 discessit.
1791 3225 2013 3308 Quare
2061 3225 2205 3311 ejus
2250 3222 2665 3313 praesidiarii
2713 3225 2833 3289 mi·

555 3324 561 3331 ⁸
612 3338 763 3416 lites
809 3338 992 3408 facta
1033 3340 1370 3408 deditione
1418 3365 1459 3408 a
1503 3343 1760 3418 Joanne
1814 3341 2012 3410 Petro
2081 3342 2507 3431 Bergamino,
2557 3342 2829 3408 Parmae

615 3454 977 3547 praefecto,
1007 3468 1076 3523 et
1106 3457 1503 3528 Guicciardo
1551 3462 2050 3550 sagittariorum
2079 3458 2290 3525 Ducis
2325 3458 2640 3525 Herculis
2669 3458 2827 3524 duce

612 3574 743 3642 fide
786 3575 1051 3642 victoris
1096 3574 1383 3665 Regium
1443 3600 1658 3667 usque
1712 3577 1984 3644 deducti
2040 3574 2315 3644 fuerunt
2353 3575 2456 3643 (ὑ).
2509 3559 2827 3643 Postridie

612 3692 965 3783 Philippus
1032 3693 1473 3780 Buccamajor
1541 3696 2000 3776 Ferrariensis,
2058 3704 2130 3762 et
2195 3693 2385 3784 Regii
2455 3691 2824 3784 praefectus

529 3809 534 3814 ’
611 3835 780 3879 cum
832 3812 1274 3882 nobilioribus
1332 3813 1522 3882 urbis
1575 3811 2022 3882 Monticolum
2091 3809 2440 3902 profectus
2510 3811 2825 3903 oppidum

691 4073 782 4143 (ι)
809 4074 913 4127 Dio
945 4077 1164 4129 secunda
1197 4077 1500 4148 novembris
1535 4093 1903 4130 nccnctxxxv.

694 4165 778 4237 (a)
811 4166 913 4223 Dis
942 4186 1053 4223 xm
1086 4168 1268 4240 aprilis
1302 4187 1667 4241 umccuxxvr
1701 4170 1838 4224 circa
1871 4169 2056 4225 horam
2087 4184 2203 4228 xxva
