2950 5017
943 435 1142 479 mzn
1188 431 1507 481 earumve
1952 454 1957 460 ·
2108 443 2111 448 ·
2177 422 2305 509 471

49 558 493 650 indignatus
542 555 695 638 ille,
740 578 902 623 cum
947 559 1135 647 prius
1183 555 1405 626 verbis
1468 569 1539 625 et
1602 555 1844 626 litteris
1888 559 2321 649 apud·Fran-

55 678 358 745 ciocum
402 689 475 743 et
516 676 891 744 Antonium
936 674 1223 742 Mariam
1268 686 1541 764 agnatos
1595 671 1853 744 factum
1905 671 2318 760 excusasset,

55 791 379 861 Zobolis
421 814 492 859 se
518 790 914 876 xoenjnnxit.
959 792 1051 857 Hi
1095 793 1286 859 novis
1330 790 1587 858 viribus
1646 794 1868 873 aucti,
1923 794 2040 860 ubi
2103 796 2313 862 etiam
2421 797 2429 806 ’

60 910 186 979 ob
262 907 740 998 Guelphorum
808 909 1091 975 crimina
1135 907 1719 976 Guicciardinum‘
1763 907 1892 976 sibi
1958 912 2323 1000 impensius

61 1024 332 1095 favere
362 1025 775 1113 intelligunt,
801 1023 1129 1093 Praefecti
1176 1027 1390 1115 gratia
1431 1023 1598 1094 elati
1646 1025 1731 1092 ad
1778 1035 1986 1094 novas
2030 1051 2133 1096 ree
2178 1040 2327 1097 ten-

65 1142 348 1211 tandas
389 1144 945 1232 intemperantius
988 1140 1317 1212 feruntur.
1363 1140 1444 1209 In
1487 1141 1656 1221 Julii
1703 1145 1889 1210 enim
1936 1142 2155 1225 Bebii,
2197 1145 2322 1235 qui

71 1282 130 1326 a
189 1258 510 1327 civilibus
569 1257 978 1328 factionibus
1039 1258 1457 1341 abstinebat,
1502 1281 1741 1327 necem
1811 1259 1901 1327 ob
1969 1257 2188 1329 solum
2246 1263 2321 1327 in

77 1398 259 1441 eam
308 1372 640 1442 familiam
685 1383 1087 1464 conceptum
1155 1375 1389 1450 odium
1459 1386 1706 1441 temere
1772 1375 2171 1462 conjurant3
2211 1374 2327 1442 sed

75 1494 178 1575 is,
214 1516 361 1582 qua
392 1504 587 1560 nocte
620 1492 1053 1560 trucidandus
1084 1489 1255 1573 erat,
1285 1515 1463 1582 quae
1510 1491 1659 1559 idus
1703 1492 1995 1577 januarii
2026 1492 2100 1556 (Ι)
2144 1514 2330 1580 prae·

77 1613 330 1689 cessit,
371 1609 517 1677 Deo
562 1611 991 1677 innocentem
1036 1632 1295 1678 servare
1339 1607 1641 1689 volente,
1689 1606 1861 1677 forte
1904 1608 2091 1698 apud
2132 1608 2329 1677 Vice-

81 1725 416 1794 dominos
458 1725 795 1794 dormivit.
857 1724 993 1791 Ubi
1064 1725 1248 1793 domi
1315 1724 1661 1793 hominem
1729 1749 1864 1792 non
1931 1726 2325 1806 inreniun't,

82 1841 382 1912 Simone
425 1842 789 1932 Minghello
833 1844 1180 1922 incitante,
1226 1840 1524 1929 Hilarius
1548 1840 1869 1910 ·Zobolus
1915 1854 1984 1908 et
2027 1840 2324 1918 Iacobus

87 1959 394 2040 Sessias,
421 1959 780 2028 Nicolaum
827 1958 1176 2026 filiastrum
1223 1957 1674 2048 cognomento
1709 1958 2157 2025 Romazotum
2201 1956 2327 2025 ob-

86 2089 477 2158 truncant3
517 2077 556 2154 J
560 2075 958 2166 uvenalique
1001 2075 1262 2163 Bueana
1327 2078 1615 2164 graviter
1663 2072 2049 2154 vulnerate,
2111 2076 2325 2140 etiam

90 2193 573 2261 Alexandrum
619 2193 904 2260 Bobium
950 2195 1021 2259 in
1070 2190 1321 2281 templo
1365 2188 1654 2260 Sanctae
1686 2189 1935 2257 Mariae
1972 2213 2013 2256 a
2046 2189 2326 2271 Gratiis,

93 2311 234 2378 ubi
300 2300 713 2401 frequentius
779 2312 977 2378 sacris
1015 2311 1355 2378 interesse
1417 2319 1890 2388 consueverat,
1935 2309 2332 2397 intercipere

104 2427 413 2497 voluisse
466 2426 794 2496 feruntur.
850 2425 1103 2495 Verum
1173 2428 1229 2493 is
1298 2428 1565 2493 cautius
1630 2423 1967 2495 latitando·
2029 2424 2330 2493 hostium

97 2558 397 2614 conatus
443 2542 667 2612 elusit.
754 2559 765 2570 ‘

250 2660 386 2727 Ubi
418 2660 548 2728 hoc
576 2679 849 2751 quoque
895 2662 1116 2727 minus
1159 2679 1459 2748 prospere
1504 2654 1634 2722 sibi
1673 2654 2053 2721 successisse
2083 2651 2329 2720 Zoboli

104 2779 376 2859 vident,
406 2776 592 2844 aliud
621 2801 757 2845 non
805 2778 1026 2843 minus
1070 2796 1268 2865 grave
1314 2770 1536 2839 sceius
1581 2770 2079 2864 aggrediuntur.
2126 2770 2335 2837 Fran-

104 2901 331 2966 ciscus
372 2893 811 2968 Fontanellus
856 2918 942 2961 ex
986 2892 1355 2961 Gatharina
1402 2891 1680 2988 Ioannis
1718 2887 1951 2966 Jacobi
1996 2887 2187 2954 Bebii
2230 2910 2337 2957 so·

106 3039 261 3084 rore
325 3016 587 3104 genitus
653 3033 1068 3103 quamquam
1136 3010 1465 3097 sanguiue
1526 3005 1750 3076 Bebiis
1814 3004 2249 3090 conjunctus,
2292 3026 2338 3070 a

109 3132 438 3201 civilibus
483 3144 706 3199 tamen
753 3128 1165 3198 factionibus
1210 3124 1651 3205 abhorrebat,
1695 3121 2180 3213 splendidoque
2223 3144 2338 3191 ve·

111 3254 333 3320 stium
378 3248 571 3317 cultu
626 3252 893 3340 potius,
944 3257 1013 3313 et
1065 3246 1424 3335 unguentis
1468 3240 1882 3322 delectatus,
1927 3239 2339 3313 carminibus

116 3371 211 3439 ad
259 3368 586 3437 citharam
633 3367 974 3448 canendis,
1005 3377 1075 3432 et
1105 3366 1313 3453 magis
1341 3360 1601 3432 festivis
1632 3365 1867 3442 musis,
1895 3379 2103 3450 quam
2139 3360 2344 3428 armis

117 3486 468 3555 studebat.
511 3484 826 3554 Ceterum
875 3483 1117 3575 opibus
1162 3477 1518 3549 abundans
1559 3501 1717 3547 cum
1765 3479 2049 3568 pecunia
2062 3509 2084 3560 ·,
2129 3487 2339 3567 atque

122 3602 413 3672 consilio
477 3614 795 3693 cognatos
847 3600 1091 3669 Bebios
1125 3595 1391 3685 juvare
1458 3597 1879 3674 crederetur,
1944 3593 2087 3679 jam
2154 3589 2343 3658 fama

121 3732 513 3811 suspectum
560 3719 833 3790 Zobolis
878 3721 1100 3787 virum
1144 3716 1226 3785 lis
1268 3718 1712 3800 interveniens
1756 3715 1961 3778 etiam
2006 3709 2340 3774 inimicio-

129 3864 277 3908 rem
327 3836 506 3907 feeit.
552 3838 720 3926 Ejus
772 3840 950 3906 enim
1003 3859 1177 3905 uxor
1221 3833 1497 3901 Beatrix
1552 3854 1711 3898 cum
1755 3850 1972 3896 sorore
2015 3825 2350 3894 Constan-

131 3960 277 4026 tina
322 3953 730 4048 sigismundi
796 3945 1152 4045 Malegucii
1218 3950 1507 4039 conjuge
1568 3949 1642 4016 in
1711 3945 2010 4038 parentis
2061 3941 2346 4012 Antonii

212 4191 300 4263 (ι)
333 4208 534 4245 nnm-
