2950 5017
971 397 1174 444 mena
1218 398 1511 454 omanus
1833 413 1839 420 ·
2212 382 2342 451 385

63 516 433 586 Herculis
493 518 765 590 nomine
832 519 1326 602 munivit.„1bi
1391 520 1525 589 loci
1590 518 2116 592 archiflaminem
2180 544 2342 591 cum

61 630 112 710 J
115 656 374 704 oanne
421 630 657 715 fratre,
705 635 827 725 qui
881 646 1082 703 antea
1124 636 1512 704 Atestinum
1564 627 2026 728 prodiderant,
2068 639 2142 706 in
2195 640 2343 707 vin-

63 750 272 818 cula
317 750 640 837 conjecit,
688 764 757 817 et
801 751 1007 841 paulo
1053 765 1205 842 post
1247 766 1514 844 recepto
1559 754 1890 845 Gopriaco
1935 755 2338 845 praesidium

61 866 486 956 imposuit:
529 865 647 933 sed
698 889 857 934 cum
910 865 1199 949 milites,
1243 871 1363 959 qui
1415 866 1654 940 infidos
1708 869 1960 937 incolas
2001 873 2071 938 in
2119 868 2341 939 officio

59 987 513 1065 retinerent,
561 1007 802 1074 magna
855 989 1158 1075 impensa
1212 985 1587 1069 alerentur,
1631 986 1983 1078 castellum
2031 983 2339 1058 funditus

63 1102 326 1167 everti
359 1099 638 1190 placuit.
671 1104 938 1168 Armati
981 1102 1187 1191 igitur
1217 1101 1300 1168 ad
1334 1103 1627 1171 mediam
1671 1115 1942 1171 noctem
1989 1103 2338 1194 Regienses
2430 1113 2438 1136 ¹

65 1219 395 1284 rusticos
447 1175 793 1286 fabrorum
838 1219 987 1286 vice
1032 1215 1383 1288 functuros
1436 1226 1753 1304 evocant,
1809 1234 1881 1289 et
1935 1220 2019 1288 ad
2074 1219 2340 1300 diruen-

61 1333 272 1401 dum
332 1333 735 1425 Copriacum
793 1338 1178 1434 properanti
1235 1339 1502 1427 agmine
1557 1336 2089 1428 proficiscuntur.
2144 1337 2335 1405 Dum

65 1457 442 1542 speciosae
491 1452 687 1521 aedes
741 1464 813 1522 et
866 1453 1359 1523 nobilissimum
1415 1455 1751 1546 palatium
1804 1459 1960 1548 igne
2021 1453 2333 1548 ferroque

65 1582 505 1651 vastaretur,
548 1568 812 1650 lateres,
856 1567 1281 1653 ferramenta,
1327 1571 1575 1654 trabes,
1620 1572 2026 1664 tegulaeque
2073 1596 2114 1641 a
2159 1597 2329 1662 non-.-

71 1686 312 1755 nullis
357 1687 619 1756 avidius
663 1700 1133 1777 exportantur.
1199 1687 1305 1757 Ea
1371 1692 1604 1780 rapina
1671 1690 2002 1781 indignati
2068 1689 2334 1760 incolae

73 1804 344 1885 fabris,
388 1808 508 1896 qui
552 1827 781 1872 muros
825 1803 1392 1885 demoliebantur,
1438 1809 1583 1874 vim
1633 1806 2035 1876 intulerunt.
2080 1807 2162 1874 Id
2207 1807 2332 1874 ubi

73 1920 292 2011 Regii
338 1934 443 1989 est
490 1920 833 2001 auditum,
861 1897 1116 1989 ‘coacta
1158 1924 1378 2002 curia,
1431 1914 1530 1989 ira
1592 1921 2011 1991 ferventibus
2063 1924 2332 1993 civibus

75 2044 325 2108 visum
375 2053 515 2122 est,
558 2052 640 2106 ut
691 2040 980 2107 eductus
1024 2038 1317 2129 populus
1366 2042 1879 2108 contumacium
1926 2045 2331 2111 rusticorum

78 2156 284 2224 bona
351 2156 689 2247 diriperet.
744 2156 843 2222 Re
897 2154 1170 2223 tandem
1228 2159 1559 2221 maturius
1614 2179 1932 2247 perpensa
1983 2157 2329 2225 decretum

80 2274 489 2342 iracundiae
520 2273 737 2340 calore
768 2272 1024 2339 factum
1074 2283 1177 2340 est
1220 2283 1646 2354 revocatum3
1693 2272 2067 2365 clausisque
2112 2276 2327 2366 portis

79 2415 212 2471 ne,
265 2391 613 2481 praecipiti
665 2400 922 2456 statuto
978 2387 1356 2475 divulgato,
1423 2410 1605 2455 nova
1675 2388 1996 2457 moliendi
2066 2393 2327 2460 occasio

78 2508 400 2587 daretur,
446 2507 713 2573 nemine
759 2507 940 2572 exire
993 2503 1384 2594 permissum
1430 2515 1553 2569 est.
1600 2502 1882 2571 Interim
1930 2504 2082 2595 plus
2128 2505 2316 2573 mille

79 2625 385 2714 operarii
433 2620 755 2712 oppidum
787 2618 1257 2698 devastabant,
1290 2618 1545 2708 aliique
1572 2618 1876 2709 quotidie
1922 2619 2008 2685 ad
2054 2620 2327 2689 diruen-

81 2741 264 2807 dum
311 2762 480 2829 opus
526 2737 835 2805 submissi
882 2748 1072 2802 tanto
1120 2736 1328 2802 animi
1374 2735 1606 2801 ardore
1636 2757 1864 2802 muros
1894 2735 2321 2826 quatiebant,

85 2871 172 2926 ut
223 2854 409 2922 ultra
451 2854 592 2922 duo
638 2850 947 2919 milliaria
978 2848 1423 2917 clamantium
1455 2872 1651 2918 voces
1681 2847 2099 2918 audirentur.
2140 2850 2322 2919 Tan-

79 2974 252 3041 dem
286 2972 424 3053 die,
452 2995 591 3063 quo
621 2968 851 3037 Sancti
884 2968 1094 3035 Marci
1125 2969 1449 3035 memoria
1496 2965 1897 3049 celebratur,
1941 2990 2101 3035 cum
2148 2969 2319 3036 turri

83 3115 244 3162 arce
285 3113 537 3170 eversa,
568 3087 885 3156 Hercules
914 3087 1315 3175 Copriacum
1347 3085 1775 3176 Regiensium
1823 3108 2070 3176 pagum
2115 3070 2317 3169 fecitss

81 3209 208 3277 sed
255 3231 396 3277 non
443 3204 666 3274 multo
709 3217 859 3296 post
902 3201 1335 3293 Theophilini
1379 3201 1809 3291 Calcagnini,
1852 3204 1968 3269 cui
2012 3225 2172 3272 eum
2215 3202 2320 3273 lo·

81 3348 252 3394 cum
305 3320 722 3392 beneficiario
764 3319 915 3407 jure
960 3330 1400 3401 concesserat,
1448 3319 1759 3409 precibus
1812 3321 2031 3387 victus
2080 3319 2315 3407 juridi-

82 3466 257 3512 cum
304 3442 402 3508 ibi
449 3435 598 3508 esse'
633 3461 861 3529 passus
906 3449 1029 3508 est.

227 3560 488 3628 Interea
541 3558 632 3625 ob
659 3525 1079 3625 saevientem
1125 3558 1195 3623 in
1242 3557 1411 3642 urbe
1458 3555 1945 3646 pestilentiam,
1993 3556 2314 3647 plurimis

83 3682 164 3752 in
211 3675 412 3746 villas
452 3675 750 3744 evitandi
794 3674 1012 3743 morbi
1056 3677 1268 3765 gratia
1315 3672 1759 3764 fugientibus,
1789 3671 1925 3743 fere
1956 3697 2173 3741 vacua
2219 3674 2312 3740 ci-

88 3799 272 3864 vitas
320 3808 424 3862 est
467 3792 728 3862 relicta.
776 3793 877 3861 Ea
930 3792 1077 3860 lues
1141 3818 1235 3892 &ex
1300 3792 1498 3881 longa
1554 3792 1862 3859 ariditate
1911 3790 2156 3881 pluviis
2204 3790 2313 3857 die

87 3925 438 4002 noctuque
480 3911 1044 4001 subsequentibus
1090 3925 1235 3978 orta
1281 3934 1420 3978 esse
1467 3909 1894 3978 credebatur.
1937 3909 2117 3977 Cum
2152 3933 2310 3978 vero

93 4032 300 4097 etiarn
359 4028 646 4095 flumina
698 4027 834 4095 late
894 4052 1008 4119 per
1061 4050 1332 4118 campos
1385 4028 1456 4094 s'e
1508 4023 1926 4093 effundentia
1989 4023 2314 4117 frigidum

92 4145 450 4218 humorem
511 4147 885 4225 auxissent,
932 4144 1118 4215 coelo
1164 4145 1373 4234 magis
1416 4146 1489 4213 in
1530 4140 1671 4213 dies
1712 4132 2022 4234 corrupto
2076 4143 2309 4232 ingens

2034 4255 2101 4309 25
