<?xml version="1.0" encoding="UTF-8"?>
<!DOCTYPE html PUBLIC "-//W3C//DTD XHTML 1.0 Transitional//EN"
    "http://www.w3.org/TR/xhtml1/DTD/xhtml1-transitional.dtd">
<html xmlns="http://www.w3.org/1999/xhtml" xml:lang="en" lang="en">
 <head>
  <title>
</title>
<meta http-equiv="Content-Type" content="text/html;charset=utf-8" />
  <meta name='ocr-system' content='tesseract 3.04.00' />
  <meta name='ocr-capabilities' content='ocr_page ocr_carea ocr_par ocr_line ocrx_word'/>
</head>
<body>
  <div class='ocr_page' id='page_1' title='image "./rerumhistoricar00unkngoog_0056.png"; bbox 0 0 2950 5017; ppageno 0'>
   <div class='ocr_carea' id='block_1_1' title="bbox 708 390 2135 462">
    <p class='ocr_par' dir='ltr' id='par_1_1' title="bbox 708 390 2135 462">
     <span class='ocr_line' id='line_1_1' title="bbox 708 390 2135 462; baseline -0.001 -11"><span class='ocrx_word' id='word_1_1' title='bbox 708 395 795 462; x_wconf 84' lang='lat'><strong>50</strong></span> <span class='ocrx_word' id='word_1_2' title='bbox 1441 408 1676 452; x_wconf 75' lang='grc'>1111111111</span> <span class='ocrx_word' id='word_1_3' title='bbox 1719 390 2135 451; x_wconf 60' lang='lat' dir='ltr'><strong>ancrausmnlr</strong></span> 
     </span>
    </p>
   </div>
   <div class='ocr_carea' id='block_1_2' title="bbox 701 523 2904 4236">
    <p class='ocr_par' dir='ltr' id='par_1_2' title="bbox 701 523 2904 2590">
     <span class='ocr_line' id='line_1_2' title="bbox 701 523 2894 631; baseline -0.002 -31"><span class='ocrx_word' id='word_1_4' title='bbox 701 555 877 625; x_wconf 86' lang='lat' dir='ltr'><strong>quae</strong></span> <span class='ocrx_word' id='word_1_5' title='bbox 936 532 1116 621; x_wconf 85' lang='lat' dir='ltr'><strong>prius</strong></span> <span class='ocrx_word' id='word_1_6' title='bbox 1178 539 1367 598; x_wconf 84' lang='lat' dir='ltr'><strong>erant</strong></span> <span class='ocrx_word' id='word_1_7' title='bbox 1428 527 1706 630; x_wconf 75' lang='lat' dir='ltr'><strong>oppida,</strong></span> <span class='ocrx_word' id='word_1_8' title='bbox 1749 538 1980 631; x_wconf 83' lang='lat' dir='ltr'><strong>postea</strong></span> <span class='ocrx_word' id='word_1_9' title='bbox 2024 526 2112 594; x_wconf 87' lang='lat' dir='ltr'><strong>ab</strong></span> <span class='ocrx_word' id='word_1_10' title='bbox 2164 523 2329 593; x_wconf 84' lang='lat' dir='ltr'><strong>urbe</strong></span> <span class='ocrx_word' id='word_1_11' title='bbox 2371 523 2625 606; x_wconf 82' lang='lat' dir='ltr'><strong>Roma,</strong></span> <span class='ocrx_word' id='word_1_12' title='bbox 2676 525 2894 595; x_wconf 81' lang='lat' dir='ltr'><strong>urbes</strong></span> 
     </span>
     <span class='ocr_line' id='line_1_3' title="bbox 705 641 2900 733; baseline -0.003 -15"><span class='ocrx_word' id='word_1_13' title='bbox 705 659 972 718; x_wconf 79' lang='lat' dir='ltr'><strong>vocatas</strong></span> <span class='ocrx_word' id='word_1_14' title='bbox 1006 644 1210 714; x_wconf 83' lang='lat' dir='ltr'><strong>fuisse</strong></span> <span class='ocrx_word' id='word_1_15' title='bbox 1254 644 1548 712; x_wconf 85' lang='lat' dir='ltr'><strong>tradunt.</strong></span> <span class='ocrx_word' id='word_1_16' title='bbox 1591 642 1998 712; x_wconf 86' lang='lat' dir='ltr'><strong>Colonorum</strong></span> <span class='ocrx_word' id='word_1_17' title='bbox 2029 644 2232 711; x_wconf 87' lang='lat' dir='ltr'><strong>etiam</strong></span> <span class='ocrx_word' id='word_1_18' title='bbox 2263 641 2592 710; x_wconf 87' lang='lat' dir='ltr'><strong>decimam</strong></span> <span class='ocrx_word' id='word_1_19' title='bbox 2611 656 2900 733; x_wconf 80' lang='lat' dir='ltr'><strong>partem</strong></span> 
     </span>
     <span class='ocr_line' id='line_1_4' title="bbox 708 757 2904 840; baseline -0.003 -7"><span class='ocrx_word' id='word_1_20' title='bbox 708 764 990 833; x_wconf 87' lang='lat' dir='ltr'><strong>Senatus</strong></span> <span class='ocrx_word' id='word_1_21' title='bbox 1032 766 1176 831; x_wconf 80' lang='lat' dir='ltr'><strong>vice</strong></span> <span class='ocrx_word' id='word_1_22' title='bbox 1235 760 1617 829; x_wconf 85' lang='lat' dir='ltr'><strong>functuram</strong></span> <span class='ocrx_word' id='word_1_23' title='bbox 1670 759 2078 829; x_wconf 74' lang='lat' dir='ltr'>conscribere</span> <span class='ocrx_word' id='word_1_24' title='bbox 2128 757 2468 840; x_wconf 86' lang='lat' dir='ltr'><strong>solebant,</strong></span> <span class='ocrx_word' id='word_1_25' title='bbox 2517 760 2714 827; x_wconf 82' lang='lat' dir='ltr'><strong>unde</strong></span> <span class='ocrx_word' id='word_1_26' title='bbox 2770 760 2904 827; x_wconf 89' lang='lat' dir='ltr'><strong>De-</strong></span> 
     </span>
     <span class='ocr_line' id='line_1_5' title="bbox 708 868 2901 969; baseline -0.003 -21"><span class='ocrx_word' id='word_1_27' title='bbox 708 884 1029 962; x_wconf 85' lang='lat' dir='ltr'><strong>curiones,</strong></span> <span class='ocrx_word' id='word_1_28' title='bbox 1071 880 1192 969; x_wconf 88' lang='lat' dir='ltr'><strong>qui</strong></span> <span class='ocrx_word' id='word_1_29' title='bbox 1228 888 1467 967; x_wconf 87' lang='lat' dir='ltr'><strong>postea</strong></span> <span class='ocrx_word' id='word_1_30' title='bbox 1509 874 1840 957; x_wconf 79' lang='lat' dir='ltr'><strong>curiales,</strong></span> <span class='ocrx_word' id='word_1_31' title='bbox 1883 888 1952 942; x_wconf 90' lang='lat' dir='ltr'><strong>et</strong></span> <span class='ocrx_word' id='word_1_32' title='bbox 1995 898 2222 965; x_wconf 79' lang='lat' dir='ltr'>graece</span> <span class='ocrx_word' id='word_1_33' title='bbox 2275 868 2689 957; x_wconf 70' lang='grc' dir='ltr'><strong>βουλευτηρες</strong></span> <span class='ocrx_word' id='word_1_34' title='bbox 2743 876 2901 967; x_wconf 82' lang='lat' dir='ltr'><strong>dicti</strong></span> 
     </span>
     <span class='ocr_line' id='line_1_6' title="bbox 710 988 2902 1084; baseline -0.003 -19"><span class='ocrx_word' id='word_1_35' title='bbox 710 1009 902 1078; x_wconf 85' lang='lat' dir='ltr'><strong>sunt,</strong></span> <span class='ocrx_word' id='word_1_36' title='bbox 948 995 1136 1065; x_wconf 81' lang='lat' dir='ltr'><strong>velut</strong></span> <span class='ocrx_word' id='word_1_37' title='bbox 1176 992 1616 1084; x_wconf 80' lang='lat' dir='ltr'><strong>Reipublicae</strong></span> <span class='ocrx_word' id='word_1_38' title='bbox 1666 991 2078 1061; x_wconf 71' lang='lat' dir='ltr'><strong>consulentes</strong></span> <span class='ocrx_word' id='word_1_39' title='bbox 2129 991 2444 1081; x_wconf 88' lang='lat' dir='ltr'><strong>appellati</strong></span> <span class='ocrx_word' id='word_1_40' title='bbox 2499 988 2728 1059; x_wconf 82' lang='lat' dir='ltr'><strong>fuere.</strong></span> <span class='ocrx_word' id='word_1_41' title='bbox 2779 993 2902 1059; x_wconf 80' lang='lat' dir='ltr'><strong>Re-</strong></span> 
     </span>
     <span class='ocr_line' id='line_1_7' title="bbox 711 1108 2899 1205; baseline -0.003 -24"><span class='ocrx_word' id='word_1_42' title='bbox 711 1116 895 1205; x_wconf 87' lang='lat' dir='ltr'><strong>gium</strong></span> <span class='ocrx_word' id='word_1_43' title='bbox 938 1115 1138 1204; x_wconf 88' lang='lat' dir='ltr'><strong>igitur</strong></span> <span class='ocrx_word' id='word_1_44' title='bbox 1182 1113 1397 1180; x_wconf 88' lang='lat' dir='ltr'><strong>Roma</strong></span> <span class='ocrx_word' id='word_1_45' title='bbox 1440 1110 1706 1176; x_wconf 89' lang='lat' dir='ltr'><strong>deducti</strong></span> <span class='ocrx_word' id='word_1_46' title='bbox 1765 1108 1978 1177; x_wconf 90' lang='lat' dir='ltr'><strong>coloni</strong></span> <span class='ocrx_word' id='word_1_47' title='bbox 2033 1121 2285 1198; x_wconf 90' lang='lat' dir='ltr'><strong>praeter</strong></span> <span class='ocrx_word' id='word_1_48' title='bbox 2336 1109 2617 1189; x_wconf 88' lang='lat' dir='ltr'><strong>Forum,</strong></span> <span class='ocrx_word' id='word_1_49' title='bbox 2676 1108 2899 1175; x_wconf 84' lang='lat' dir='ltr'><strong>Thea-</strong></span> 
     </span>
     <span class='ocr_line' id='line_1_8' title="bbox 712 1223 2898 1316; baseline -0.002 -20"><span class='ocrx_word' id='word_1_50' title='bbox 712 1242 891 1296; x_wconf 89' lang='lat' dir='ltr'><strong>trum</strong></span> <span class='ocrx_word' id='word_1_51' title='bbox 919 1279 940 1309; x_wconf 89' lang='lat'>‚</span> <span class='ocrx_word' id='word_1_52' title='bbox 982 1241 1051 1295; x_wconf 86' lang='lat' dir='ltr'><strong>et</strong></span> <span class='ocrx_word' id='word_1_53' title='bbox 1098 1226 1227 1294; x_wconf 90' lang='lat' dir='ltr'><strong>alia</strong></span> <span class='ocrx_word' id='word_1_54' title='bbox 1273 1249 1447 1316; x_wconf 85' lang='lat' dir='ltr'><strong>quae</strong></span> <span class='ocrx_word' id='word_1_55' title='bbox 1502 1227 1572 1291; x_wconf 90' lang='lat' dir='ltr'><strong>in</strong></span> <span class='ocrx_word' id='word_1_56' title='bbox 1628 1227 1841 1313; x_wconf 88' lang='lat' dir='ltr'><strong>patria</strong></span> <span class='ocrx_word' id='word_1_57' title='bbox 1886 1223 2127 1312; x_wconf 76' lang='lat' dir='ltr'><strong>babere</strong></span> <span class='ocrx_word' id='word_1_58' title='bbox 2172 1236 2643 1292; x_wconf 85' lang='lat' dir='ltr'><strong>consueverant</strong></span> <span class='ocrx_word' id='word_1_59' title='bbox 2702 1224 2859 1292; x_wconf 87' lang='lat' dir='ltr'><strong>loca</strong></span> <span class='ocrx_word' id='word_1_60' title='bbox 2880 1275 2898 1304; x_wconf 87' lang='lat'><em>‚</em></span> 
     </span>
     <span class='ocr_line' id='line_1_9' title="bbox 714 1338 2894 1442; baseline -0.002 -30"><span class='ocrx_word' id='word_1_61' title='bbox 714 1347 917 1412; x_wconf 85' lang='lat' dir='ltr'><strong>etiam</strong></span> <span class='ocrx_word' id='word_1_62' title='bbox 949 1343 1033 1411; x_wconf 86' lang='lat' dir='ltr'><strong>ad</strong></span> <span class='ocrx_word' id='word_1_63' title='bbox 1064 1342 1372 1442; x_wconf 74' lang='lat' dir='ltr'><strong>habenda</strong></span> <span class='ocrx_word' id='word_1_64' title='bbox 1414 1343 1686 1410; x_wconf 88' lang='lat' dir='ltr'><strong>comitia</strong></span> <span class='ocrx_word' id='word_1_65' title='bbox 1716 1340 2046 1430; x_wconf 86' lang='lat' dir='ltr'><strong>Campum</strong></span> <span class='ocrx_word' id='word_1_66' title='bbox 2077 1339 2394 1406; x_wconf 85' lang='lat' dir='ltr'><strong>Martium</strong></span> <span class='ocrx_word' id='word_1_67' title='bbox 2425 1338 2894 1407; x_wconf 85' lang='lat' dir='ltr'><strong>condiderunt.</strong></span> 
     </span>
     <span class='ocr_line' id='line_1_10' title="bbox 713 1454 2898 1546; baseline -0.003 -18"><span class='ocrx_word' id='word_1_68' title='bbox 713 1459 779 1530; x_wconf 79' lang='lat' dir='ltr'><strong>Is</strong></span> <span class='ocrx_word' id='word_1_69' title='bbox 808 1460 1011 1540; x_wconf 59' lang='lat' dir='ltr'><strong>,locus</strong></span> <span class='ocrx_word' id='word_1_70' title='bbox 1042 1474 1202 1526; x_wconf 89' lang='lat' dir='ltr'><strong>tunc</strong></span> <span class='ocrx_word' id='word_1_71' title='bbox 1232 1471 1424 1525; x_wconf 84' lang='lat' dir='ltr'><strong>extra</strong></span> <span class='ocrx_word' id='word_1_72' title='bbox 1454 1457 1691 1524; x_wconf 87' lang='lat' dir='ltr'><strong>urbem</strong></span> <span class='ocrx_word' id='word_1_73' title='bbox 1723 1454 1888 1537; x_wconf 84' lang='lat' dir='ltr'><strong>fuit,</strong></span> <span class='ocrx_word' id='word_1_74' title='bbox 1916 1460 2060 1546; x_wconf 87' lang='lat' dir='ltr'><strong>qui,</strong></span> <span class='ocrx_word' id='word_1_75' title='bbox 2091 1460 2367 1524; x_wconf 86' lang='lat' dir='ltr'><strong>mutatis</strong></span> <span class='ocrx_word' id='word_1_76' title='bbox 2397 1460 2655 1546; x_wconf 85' lang='lat' dir='ltr'><strong>saepius</strong></span> <span class='ocrx_word' id='word_1_77' title='bbox 2689 1470 2898 1537; x_wconf 87' lang='lat' dir='ltr'><strong>statu,</strong></span> 
     </span>
     <span class='ocr_line' id='line_1_11' title="bbox 714 1572 2896 1661; baseline -0.002 -19"><span class='ocrx_word' id='word_1_78' title='bbox 714 1587 785 1643; x_wconf 81' lang='lat' dir='ltr'><strong>et</strong></span> <span class='ocrx_word' id='word_1_79' title='bbox 827 1577 1116 1645; x_wconf 84' lang='lat' dir='ltr'><strong>civitatis</strong></span> <span class='ocrx_word' id='word_1_80' title='bbox 1160 1572 1494 1655; x_wconf 89' lang='lat' dir='ltr'><strong>aedificiis,</strong></span> <span class='ocrx_word' id='word_1_81' title='bbox 1526 1572 1796 1639; x_wconf 83' lang='lat' dir='ltr'><strong>tandem</strong></span> <span class='ocrx_word' id='word_1_82' title='bbox 1827 1574 2000 1638; x_wconf 87' lang='lat' dir='ltr'><strong>intra</strong></span> <span class='ocrx_word' id='word_1_83' title='bbox 2031 1574 2289 1639; x_wconf 88' lang='lat' dir='ltr'><strong>moenia</strong></span> <span class='ocrx_word' id='word_1_84' title='bbox 2331 1584 2630 1661; x_wconf 86' lang='lat' dir='ltr'><strong>receptus</strong></span> <span class='ocrx_word' id='word_1_85' title='bbox 2678 1572 2896 1639; x_wconf 85' lang='lat' dir='ltr'><strong>adhuc</strong></span> 
     </span>
     <span class='ocr_line' id='line_1_12' title="bbox 711 1688 2898 1782; baseline -0.002 -24"><span class='ocrx_word' id='word_1_86' title='bbox 711 1691 1010 1782; x_wconf 80' lang='lat' dir='ltr'><strong>Campus</strong></span> <span class='ocrx_word' id='word_1_87' title='bbox 1052 1690 1334 1759; x_wconf 84' lang='lat' dir='ltr'><strong>Martius</strong></span> <span class='ocrx_word' id='word_1_88' title='bbox 1380 1701 1698 1758; x_wconf 81' lang='lat' dir='ltr'><strong>vocatur:</strong></span> <span class='ocrx_word' id='word_1_89' title='bbox 1745 1688 1929 1777; x_wconf 90' lang='lat' dir='ltr'><strong>quod</strong></span> <span class='ocrx_word' id='word_1_90' title='bbox 1958 1738 1977 1766; x_wconf 92' lang='lat'>‚</span> <span class='ocrx_word' id='word_1_91' title='bbox 2024 1700 2275 1776; x_wconf 89' lang='lat' dir='ltr'><strong>praeter</strong></span> <span class='ocrx_word' id='word_1_92' title='bbox 2330 1711 2409 1755; x_wconf 87' lang='lat' dir='ltr'><strong>ea</strong></span> <span class='ocrx_word' id='word_1_93' title='bbox 2463 1711 2635 1778; x_wconf 82' lang='lat' dir='ltr'><strong>quae</strong></span> <span class='ocrx_word' id='word_1_94' title='bbox 2700 1711 2898 1777; x_wconf 88' lang='lat' dir='ltr'><strong>supra</strong></span> 
     </span>
     <span class='ocr_line' id='line_1_13' title="bbox 712 1802 2894 1896; baseline -0.001 -22"><span class='ocrx_word' id='word_1_95' title='bbox 712 1808 1033 1892; x_wconf 85' lang='lat' dir='ltr'><strong>diximus,</strong></span> <span class='ocrx_word' id='word_1_96' title='bbox 1062 1807 1409 1896; x_wconf 80' lang='lat' dir='ltr'><strong>Regienscs</strong></span> <span class='ocrx_word' id='word_1_97' title='bbox 1426 1805 1888 1874; x_wconf 83' lang='lat' dir='ltr'><strong>Romanorum</strong></span> <span class='ocrx_word' id='word_1_98' title='bbox 1933 1802 2259 1872; x_wconf 86' lang='lat' dir='ltr'><strong>coloniam</strong></span> <span class='ocrx_word' id='word_1_99' title='bbox 2304 1802 2526 1885; x_wconf 80' lang='lat' dir='ltr'><strong>fuisse,</strong></span> <span class='ocrx_word' id='word_1_100' title='bbox 2572 1827 2894 1893; x_wconf 88' lang='lat' dir='ltr'><strong>magnum</strong></span> 
     </span>
     <span class='ocr_line' id='line_1_14' title="bbox 718 1918 2891 2013; baseline -0.002 -24"><span class='ocrx_word' id='word_1_101' title='bbox 718 1920 1186 2013; x_wconf 78' lang='lat' dir='ltr'><strong>argumentum</strong></span> <span class='ocrx_word' id='word_1_102' title='bbox 1231 1933 1548 2010; x_wconf 77' lang='lat' dir='ltr'><strong>praestat.</strong></span> <span class='ocrx_word' id='word_1_103' title='bbox 1592 1921 1838 1987; x_wconf 82' lang='lat' dir='ltr'><strong>Fuerat</strong></span> <span class='ocrx_word' id='word_1_104' title='bbox 1868 1931 2096 1986; x_wconf 88' lang='lat' dir='ltr'><strong>autem</strong></span> <span class='ocrx_word' id='word_1_105' title='bbox 2127 1918 2289 1988; x_wconf 85' lang='lat' dir='ltr'><strong>olim</strong></span> <span class='ocrx_word' id='word_1_106' title='bbox 2321 1920 2568 1988; x_wconf 83' lang='lat' dir='ltr'><strong>Romae</strong></span> <span class='ocrx_word' id='word_1_107' title='bbox 2596 1920 2891 2013; x_wconf 83' lang='lat' dir='ltr'><strong>Campus</strong></span> 
     </span>
     <span class='ocr_line' id='line_1_15' title="bbox 717 2034 2898 2126; baseline -0.001 -21"><span class='ocrx_word' id='word_1_108' title='bbox 717 2038 1003 2105; x_wconf 77' lang='lat' dir='ltr'><strong>Martius</strong></span> <span class='ocrx_word' id='word_1_109' title='bbox 1046 2040 1216 2103; x_wconf 91' lang='lat' dir='ltr'><strong>inter</strong></span> <span class='ocrx_word' id='word_1_110' title='bbox 1245 2037 1500 2104; x_wconf 83' lang='lat' dir='ltr'><strong>Urbem</strong></span> <span class='ocrx_word' id='word_1_111' title='bbox 1545 2048 1616 2103; x_wconf 90' lang='lat' dir='ltr'><strong>et</strong></span> <span class='ocrx_word' id='word_1_112' title='bbox 1657 2034 1951 2106; x_wconf 83' lang='lat' dir='ltr'><strong>Tiberim</strong></span> <span class='ocrx_word' id='word_1_113' title='bbox 1996 2034 2507 2126; x_wconf 85' lang='lat' dir='ltr'><strong>Tarquiniorum</strong></span> <span class='ocrx_word' id='word_1_114' title='bbox 2551 2060 2744 2125; x_wconf 82' lang='lat' dir='ltr'><strong>ager,</strong></span> <span class='ocrx_word' id='word_1_115' title='bbox 2787 2038 2898 2126; x_wconf 87' lang='lat' dir='ltr'><strong>qui</strong></span> 
     </span>
     <span class='ocr_line' id='line_1_16' title="bbox 719 2150 2895 2243; baseline -0 -25"><span class='ocrx_word' id='word_1_116' title='bbox 719 2152 1010 2243; x_wconf 76' lang='lat' dir='ltr'><strong>Regibus</strong></span> <span class='ocrx_word' id='word_1_117' title='bbox 1041 2150 1332 2241; x_wconf 83' lang='lat' dir='ltr'><strong>expulsis</strong></span> <span class='ocrx_word' id='word_1_118' title='bbox 1362 2151 1565 2221; x_wconf 86' lang='lat' dir='ltr'><strong>Marti</strong></span> <span class='ocrx_word' id='word_1_119' title='bbox 1597 2164 2030 2232; x_wconf 84' lang='lat' dir='ltr'><strong>consecratus,</strong></span> <span class='ocrx_word' id='word_1_120' title='bbox 2050 2151 2346 2242; x_wconf 78' lang='lat' dir='ltr'><strong>Campus</strong></span> <span class='ocrx_word' id='word_1_121' title='bbox 2373 2162 2602 2241; x_wconf 89' lang='lat' dir='ltr'><strong>postea</strong></span> <span class='ocrx_word' id='word_1_122' title='bbox 2622 2152 2895 2219; x_wconf 86' lang='lat' dir='ltr'><strong>Martius</strong></span> 
     </span>
     <span class='ocr_line' id='line_1_17' title="bbox 721 2264 2896 2359; baseline -0.001 -23"><span class='ocrx_word' id='word_1_123' title='bbox 721 2281 821 2337; x_wconf 86' lang='lat' dir='ltr'><strong>est</strong></span> <span class='ocrx_word' id='word_1_124' title='bbox 864 2272 1245 2337; x_wconf 88' lang='lat' dir='ltr'><strong>nominatus</strong></span> <span class='ocrx_word' id='word_1_125' title='bbox 1279 2318 1300 2350; x_wconf 87' lang='lat'>‚</span> <span class='ocrx_word' id='word_1_126' title='bbox 1337 2264 1547 2358; x_wconf 82' lang='lat' dir='ltr'><strong>eoque</strong></span> <span class='ocrx_word' id='word_1_127' title='bbox 1603 2269 1688 2335; x_wconf 91' lang='lat' dir='ltr'><strong>ad</strong></span> <span class='ocrx_word' id='word_1_128' title='bbox 1738 2270 2049 2338; x_wconf 88' lang='lat' dir='ltr'><strong>creandos</strong></span> <span class='ocrx_word' id='word_1_129' title='bbox 2106 2271 2529 2359; x_wconf 77' lang='lat' dir='ltr'><strong>magistratus</strong></span> <span class='ocrx_word' id='word_1_130' title='bbox 2557 2321 2577 2351; x_wconf 85' lang='lat'>‚</span> <span class='ocrx_word' id='word_1_131' title='bbox 2631 2281 2705 2337; x_wconf 83' lang='lat' dir='ltr'><strong>et</strong></span> <span class='ocrx_word' id='word_1_132' title='bbox 2777 2269 2896 2336; x_wconf 88' lang='lat' dir='ltr'><strong>alia</strong></span> 
     </span>
     <span class='ocr_line' id='line_1_18' title="bbox 721 2383 2892 2474; baseline -0 -23"><span class='ocrx_word' id='word_1_133' title='bbox 721 2387 985 2474; x_wconf 88' lang='lat' dir='ltr'><strong>negotia</strong></span> <span class='ocrx_word' id='word_1_134' title='bbox 1029 2383 1302 2473; x_wconf 84' lang='lat' dir='ltr'><strong>publica</strong></span> <span class='ocrx_word' id='word_1_135' title='bbox 1344 2383 1677 2465; x_wconf 89' lang='lat' dir='ltr'><strong>obeunda,</strong></span> <span class='ocrx_word' id='word_1_136' title='bbox 1706 2384 2011 2453; x_wconf 76' lang='lat' dir='ltr'><strong>comitiis</strong></span> <span class='ocrx_word' id='word_1_137' title='bbox 2041 2385 2335 2466; x_wconf 86' lang='lat' dir='ltr'><strong>indictis,</strong></span> <span class='ocrx_word' id='word_1_138' title='bbox 2364 2387 2541 2452; x_wconf 90' lang='lat' dir='ltr'><strong>intra</strong></span> <span class='ocrx_word' id='word_1_139' title='bbox 2569 2384 2892 2474; x_wconf 84' lang='lat' dir='ltr'><strong>quaedam</strong></span> 
     </span>
     <span class='ocr_line' id='line_1_19' title="bbox 724 2499 2201 2590; baseline -0.001 -22"><span class='ocrx_word' id='word_1_140' title='bbox 724 2511 911 2590; x_wconf 79' lang='lat' dir='ltr'><strong>septa</strong></span> <span class='ocrx_word' id='word_1_141' title='bbox 938 2511 1357 2589; x_wconf 17' lang='lat' dir='ltr'><strong>&#39;convocatus</strong></span> <span class='ocrx_word' id='word_1_142' title='bbox 1401 2499 1690 2589; x_wconf 90' lang='lat' dir='ltr'><strong>populus</strong></span> <span class='ocrx_word' id='word_1_143' title='bbox 1733 2502 2201 2571; x_wconf 82' lang='lat' dir='ltr'><strong>conveniebat.</strong></span> 
     </span>
    </p>

    <p class='ocr_par' dir='ltr' id='par_1_3' title="bbox 719 2614 2903 4236">
     <span class='ocr_line' id='line_1_20' title="bbox 860 2614 2900 2718; baseline -0 -36"><span class='ocrx_word' id='word_1_144' title='bbox 860 2614 1139 2684; x_wconf 82' lang='lat' dir='ltr'><strong>Colonia</strong></span> <span class='ocrx_word' id='word_1_145' title='bbox 1183 2615 1466 2708; x_wconf 85' lang='lat' dir='ltr'><strong>Regium</strong></span> <span class='ocrx_word' id='word_1_146' title='bbox 1513 2615 1819 2696; x_wconf 90' lang='lat' dir='ltr'><strong>deducta,</strong></span> <span class='ocrx_word' id='word_1_147' title='bbox 1863 2616 1959 2684; x_wconf 88' lang='grc' dir='ltr'><strong>Μ.</strong></span> <span class='ocrx_word' id='word_1_148' title='bbox 1999 2615 2320 2686; x_wconf 85' lang='lat' dir='ltr'><strong>Claudius</strong></span> <span class='ocrx_word' id='word_1_149' title='bbox 2362 2615 2750 2718; x_wconf 58' lang='lat' dir='ltr'><strong>Marcgllus,</strong></span> <span class='ocrx_word' id='word_1_150' title='bbox 2794 2617 2900 2707; x_wconf 87' lang='lat' dir='ltr'><strong>qui</strong></span> 
     </span>
     <span class='ocr_line' id='line_1_21' title="bbox 729 2730 2897 2828; baseline 0 -31"><span class='ocrx_word' id='word_1_151' title='bbox 729 2734 1035 2820; x_wconf 86' lang='lat' dir='ltr'><strong>proximo</strong></span> <span class='ocrx_word' id='word_1_152' title='bbox 1102 2754 1275 2828; x_wconf 84' lang='lat' dir='ltr'><strong>anno</strong></span> <span class='ocrx_word' id='word_1_153' title='bbox 1340 2754 1498 2799; x_wconf 90' lang='lat' dir='ltr'><strong>cum</strong></span> <span class='ocrx_word' id='word_1_154' title='bbox 1565 2730 1649 2816; x_wconf 87' lang='lat' dir='ltr'><strong>Q.</strong></span> <span class='ocrx_word' id='word_1_155' title='bbox 1695 2731 1906 2801; x_wconf 82' lang='lat' dir='ltr'><strong>Fabio</strong></span> <span class='ocrx_word' id='word_1_156' title='bbox 1973 2732 2284 2801; x_wconf 56' lang='lat' dir='ltr'><strong>Labeone,</strong></span> <span class='ocrx_word' id='word_1_157' title='bbox 2346 2732 2603 2801; x_wconf 85' lang='lat' dir='ltr'><strong>Consul</strong></span> <span class='ocrx_word' id='word_1_158' title='bbox 2668 2732 2897 2811; x_wconf 84' lang='lat' dir='ltr'><strong>fuerat,</strong></span> 
     </span>
     <span class='ocr_line' id='line_1_22' title="bbox 730 2847 2898 2941; baseline 0.001 -25"><span class='ocrx_word' id='word_1_159' title='bbox 730 2847 1026 2916; x_wconf 82' lang='lat' dir='ltr'><strong>Galliam</strong></span> <span class='ocrx_word' id='word_1_160' title='bbox 1056 2848 1419 2919; x_wconf 87' lang='lat' dir='ltr'><strong>Proconsul</strong></span> <span class='ocrx_word' id='word_1_161' title='bbox 1466 2850 1785 2918; x_wconf 88' lang='lat' dir='ltr'><strong>obtinuit.</strong></span> <span class='ocrx_word' id='word_1_162' title='bbox 1834 2851 1898 2916; x_wconf 88' lang='lat' dir='ltr'><strong>Is</strong></span> <span class='ocrx_word' id='word_1_163' title='bbox 1941 2860 2191 2939; x_wconf 81' lang='lat' dir='ltr'><strong>septeni</strong></span> <span class='ocrx_word' id='word_1_164' title='bbox 2234 2849 2533 2918; x_wconf 88' lang='lat' dir='ltr'><strong>millibus</strong></span> <span class='ocrx_word' id='word_1_165' title='bbox 2573 2851 2898 2941; x_wconf 85' lang='lat' dir='ltr'><strong>pediturn,</strong></span> 
     </span>
     <span class='ocr_line' id='line_1_23' title="bbox 730 2949 2895 3063; baseline 0.002 -32"><span class='ocrx_word' id='word_1_166' title='bbox 730 2977 801 3034; x_wconf 88' lang='lat' dir='ltr'><strong>et</strong></span> <span class='ocrx_word' id='word_1_167' title='bbox 842 2949 1334 3056; x_wconf 81' lang='lat' dir='ltr'><strong>quadringentis</strong></span> <span class='ocrx_word' id='word_1_168' title='bbox 1362 2968 1703 3057; x_wconf 89' lang='lat' dir='ltr'><strong>equitibus</strong></span> <span class='ocrx_word' id='word_1_169' title='bbox 1732 2967 1820 3034; x_wconf 89' lang='lat' dir='ltr'><strong>ob</strong></span> <span class='ocrx_word' id='word_1_170' title='bbox 1855 2967 2213 3034; x_wconf 86' lang='lat' dir='ltr'><strong>tutandam</strong></span> <span class='ocrx_word' id='word_1_171' title='bbox 2240 2970 2568 3057; x_wconf 85' lang='lat' dir='ltr'><strong>regionem</strong></span> <span class='ocrx_word' id='word_1_172' title='bbox 2599 2971 2895 3063; x_wconf 83' lang='lat' dir='ltr'><strong>acceptis,</strong></span> 
     </span>
     <span class='ocr_line' id='line_1_24' title="bbox 731 3081 2893 3176; baseline 0.001 -28"><span class='ocrx_word' id='word_1_173' title='bbox 731 3081 872 3169; x_wconf 81' lang='lat' dir='ltr'><strong>jam</strong></span> <span class='ocrx_word' id='word_1_174' title='bbox 917 3087 1160 3149; x_wconf 87' lang='lat' dir='ltr'><strong>attritis</strong></span> <span class='ocrx_word' id='word_1_175' title='bbox 1204 3082 1525 3150; x_wconf 71' lang='lat' dir='ltr'><strong>hostibus</strong></span> <span class='ocrx_word' id='word_1_176' title='bbox 1552 3082 1859 3150; x_wconf 87' lang='lat' dir='ltr'><strong>terribilis</strong></span> <span class='ocrx_word' id='word_1_177' title='bbox 1903 3082 2141 3164; x_wconf 87' lang='lat' dir='ltr'><strong>factus,</strong></span> <span class='ocrx_word' id='word_1_178' title='bbox 2172 3083 2305 3153; x_wconf 90' lang='lat' dir='ltr'><strong>duo</strong></span> <span class='ocrx_word' id='word_1_179' title='bbox 2338 3085 2556 3152; x_wconf 88' lang='lat' dir='ltr'><strong>millia</strong></span> <span class='ocrx_word' id='word_1_180' title='bbox 2580 3086 2893 3176; x_wconf 87' lang='lat' dir='ltr'><strong>Ligurum</strong></span> 
     </span>
     <span class='ocr_line' id='line_1_25' title="bbox 738 3194 2896 3290; baseline 0 -26"><span class='ocrx_word' id='word_1_181' title='bbox 738 3196 823 3264; x_wconf 91' lang='lat' dir='ltr'><strong>ad</strong></span> <span class='ocrx_word' id='word_1_182' title='bbox 851 3220 919 3263; x_wconf 84' lang='lat' dir='ltr'><strong>se</strong></span> <span class='ocrx_word' id='word_1_183' title='bbox 948 3194 1472 3284; x_wconf 86' lang='lat' dir='ltr'><strong>confugientium</strong></span> <span class='ocrx_word' id='word_1_184' title='bbox 1507 3199 1702 3262; x_wconf 85' lang='lat' dir='ltr'><strong>armis</strong></span> <span class='ocrx_word' id='word_1_185' title='bbox 1731 3198 2051 3286; x_wconf 86' lang='lat' dir='ltr'><strong>ademptis</strong></span> <span class='ocrx_word' id='word_1_186' title='bbox 2081 3222 2193 3288; x_wconf 87' lang='lat' dir='ltr'><strong>per</strong></span> <span class='ocrx_word' id='word_1_187' title='bbox 2219 3199 2617 3268; x_wconf 88' lang='lat' dir='ltr'><strong>deditionem</strong></span> <span class='ocrx_word' id='word_1_188' title='bbox 2649 3202 2896 3290; x_wconf 86' lang='lat' dir='ltr'><strong>recepit.</strong></span> 
     </span>
     <span class='ocr_line' id='line_1_26' title="bbox 735 3311 2896 3406; baseline 0.003 -28"><span class='ocrx_word' id='word_1_189' title='bbox 735 3311 957 3396; x_wconf 86' lang='lat' dir='ltr'><strong>Hujus</strong></span> <span class='ocrx_word' id='word_1_190' title='bbox 999 3331 1319 3379; x_wconf 88' lang='lat' dir='ltr'><strong>successor</strong></span> <span class='ocrx_word' id='word_1_191' title='bbox 1361 3312 1446 3394; x_wconf 86' lang='lat' dir='ltr'><strong>Q.</strong></span> <span class='ocrx_word' id='word_1_192' title='bbox 1478 3311 1725 3378; x_wconf 88' lang='lat' dir='ltr'><strong>Fabius</strong></span> <span class='ocrx_word' id='word_1_193' title='bbox 1766 3312 1979 3381; x_wconf 89' lang='lat' dir='ltr'><strong>Buteo</strong></span> <span class='ocrx_word' id='word_1_194' title='bbox 2024 3314 2289 3384; x_wconf 86' lang='lat' dir='ltr'><strong>Praetor</strong></span> <span class='ocrx_word' id='word_1_195' title='bbox 2330 3316 2749 3398; x_wconf 79' lang='lat' dir='ltr'><strong>cumlstris,</strong></span> <span class='ocrx_word' id='word_1_196' title='bbox 2794 3316 2896 3406; x_wconf 88' lang='lat' dir='ltr'><strong>qui</strong></span> 
     </span>
     <span class='ocr_line' id='line_1_27' title="bbox 741 3425 2903 3523; baseline 0.001 -30"><span class='ocrx_word' id='word_1_197' title='bbox 741 3425 1121 3517; x_wconf 86' lang='lat' dir='ltr'><strong>Aquilejam</strong></span> <span class='ocrx_word' id='word_1_198' title='bbox 1164 3426 1401 3493; x_wconf 90' lang='lat' dir='ltr'><strong>deduci</strong></span> <span class='ocrx_word' id='word_1_199' title='bbox 1456 3426 1786 3496; x_wconf 82' lang='lat' dir='ltr'><strong>coloniam</strong></span> <span class='ocrx_word' id='word_1_200' title='bbox 1854 3429 2333 3519; x_wconf 87' lang='lat' dir='ltr'><strong>prohibebant,</strong></span> <span class='ocrx_word' id='word_1_201' title='bbox 2373 3432 2555 3501; x_wconf 85' lang='lat' dir='ltr'><strong>bello</strong></span> <span class='ocrx_word' id='word_1_202' title='bbox 2620 3454 2903 3523; x_wconf 87' lang='lat' dir='ltr'><strong>prospere</strong></span> 
     </span>
     <span class='ocr_line' id='line_1_28' title="bbox 719 3540 2902 3641; baseline 0.003 -33"><span class='ocrx_word' id='word_1_203' title='bbox 719 3554 947 3641; x_wconf 85' lang='lat' dir='ltr'><strong>gesto,</strong></span> <span class='ocrx_word' id='word_1_204' title='bbox 991 3540 1267 3610; x_wconf 86' lang='lat' dir='ltr'><strong>eandem</strong></span> <span class='ocrx_word' id='word_1_205' title='bbox 1313 3547 1750 3633; x_wconf 88' lang='lat' dir='ltr'><strong>provinciam,</strong></span> <span class='ocrx_word' id='word_1_206' title='bbox 1795 3560 2139 3637; x_wconf 87' lang='lat' dir='ltr'><strong>prorogato</strong></span> <span class='ocrx_word' id='word_1_207' title='bbox 2184 3548 2308 3615; x_wconf 88' lang='lat' dir='ltr'><strong>sibi</strong></span> <span class='ocrx_word' id='word_1_208' title='bbox 2354 3551 2423 3616; x_wconf 92' lang='lat' dir='ltr'><strong>in</strong></span> <span class='ocrx_word' id='word_1_209' title='bbox 2469 3549 2754 3617; x_wconf 86' lang='lat' dir='ltr'><strong>alterum</strong></span> <span class='ocrx_word' id='word_1_210' title='bbox 2801 3573 2902 3616; x_wconf 89' lang='lat' dir='ltr'><strong>an·</strong></span> 
     </span>
     <span class='ocr_line' id='line_1_29' title="bbox 740 3660 2901 3756; baseline 0.001 -29"><span class='ocrx_word' id='word_1_211' title='bbox 740 3683 904 3727; x_wconf 90' lang='lat' dir='ltr'><strong>num</strong></span> <span class='ocrx_word' id='word_1_212' title='bbox 973 3660 1277 3750; x_wconf 89' lang='lat' dir='ltr'><strong>imperio,</strong></span> <span class='ocrx_word' id='word_1_213' title='bbox 1332 3685 1450 3750; x_wconf 90' lang='lat' dir='ltr'><strong>pro</strong></span> <span class='ocrx_word' id='word_1_214' title='bbox 1498 3661 1796 3731; x_wconf 88' lang='lat' dir='ltr'><strong>Praetore</strong></span> <span class='ocrx_word' id='word_1_215' title='bbox 1841 3662 2115 3732; x_wconf 84' lang='lat' dir='ltr'><strong>feliciter</strong></span> <span class='ocrx_word' id='word_1_216' title='bbox 2157 3668 2367 3734; x_wconf 86' lang='lat' dir='ltr'><strong>rexit.</strong></span> <span class='ocrx_word' id='word_1_217' title='bbox 2414 3663 2566 3753; x_wconf 85' lang='lat' dir='ltr'><strong>Quo</strong></span> <span class='ocrx_word' id='word_1_218' title='bbox 2622 3679 2901 3756; x_wconf 86' lang='lat' dir='ltr'><strong>tempore</strong></span> 
     </span>
     <span class='ocr_line' id='line_1_30' title="bbox 745 3777 2901 3872; baseline 0.002 -30"><span class='ocrx_word' id='word_1_219' title='bbox 745 3780 872 3843; x_wconf 86' lang='lat' dir='ltr'><strong>tria</strong></span> <span class='ocrx_word' id='word_1_220' title='bbox 930 3777 1142 3844; x_wconf 87' lang='lat' dir='ltr'><strong>millia</strong></span> <span class='ocrx_word' id='word_1_221' title='bbox 1195 3777 1583 3860; x_wconf 86' lang='lat' dir='ltr'><strong>Gallorum,</strong></span> <span class='ocrx_word' id='word_1_222' title='bbox 1627 3780 1887 3871; x_wconf 88' lang='lat' dir='ltr'><strong>alpibus</strong></span> <span class='ocrx_word' id='word_1_223' title='bbox 1953 3785 2310 3872; x_wconf 87' lang='lat' dir='ltr'><strong>superatis,</strong></span> <span class='ocrx_word' id='word_1_224' title='bbox 2362 3806 2518 3850; x_wconf 89' lang='lat' dir='ltr'><strong>cum</strong></span> <span class='ocrx_word' id='word_1_225' title='bbox 2585 3786 2656 3850; x_wconf 88' lang='lat' dir='ltr'><strong>in</strong></span> <span class='ocrx_word' id='word_1_226' title='bbox 2721 3782 2901 3849; x_wconf 80' lang='lat' dir='ltr'><strong>Italia</strong></span> 
     </span>
     <span class='ocr_line' id='line_1_31' title="bbox 743 3892 2900 3989; baseline 0.001 -30"><span class='ocrx_word' id='word_1_227' title='bbox 743 3892 1096 3961; x_wconf 90' lang='lat' dir='ltr'><strong>colendum</strong></span> <span class='ocrx_word' id='word_1_228' title='bbox 1142 3918 1370 3983; x_wconf 89' lang='lat' dir='ltr'><strong>agrum</strong></span> <span class='ocrx_word' id='word_1_229' title='bbox 1416 3921 1455 3963; x_wconf 89' lang='lat' dir='ltr'><strong>a</strong></span> <span class='ocrx_word' id='word_1_230' title='bbox 1501 3895 1750 3963; x_wconf 87' lang='lat' dir='ltr'><strong>Senatu</strong></span> <span class='ocrx_word' id='word_1_231' title='bbox 1795 3896 2037 3966; x_wconf 84' lang='lat' dir='ltr'><strong>frustra</strong></span> <span class='ocrx_word' id='word_1_232' title='bbox 2081 3901 2456 3989; x_wconf 85' lang='lat' dir='ltr'><strong>petiissent,</strong></span> <span class='ocrx_word' id='word_1_233' title='bbox 2503 3911 2683 3971; x_wconf 82' lang='lat' dir='ltr'><strong>trans</strong></span> <span class='ocrx_word' id='word_1_234' title='bbox 2733 3900 2900 3988; x_wconf 84' lang='lat' dir='ltr'><strong>alpes</strong></span> 
     </span>
     <span class='ocr_line' id='line_1_32' title="bbox 745 4001 2900 4099; baseline 0.003 -24"><span class='ocrx_word' id='word_1_235' title='bbox 745 4007 1015 4078; x_wconf 88' lang='lat' dir='ltr'><strong>rediere.</strong></span> <span class='ocrx_word' id='word_1_236' title='bbox 1061 4011 1246 4079; x_wconf 91' lang='lat' dir='ltr'><strong>Bello</strong></span> <span class='ocrx_word' id='word_1_237' title='bbox 1297 4012 1528 4079; x_wconf 89' lang='lat' dir='ltr'><strong>deinde</strong></span> <span class='ocrx_word' id='word_1_238' title='bbox 1584 4014 1760 4080; x_wconf 90' lang='lat' dir='ltr'><strong>Istris</strong></span> <span class='ocrx_word' id='word_1_239' title='bbox 1808 4001 2052 4097; x_wconf 58' lang='lat' dir='ltr'><strong>illato,</strong></span> <span class='ocrx_word' id='word_1_240' title='bbox 2096 4015 2483 4099; x_wconf 80' lang='lat' dir='ltr'><strong>Placentina</strong></span> <span class='ocrx_word' id='word_1_241' title='bbox 2547 4014 2782 4085; x_wconf 89' lang='lat' dir='ltr'><strong>cohors</strong></span> <span class='ocrx_word' id='word_1_242' title='bbox 2834 4038 2900 4081; x_wconf 90' lang='lat' dir='ltr'><strong>eo</strong></span> 
     </span>
     <span class='ocr_line' id='line_1_33' title="bbox 745 4127 2901 4236; baseline 0.002 -43"><span class='ocrx_word' id='word_1_243' title='bbox 745 4129 939 4195; x_wconf 88' lang='lat' dir='ltr'><strong>missa</strong></span> <span class='ocrx_word' id='word_1_244' title='bbox 962 4178 980 4208; x_wconf 96' lang='lat'>,</span> <span class='ocrx_word' id='word_1_245' title='bbox 1024 4140 1094 4195; x_wconf 88' lang='lat' dir='ltr'><strong>et</strong></span> <span class='ocrx_word' id='word_1_246' title='bbox 1135 4127 1686 4236; x_wconf 28' lang='lat' dir='ltr'><strong>milites-‘vetusto</strong></span> <span class='ocrx_word' id='word_1_247' title='bbox 1732 4130 2034 4214; x_wconf 88' lang='lat' dir='ltr'><strong>Romano</strong></span> <span class='ocrx_word' id='word_1_248' title='bbox 2078 4156 2257 4201; x_wconf 84' lang='lat' dir='ltr'><strong>more</strong></span> <span class='ocrx_word' id='word_1_249' title='bbox 2320 4131 2510 4202; x_wconf 87' lang='lat' dir='ltr'><strong>nobis</strong></span> <span class='ocrx_word' id='word_1_250' title='bbox 2577 4144 2737 4202; x_wconf 87' lang='lat' dir='ltr'><strong>sunt</strong></span> <span class='ocrx_word' id='word_1_251' title='bbox 2795 4134 2901 4198; x_wconf 58' lang='lat' dir='ltr'><strong>imo</strong></span> 
     </span>
    </p>
   </div>
  </div>
 </body>
</html>
