2950 5017
932 394 1131 438 mssa
1173 393 1517 445 unvanus
1929 358 1936 366 ’
2191 377 2314 444 105

91 513 458 595 latinae,
493 512 685 602 Regii
711 512 985 601 Lepidi,
1015 514 1275 594 Lucae,
1306 513 1611 593 Parmae,
1648 514 2018 596 Penariae,
2061 527 2130 582 et
2173 517 2319 603 ejus

87 629 475 696 Reti-uriae
521 631 762 718 partis,
805 650 981 717 quae
1024 651 1206 696 nune
1248 628 1413 696 Divi
1457 628 1637 698 Petri
1678 627 2157 717 ‘patrimonium
2203 655 2319 702 vo-

85 757 311 824 catur,
343 743 722 811 haeredem
768 742 1044 833 reliquit
1061 743 1161 814 (¹).
1207 741 1344 811 Sed
1386 767 1466 810 ea
1508 740 1725 812 infans
1763 767 2089 816 annorum
2118 749 2314 836 quin·

85 884 224 951 que
253 861 400 929 snb
433 860 761 928 Beati-icis
791 861 1025 927 matris
1065 857 1461 944 lectissimae
1505 859 1797 930 mulieris
1842 861 2055 928 tutela
2101 886 2313 953 usque

89 978 178 1044 ad
228 989 546 1045 aetatem
595 975 903 1043 adultam
949 978 1157 1056 vixit,
1185 976 1395 1046 donee
1430 974 1826 1046 Gotbifredo
1850 976 2107 1068 Spoleti
2137 981 2318 1050 Duei

97 1095 548 1162 matrimonio
593 1103 697 1160 est
739 1091 1083 1160 collocata.
1285 1171 1290 1178 ⁶
1416 1161 1421 1166 .

235 1206 344 1275 Eo
391 1222 706 1297 tempore
747 1208 1031 1274 Henrico
1058 1204 1390 1274 Corradus
1418 1208 1745 1287 Francus,
1774 1207 2012 1276 deinde
2043 1208 2315 1278 Corradi

97 1347 303 1411 gener
350 1325 692 1391 Henrious
732 1323 831 1402 ΙΙ,
877 1313 1069 1392 ιιιιιό
1095 1325 1352 1390 circiter
1395 1347 1622 1392 mmm
1674 1324 1764 1391 ab
1830 1323 2093 1398 insolito
2142 1326 2319 1415 apud

99 1438 490 1508 Germanos
519 1440 818 1508 homines
847 1438 1096 1508 barbae
1134 1441 1356 1529 nigrae
1393 1437 1636 1507 habitu
1678 1440 1882 1529 Niger
1922 1440 2321 1530 appellatus,

101 1559 170 1622 in
216 1558 512 1645 imperio
553 1558 889 1636 suecessit,
933 1557 1054 1645 qui
1097 1577 1369 1626 auream
1412 1579 1721 1626 coronam
1765 1568 2161 1648 accepturus
2190 1558 2321 1628 Ro-

109 1696 296 1739 mam
343 1675 561 1752 venit,
602 1671 957 1763 pluresque
1000 1670 1550 1753 Mediolanenses,
1580 1697 1749 1763 quos
1791 1684 1990 1742 antea
2033 1674 2123 1743 ob
2166 1697 2321 1743 oon-
2397 1657 2402 1663 ’

117 1790 492 1854 tumaciam
534 1787 863 1856 Corradus
905 1787 1251 1857 custodiae
1319 1788 1702 1869 tradiderat,
1766 1811 1991 1856 secum
2059 1791 2319 1860 vinctos

109 1903 336 1971 duxit.
383 1903 517 1970 Sed
560 1907 611 1971 ii
658 1905 962 1994 precibus
1004 1908 1249 1973 summi
1279 1903 1622 1974 Pontifieis
1665 1908 1735 1972 in
1779 1905 2163 1974 libertatem
2206 1905 2310 1972 di·
2410 1892 2414 1897 ’

115 2021 326 2099 missi,
378 2044 544 2088 eum
589 2023 863 2088 carceris
930 2044 1143 2111 poena
1209 2023 1660 2110 resipuerunt,
1707 2045 1784 2087 ae
1827 2021 2317 2111 petulantiain

113 2159 340 2203 sanam
386 2137 819 2204 sobrietatem
877 2160 1190 2207 conversa
1208 2188 1229 2218 ,
1297 2138 1683 2228 religionem
1750 2161 1977 2205 omnes
2042 2135 2314 2228 professi

117 2248 314 2320 fuere.
361 2251 654 2341 Templa
696 2254 877 2321 enim
922 2276 1010 2319 ex
1052 2251 1290 2343 amplis
1334 2250 1616 2321 fortunis
1663 2251 2110 2335 aedificantes,
2140 2252 2316 2322 albis

116 2366 410 2434 vestibus
456 2369 764 2458 sumptis,
805 2369 1071 2438 Fratres
1110 2387 1180 2435 se
1223 2367 1655 2450 Humiliatos,
1699 2367 1889 2435 velut
1931 2367 2161 2437 divino
2200 2366 2348 2452 fla-v

120 2482 288 2573 gello
349 2484 440 2552 ad
504 2483 762 2552 humile
822 2487 1002 2554 vitae
1068 2508 1273 2575 genus
1340 2498 1715 2566 revocatos,
1758 2497 2203 2566 vocaverunt3
2248 2497 2318 2554 et

121 2623 270 2668 eum
300 2604 374 2670 in
404 2602 674 2672 diversis
701 2602 944 2672 Italiae
973 2604 1350 2692 regionibus
1378 2605 1818 2693 germinarent
1837 2653 1857 2683 ,
1888 2604 2098 2669 etiam
2126 2603 2319 2692 Regii

122 2717 249 2785 sub
291 2716 649 2787 moenibus
691 2741 894 2809 prope
950 2731 1245 2815 portam,
1294 2742 1469 2809 quae
1513 2719 1740 2786 Pontis
1784 2717 2050 2794 Livonii
2096 2716 2322 2807 appel-

127 2829 416 2914 labatur,
448 2833 577 2900 snb
621 2836 890 2901 nomine
918 2834 1007 2900 D.
1035 2834 1351 2906 Ber-nardi
1395 2833 1793 2902 coenobium
1844 2831 2080 2899 multis
2125 2855 2317 2921 prae-

129 2944 252 3012 diis
279 2946 560 3016 ditatum
603 2960 1073 3030 extruxerunt3
1106 2948 1175 3014 id
1204 2959 1432 3039 postea
1475 2971 1518 3014 a
1561 2947 1830 3015 laxioris
1874 2949 2055 3014 vitae
2102 2970 2313 3028 saeer-

127 3061 394 3132 dotibus
454 3066 580 3132 sub
641 3065 1184 3135 commendatitio
1253 3064 1453 3133 titulo
1520 3067 1991 3153 impetratum,
2040 3061 2314 3130 tandem

125 3180 563 3268 superioribus
622 3184 850 3264 annis,
887 3183 1130 3252 'nostris
1172 3179 1514 3250 suburbiis
1552 3171 1698 3256 ,solo
1757 3180 2092 3269 aequatis,
2135 3177 2315 3246 diru-

127 3306 262 3360 tum
304 3293 464 3364 fuit.

244 3411 443 3482 Anno
489 3436 646 3483 vero
689 3413 921 3483 salutis
962 3437 1136 3482 nnxr
1181 3399 1482 3507 eisalpini
1527 3412 1885 3505 praesules,
1931 3410 2210 3480 Nicolao
2240 3411 2307 3477 ΙΙ

129 3523 428 3596 Pontifioe
469 3527 819 3613 defuneto,
855 3528 1317 3600 Alexandrum
1362 3532 1429 3598 11
1474 3529 1826 3598 suffectum
1875 3525 2072 3594 fuisse
2119 3550 2312 3616 aegre

136 3640 452 3714 tulerunt:
508 3669 752 3735 quare,
811 3649 1098 3717 Henrioo
1164 3650 1589 3737 permittente
1606 3698 1627 3727 ,
1694 3671 1782 3714 ex
1847 3669 1966 3714 suo
2034 3666 2312 3711 numero

133 3753 492 3829 cadolaum
523 3765 907 3853 epizcopum
937 3763 1357 3833 Parmensem
1387 3763 1697 3833 adversus
1725 3762 2055 3847 majorum
2097 3770 2315 3826 statu-

137 3883 194 3936 ta
229 3875 778 3967 Antipontificem
835 3892 1265 3962 creaverunt,
1317 3882 1430 3945 eui
1491 3891 1751 3978 praeter
1801 3876 2189 3958 Matildam,
2241 3886 2311 3942 et

199 4123 280 4192 (ι)
312 4123 441 4178 rm.
475 4126 534 4178 in
566 4089 846 4181 Βοιὲοᾱῑοω
878 4129 961 4196 x,
993 4136 1046 4184 et
1078 4128 1266 4184 nnana.
1298 4128 1388 4182 ub.
1424 4144 1522 4196 m,
1555 4127 1663 4181 «ιω.
1694 4144 1744 4180 2.
