2950 5017
970 457 1172 504 maza
1220 459 1516 524 oca-avus
2197 454 2330 543 5¹7

83 575 368 660 vehat,
408 597 520 646 eos
570 579 644 645 in
687 575 1101 649 Mutinenses
1150 591 1225 648 et
1264 580 1701 652 Ferrarienses
1731 583 2062 655 abduxit.
2108 587 2330 659 Maxi·

79 715 317 762 mum
360 705 590 764 tamen
633 694 728 764 ob
769 707 1046 764 centum
1075 695 1405 789 Alphonsi
1446 702 1730 792 equites,
1772 715 1842 770 et
1888 702 2052 772 alios
2095 719 2326 795 postea

80 813 351 881 missos
378 809 794 902 dispendium
840 815 1016 883 cives
1056 818 1541 885 sustinuerunt.
1574 815 1720 885 Nec
1754 822 1976 887 minus
2004 835 2326 913 sequente

87 947 298 997 anno
328 928 398 993 (⁸)
442 939 544 995 est
586 926 967 998 laboratum
983 980 1004 1013 ,
1033 953 1173 1022 quo
1217 941 1320 1000 ter
1362 930 1552 1002 mille
1580 956 1670 1002 ex
1697 932 2095 1006 Caesariano
2146 961 2336 1007 exer-

83 1044 252 1112 eitn
306 1025 597 1135 pedites,
640 1068 720 1113 ac
763 1045 1074 1117 nonnulli
1126 1051 1392 1140 equites
1448 1051 1521 1119 in
1578 1049 2007 1122 inferioribus
2052 1053 2333 1145 Regien-

87 1162 292 1229 sium
338 1159 525 1231 villis
564 1185 808 1252 magno
848 1186 1012 1232 cum
1057 1164 1399 1256 hospitum
1445 1166 1857 1238 detrimento
1905 1170 2164 1261 aliquot
2194 1172 2334 1241 die-

89 1276 238 1347 bus
307 1275 610 1348 fuerunt.
657 1279 888 1350 Guido
945 1304 1220 1373 quoque
1274 1282 1641 1375 Ra'ngonus
1706 1289 1828 1376 qui
1896 1287 2103 1355 semel
2172 1275 2333 1359 cum

92 1393 427 1484 peditum
471 1394 1217 1467 vexillo-Monticulum
1282 1420 1355 1466 se
1421 1398 1839 1482 contulerat,
1884 1426 2108 1472 rursus
2173 1428 2333 1473 cum

91 1509 422 1578 ducentis
472 1511 814 1603 equitibus
865 1534 980 1603 per
1024 1513 1451 1603 Regiensium
1518 1514 1719 1584 villas
1786 1516 2039 1608 aliique
2105 1520 2331 1611 plures

93 1647 267 1693 cum
323 1629 507 1716 gravi
550 1630 801 1695 civium
846 1628 1268 1698 incommodo
1311 1632 1741 1700 transierunt.
1776 1632 1890 1700 Ab
1934 1632 2065 1701 alia
2111 1649 2330 1727 parte,

96 1746 224 1835 qui
271 1743 413 1812 sub
441 1746 794 1816 Francisco
821 1745 1143 1816 Castaldo
1171 1745 1648 1839 Neapolitano,
1676 1761 1749 1817 et
1777 1749 2002 1843 Varga
2031 1753 2329 1845 Hispano

94 1863 168 1929 in
192 1860 582 1951 Carporum
615 1862 940 1954 praesidio
968 1874 1183 1946 erant,
1211 1863 1513 1955 quotidie
1542 1864 1884 1936 latronum
1917 1892 2100 1937 more
2127 1893 2336 1961 quos-⁶

100 2000 417 2069 cumque
476 1981 866 2068 intercipere
918 1991 1231 2078 poterant
1248 2030 1271 2063 ,
1322 2003 1520 2051 avare
1570 1981 1982 2074 spoliabant,
2035 1985 2332 2078 solisque

105 2094 583 2165 Atestinomm
628 2097 937 2180 ditionis,
980 2100 1105 2189 qui
1151 2098 1264 2167 vel
1318 2122 1592 2181 eorum,
1651 2100 1761 2169 vel
1815 2105 2332 2193 magistratuum

104 2211 495 2304 diplomata
554 2213 1020 2297 ostendissent,
1073 2214 1526 2306 ignoscebant.
1580 2213 1729 2284 Etsi
1790 2227 1893 2285 tot
1943 2219 2328 2311 sumptibus

109 2329 434 2397 exhausti
463 2330 838 2421 Regienses,
867 2329 1117 2400 sacella
1150 2345 1376 2400 tamen
1420 2334 1494 2400 in
1536 2332 2026 2401 Misericordiae
2073 2337 2329 2428 templo

109 2446 468 2516 aedificare
507 2461 891 2540 coeperunt.
922 2448 1206 2519 Piscario
1250 2473 1407 2521 vero
1447 2453 1784 2532 extincto,
1829 2454 2036 2542 ipsius
2067 2467 2136 2521 et
2168 2454 2336 2523 alte-

110 2567 250 2635 rius
320 2590 366 2635 a
429 2564 506 2635 S.
549 2566 809 2657 Angelo
853 2565 1043 2637 ducis
1094 2566 1456 2649 cadavera,
1498 2590 1677 2657 quae
1729 2568 2101 2649 Aternum,
2146 2593 2332 2638 nunc

112 2681 485 2752 Piscarium
531 2696 876 2766 vocatum,
920 2682 1415 2765 deferebantur,
1446 2682 1641 2776 Regii
1687 2682 1947 2765 eodem,
1976 2708 2115 2776 quo
2144 2685 2334 2757 Pros-

114 2819 232 2892 per
275 2800 655 2883 Golumna,
699 2801 950 2870 honore
991 2813 1278 2893 excepta
1322 2798 1541 2870 fuere.

247 2917 575 2987 Ceterum
625 2918 967 3000 Clemens,
1019 2917 1208 2986 Galli
1259 2919 1652 3010 captivitate
1711 2919 2017 3010 cognita,
2069 2932 2150 2988 ut
2201 2920 2333 2990 Re-

115 3034 306 3125 gium
369 3039 693 3126 reciperet
751 3059 911 3103 cum
955 3021 1235 3104 Caesare
1278 3033 1515 3105 foedus
1577 3035 1706 3104 sibi
1771 3036 2141 3106 ineundum
2198 3061 2337 3108 esse

117 3156 419 3223 censuit.
494 3152 819 3223 Summae
885 3156 979 3221 rei
1047 3176 1168 3245 pro
1240 3177 1322 3224 eo
1387 3164 1541 3221 tum
1615 3155 1688 3222 in
1757 3154 1955 3224 Italia
2029 3169 2331 3248 praeerat

118 3268 419 3341 Carolus
477 3271 689 3358 Lanoj
699 3294 776 3337 us
839 3269 1046 3361 Belga
1111 3270 1361 3339 Prorex
1427 3268 1753 3362 Neapolis
1777 3322 1800 3355 ,
1865 3297 1908 3340 a
1974 3296 2113 3363 quo
2178 3297 2337 3342 cen·

121 3397 271 3455 tum
321 3389 593 3479 triginta
620 3386 924 3455 millibus
949 3409 1307 3458 aureorum
1339 3410 1702 3458 nummum
1747 3411 1915 3481 pace
1958 3389 2336 3482 redempta,

123 3503 418 3596 calendis
464 3507 622 3573 maii
665 3507 1003 3588 convenit,
1047 3515 1130 3573 ut
1174 3504 1259 3573 ad
1302 3505 1757 3597 recipiendum
1801 3530 1961 3575 cum
2009 3507 2336 3578 Herberia

124 3617 408 3712 Regium
426 3674 447 3706 ,
490 3621 673 3717 quod
716 3621 1009 3692 Adriano
1060 3624 1206 3692 vita
1254 3619 1495 3692 functo
1554 3647 1675 3714 per
1724 3625 2176 3711 interregnum
2222 3622 2344 3690 Al-

126 3734 423 3828 phonsus
468 3751 938 3833 occupaverat,
966 3739 1094 3808 sibi
1126 3740 1461 3808 auxilium
1494 3737 1716 3807 ferret.
1747 3738 2131 3831 Alphonsus
2161 3737 2342 3809 Pon-

129 3854 323 3927 tificis
399 3857 693 3929 consiliis
767 3859 1128 3951 exploratis
1192 3858 1448 3947 majore
1512 3857 1797 3949 pecunia
1862 3868 2339 3948 expugnatum

131 3970 485 4065 Lsnojum'
537 4001 581 4046 a
645 3979 916 4070 negotio
984 3978 1275 4059 avertit3
1325 3976 1451 4067 qui
1515 3973 1681 4044 alias
1746 3996 1835 4046 ex
1901 3972 2055 4044 aliis
2125 3996 2347 4046 moras

206 4226 290 4297 (¹)
320 4244 556 4282 ¹¹³¹va
