2950 5017
659 407 800 493 484
1409 420 1649 470 neuun
1690 418 2113 470 που-’πιπτει

663 558 860 615 turae
898 543 1262 637 equitibus,
1304 553 1378 612 et
1417 542 1745 613 Piscarius
1787 543 2237 634 Hispanarum
2278 541 2642 631 copiarum
2687 564 2860 632 pree·

663 661 881 730 fectus
908 684 1064 730 cum
1097 659 1282 729 mille
1309 671 1381 728 et
1405 661 1786 752 quingentis
1812 641 2171 750 peditibus
2192 660 2645 748 trecentisque
2689 660 2861 749 eqni·

661 778 848 845 tibus
889 777 975 844 ad
1021 776 1437 845 educendum
1491 780 1564 845 in
1626 788 1853 848 tutum
1905 774 2339 843 auxiliarium
2385 774 2684 841 militem
2727 797 2861 865 pro-

658 918 917 988 perare.
973 894 1107 962 Sed
1162 917 1320 963 cum
1366 895 1616 964 Veneti
1674 895 1954 962 liberam
2021 892 2404 962 transeundi
2474 890 2856 960 facultatem

661 1013 1136 1105 permisissent,
1180 1013 1508 1080 Piscsrius
1549 1034 1849 1081 reversus
1893 1025 2053 1078 cum
2097 1009 2507 1102 quibusdam
2537 1013 2771 1099 copiis,
2793 1022 2856 1077 et

660 1129 928 1201 duobus
947 1130 1378 1200 -Corsicorum
1422 1129 1692 1198 vexillis
1737 1132 1811 1197 in
1854 1129 2191 1198 suburbiis
2232 1130 2476 1198 nostris
2521 1140 2856 1218 pernocta-

660 1249 783 1315 vit.
817 1246 1036 1314 Tanta
1067 1244 1413 1337 disciplina
1457 1269 1539 1312 ea
1582 1246 2004 1337 regebantur,
2047 1258 2129 1312 ut
2172 1243 2447 1335 plurimi
2494 1268 2589 1311 ex
2635 1247 2858 1313 nostris

657 1362 949 1444 civibus,
990 1360 1274 1452 aliisque
1319 1359 1625 1428 finitimis
1672 1360 1981 1443 urbibus,
2024 1363 2231 1429 etiam
2276 1383 2439 1428 cum
2489 1362 2724 1450 pueris
2765 1383 2861 1449 per

659 1489 952 1549 armatos
995 1476 1205 1545 libere
1262 1477 1679 1559 incederent,
1731 1477 2058 1569 nullaque
2110 1490 2384 1568 accepta
2441 1478 2714 1565 injuria
2767 1477 2865 1544 ills

656 1598 920 1686 saepius
960 1596 1328 1664 inviserint.
1373 1594 1629 1663 Contra
1671 1593 1862 1662 Galli
1906 1595 2151 1663 crebris
2201 1595 2470 1682 injuriis
2518 1595 2864 1685 Regienses

660 1709 921 1780 afficere
987 1734 1122 1779 non
1176 1710 1632 1794 desistebant,
1664 1734 1987 1801 -quorum
2058 1714 2399 1802 equitatus
2463 1710 2613 1780 duo
2684 1734 2864 1779 aene·

661 1836 997 1897 tormenta
1040 1825 1251 1917 Regio
1303 1828 1376 1894 in
1419 1823 1762 1894 Pontificis
1827 1837 2045 1895 castra
2102 1824 2313 1893 ducta
2373 1827 2865 1916 interceptum

659 1944 940 2010 exierat.
986 1941 1125 2009 Ubi
1180 1966 1226 2010 a
1273 1941 1522 2032 praeda
1575 1941 1911 2009 aberravit
1954 1942 2041 2010 ad
2085 1955 2355 2032 pontem
2404 1940 2751 2011 Sorbolae
2788 1944 2866 2009 in-

660 2068 941 2125 ventum
986 2057 1301 2125 Perinum
1344 2058 1808 2126 Pratonerium
1853 2057 2245 2148 Regiensem
2307 2080 2470 2124 cum
2535 2056 2865 2126 nonnullis

658 2175 976 2242 armentis
1002 2174 1441 2242 trucidarunt.
1488 2173 1653 2242 Inde
1700 2177 1769 2243 in
1813 2175 2136 2243 suburbia
2165 2186 2388 2245 nostra
2415 2174 2639 2243 delati
2670 2178 2861 2244 etiam

658 2290 1126 2360 Alexandrum
1201 2289 1556 2368 Cassolum
1637 2295 2105 2386 intempestive
2187 2318 2338 2362 rure
2419 2307 2867 2367 revertentem

657 2418 935 2498 captum
982 2410 1293 2476 trecentis
1358 2420 1589 2499 postea
1658 2414 1875 2479 aureis
1942 2412 2227 2501 acceptis
2270 2409 2702 2480 dimiserunt.
2746 2411 2869 2479 Ubi

657 2522 831 2593 baec
888 2525 960 2592 in
1026 2536 1243 2597 castra
1291 2536 1453 2594 sunt
1519 2524 1731 2593 relata
1750 2577 1772 2608 ,
1815 2528 2154 2596 retroactis
2200 2530 2590 2610 tormentis,
2649 2527 2870 2598 Guido

659 2640 957 2728 Vajnus,
987 2651 1068 2708 ut
1099 2652 1330 2710 tutum
1374 2643 1500 2710 iter
1544 2642 2117 2725 euntibusesset,
2159 2666 2316 2713 cum
2364 2657 2648 2712 centum
2696 2646 2875 2735 equi·

597 2741 604 2746 ’
657 2757 843 2826 tibus
893 2757 1180 2846 Regium
1231 2759 1444 2827 venit.
1512 2758 1671 2848 Non
1730 2757 1886 2831 ideo
1955 2769 2183 2828 tamen
2249 2763 2584 2851 perterriti
2650 2759 2875 2830 hostes

656 2897 883 2945 rursus
912 2877 982 2943 in
1012 2874 1360 2965 Regienses
1404 2875 1867 2967 populabundi
1912 2876 2174 2945 crebras
2218 2879 2633 2947 incursiones
2675 2876 2873 2946 facie-

656 2989 851 3084 bant.
895 2989 1121 3058 Semel
1166 3014 1322 3061 vero
1366 3015 1609 3083 magno
1653 3016 1741 3059 ex
1784 2991 1948 3061 villa
1990 2992 2329 3064 Roncinae
2374 2994 2635 3063 abacto
2686 3018 2872 3086 peco-

603 3097 614 3110 ’
658 3130 812 3175 rum
857 3130 1134 3177 numero
1178 3109 1345 3177 dum
1390 3108 1673 3190 abeunt,
1719 3093 1998 3200 pulsatis
2043 3109 2249 3193 nolis,
2295 3109 2491 3200 Regii
2548 3111 2640 3178 ad
2699 3135 2869 3180 arms

657 3223 1162 3307 conclamatur-3
1235 3224 1389 3296 illos
1453 3226 1767 3294 Parmam
1843 3228 2143 3296 celeriter
2206 3240 2636 3298 recurrentes
2706 3231 2868 3298 cives

657 3361 872 3429 usque
914 3339 999 3407 ad
1041 3340 1388 3410 Masonem
1429 3346 1641 3410 secuti
1687 3345 1953 3411 nemine
1996 3345 2270 3413 invento
2316 3347 2560 3427 moesti
2592 3345 2869 3415 domum

656 3465 1103 3523 revertuntur.
1165 3457 1417 3525 Verum
1471 3460 1746 3528 ducenti
1819 3465 2077 3552 equites
2142 3460 2309 3534 levis
2376 3475 2777 3531 armaturae
2837 3487 2871 3530 a

656 3582 901 3662 nepotc
931 3571 1226 3662 Prosperi
1258 3572 1634 3642 Columnae
1666 3599 1780 3668 per
1810 3577 2162 3667 Regienses
2206 3581 2275 3646 in
2312 3590 2539 3645 castra
2572 3580 2869 3660 deducti,

655 3698 860 3779 atque
903 3687 1021 3756 alii
1065 3692 1184 3779 qui
1213 3691 1409 3758 .viam
1453 3695 1702 3780 regiam
1750 3705 2232 3783 percurrerent,
2260 3707 2699 3763 commeatus
2718 3708 2871 3764 tuto

650 3803 861 3894 Regio
904 3806 1209 3897 quotidie
1278 3806 1365 3874 ad
1432 3812 1807 3877 exercitum
1863 3808 2150 3878 vehendi
2212 3807 2623 3879 facultatem
2685 3836 2873 3901 prae-

656 3919 981 3990 buerunt.
1012 3922 1310 3991 Demum
1347 3923 1621 4011 dejectis
1667 3947 2033 3996 aeneorum
2068 3936 2564 3995 «tormentorum
2611 3928 2869 4018 impetu

653 4034 934 4128 Parmae
995 4040 1379 4128 moenibus,
1424 4039 1614 4110 Galli
1673 4040 1855 4140 ultra
1914 4037 2232 4116 Parmam
2274 4040 2539 4113 flumen
2585 4043 2864 4112 alteram

655 4154 839 4226 urbis
882 4169 1142 4249 partem
1186 4155 1517 4234 defensuri
1560 4182 1631 4230 se
1674 4141 2091 4254 receperunt,
2120 4173 2191 4231 et
2218 4160 2567 4234 Pontificii
2616 4188 2660 4232 a
2706 4166 2864 4235 civi·
