2950 5017
1228 727 1617 846 ‚LIBER
1702 679 2302 854 QUINTUS

738 1700 742 1704 ,
796 1616 1024 1685 Rebus
1088 1589 1187 1684 ita
1251 1615 1446 1707 gestia
1511 1626 1775 1707 portam
1816 1613 2046 1683 Sancti
2092 1615 2274 1684 Petri
2317 1615 2572 1684 Lucius
2617 1615 2856 1684 adhuc

665 1732 994 1812 tenebat3
1036 1754 1241 1823 quam
1286 1744 1524 1821 quater
1567 1730 1753 1798 mille
1808 1729 2101 1814 florenis,
2144 1733 2266 1799 etsi
2317 1717 2431 1798 alii
2497 1735 2851 1822 sexaginta

660 1848 876 1915 millia
938 1849 1261 1929 scribant,
1316 1871 1358 1913 a
1421 1847 1726 1914 Bai-naba
1783 1851 2104 1938 acceptis,
2170 1857 2320 1937 post
2386 1848 2627 1937 viginti
2670 1848 2855 1929 dies,

659 1964 907 2053 quibua
953 1964 1256 2031 Atestino
1300 1965 1537 2031 servire
1581 1962 1966 2044 tenebatur,
2011 1963 2096 2030 ad
2139 1986 2217 2029 xx
2261 1959 2571 2030 calendas
2627 1963 2855 2050 junias

658 2075 944 2144 dimisit.
986 2076 1540 2158 Vacuacivitate
1584 2071 1850 2157 relicta,
1893 2088 1964 2143 et
2006 2079 2491 2167 quinquaginta
2541 2078 2857 2144 millibus

558 2214 564 2220 ·
656 2192 1057 2260 florenorum
1101 2191 1393 2261 Guidoni
1436 2191 1718 2259 Feltrini
1762 2191 1903 2261 filio
1961 2218 2075 2282 per
2117 2193 2439 2270 Joannem
2485 2193 2855 2260 Balduchi-

656 2331 825 2374 num
890 2317 1229 2397 praesente
1294 2311 1579 2396 pecunia
1629 2311 2024 2389 numeratis,
2070 2309 2459 2377 Ambrosius
2504 2308 2852 2376 Barnabae

656 2422 837 2491 filius
880 2426 1001 2513 qui
1046 2446 1200 2491 cum
1248 2427 1558 2493 trecentis
1601 2424 2046 2515 cataphractis
2111 2428 2181 2492 in
2251 2426 2416 2492 urbe
2471 2439 2617 2491 erat
2661 2426 2855 2515 Regii
2936 2443 2938 2456 ·

663 2540 1043 2607 dominium
1094 2542 1369 2629 accepit.
1414 2539 1528 2606 Ob
1570 2539 1641 2606 id
1682 2537 1753 2607 in
1800 2541 2110 2609 omnibns
2153 2533 2646 2609 vicecomitum
2691 2544 2855 2609 civi-

663 2655 955 2736 tatibus,
995 2655 1111 2721 aed
1154 2655 1431 2742 Parmae
1482 2628 1866 2744 praesertim
1892 2706 1913 2736 ,
1956 2654 2211 2746 quanta
2254 2656 2691 2745 unquam-ab
2736 2655 2858 2722 ho-

657 2775 921 2860 mimm
967 2775 1286 2841 memoria
1317 2770 1548 2852 fuerit,
1572 2770 1830 2839 laetitia
1875 2773 2143 2862 publice
2188 2784 2289 2841 eat
2330 2784 2612 2862 peracta.
2663 2771 2852 2838 Tum

656 2888 915 2957 nobiles
959 2885 1323 2969 Manfredi,
1367 2891 1487 2977 qui
1550 2904 1744 2956 antea
1813 2910 1970 2955 cum
2019 2886 2319 2955 Feltrino
2387 2897 2760 2967 senserant,
2812 2909 2851 2952 a
2936 2899 2938 2902 ’

645 3001 962 3096 ΔΒειιτιιιὶκν,
1026 3014 1441 3070 menstruum
1506 3000 1918 3091 stipendium
1988 3014 2524 3092 promeruerunt.
2594 3002 2849 3068 Lucius
2936 3055 2938 3062 .

658 3140 814 3185 vero
888 3116 974 3184 ad
1045 3116 1518 3187 Montisferrati
1590 3116 2043 3188 Marchionem
2117 3129 2346 3187 contra
2419 3105 2843 3184 Galleacium

660 3232 1144 3300 vicecomitem
1190 3232 1530 3299 Barnabae
1573 3230 1843 3300 fratrem
1913 3204 2171 3300 bellum
2202 3248 2208 3253 “
2237 3244 2538 3323 gesturus
2582 3256 2655 3300 ae
2698 3255 2848 3301 con-

659 3346 856 3413 tulit.
900 3346 1196 3436 Populus
1255 3370 1336 3413 ea
1393 3327 1606 3415 statua
1648 3351 2020 3417 mutatione
2062 3348 2279 3416 laetus
2354 3349 2438 3415 ad
2506 3347 2845 3437 Gonzago-
2936 3369 2938 3382 '

656 3456 849 3541 rum,
892 3464 1013 3550 qui
1057 3464 1397 3527 civitatem
1457 3458 1865 3546 everterant,
1908 3468 2298 3533 memoriam
2342 3462 2696 3530 delendam
2739 3463 2847 3529 de-
2936 3527 2938 3544 ,

659 3578 903 3657 crevit,
947 3600 1033 3643 ne
1077 3580 1227 3671 qnia
1278 3601 1386 3645 eos
1442 3578 1569 3644 sub
1634 3585 1848 3670 poena
1916 3579 2379 3671 perduellionis
2445 3582 2838 3646 nominaret.
2936 3607 2938 3616 ·

659 3690 993 3758 Feltrinus
1037 3714 1123 3757 ex
1165 3690 1368 3777 hujus
1413 3694 1616 3760 tristia
1657 3705 1931 3762 eventus
1975 3700 2266 3763 moerore
2296 3690 2506 3783 pridie
2538 3692 2840 3763 calendas

651 3807 872 3893 'majas
914 3788 1284 3897 Bagnolnm
1330 3830 1401 3876 se
1444 3832 1602 3876 cum
1649 3807 2095 3890 familiaribus
2147 3808 2469 3891 contulit,
2511 3809 2635 3875 ubi
2681 3806 2840 3877 diffi-

657 3920 771 3988 cili
837 3922 929 3990 ob
995 3946 1219 3990 rerum
1287 3924 1754 3993 adversitatem
1798 3926 2213 4021 aegritudine
2278 3935 2618 3995 contracta
2687 3947 2836 3992 cum

657 4041 966 4140 primum¹
1018 4041 1393 4126 convaluit,
1437 4055 1519 4112 ut
1561 4044 1890 4135 stipendia
1932 4043 2276 4113 Barnabae
2335 4053 2648 4126 mereret,
2692 4042 2839 4109 Par-

658 4179 841 4227 mam
892 4156 1356 4250 proficiacitur.
1403 4159 1586 4231 luter
1630 4151 1916 4232 eundem
1958 4163 2032 4233 in
2074 4161 2221 4232 loco
2234 4210 2257 4244 ‚
2301 4183 2505 4251 quem
2552 4157 2835 4230 Bastiam
