2950 5017
660 437 683 482 1
697 417 788 498 04
1398 435 1634 482 aarum
1677 434 2092 480 ateramum

648 557 1000 624 secr-armo
1043 553 1327 634 dicitur3
1373 553 1568 640 cujus
1611 558 1704 622 rei
1749 563 2260 623 monumentum
2289 577 2331 622 a
2358 553 2733 628 Theuzone
2782 561 2875 629 in

655 671 978 738 anteriore
1028 668 1264 759 templi
1327 667 1548 758 lapide
1612 669 1963 738 inconditis
2028 670 2434 738 carminibus
2478 673 2824 764 scriptum
2839 725 2867 757 ,

646 809 858 875 usque
901 784 987 852 ad
1033 807 1281 852 annum
1313 805 1767 864 mccccxovnr,
1800 807 1935 874 quo
1961 780 2198 852 fanum
2241 785 2331 856 ob
2372 788 2865 858 imminentem

644 905 907 969 ruinam
949 903 1190 967 iterum
1224 902 1613 968 restitutum
1644 897 1810 979 fuit,
1840 924 1971 968 nou
2004 902 2234 989 paucis
2264 912 2595 970 vetustate
2625 907 2861 972 exesis

642 1019 877 1085 litteris
894 1068 916 1098 ,
946 1015 1029 1084 ad
1059 1018 1496 1106 posteriorum
1542 1018 1852 1085 notitiam
1898 1018 2015 1083 vix
2059 1018 2282 1106 potuit
2324 1023 2694 1107 pervenire.
2741 1020 2856 1092 Eo

643 1147 939 1224 tempore
965 1134 1127 1201 Divi
1156 1133 1453 1222 Prosperi
1498 1155 1640 1202 ossa
1683 1135 1754 1199 in
1800 1155 1914 1199 ara
1955 1156 2170 1202 novae
2215 1134 2390 1202 aedis
2432 1135 2559 1204 sub
2588 1150 2851 1227 crypta

640 1251 902 1320 condita
954 1248 1156 1318 fuisse
1209 1249 1444 1317 iisdem
1491 1249 1785 1317 versibus
1828 1246 2259 1318 Theuzonem
2313 1262 2628 1320 testatum
2678 1254 2850 1320 reli-

638 1371 856 1457 quisse
898 1364 1206 1434 nonnulli
1249 1376 1635 1446 autumant,
1676 1387 1850 1454 quae
1891 1375 2148 1455 postea,
2180 1369 2370 1456 aquis
2413 1391 2499 1434 ex
2542 1367 2841 1438 humido

636 1484 792 1551 nov'i
819 1487 824 1496 ‘
854 1480 1086 1570 templi
1152 1480 1293 1548 solo
1352 1481 1900 1561 scaturientibus,
1945 1492 2245 1548 extracta
2286 1493 2359 1549 et
2398 1482 2529 1550 sub
2572 1484 2844 1570 majore

639 1623 751 1665 ara
794 1622 833 1664 a
865 1594 1220 1687 Sigisfredo
1249 1594 1625 1664 Theuzonis
1661 1618 2020 1666 successore
2063 1595 2286 1665 locata
2327 1594 2527 1666 fuisse
2568 1596 2833 1668 ferunt.

633 1712 770 1779 Sed
816 1712 930 1779 alii
975 1736 1015 1778 a
1059 1714 1456 1802 questum-iis
1494 1710 1975 1790 nebulonibus,
2003 1714 2123 1801 qui
2154 1715 2322 1780 veris
2351 1709 2520 1781 falsa
2549 1716 2834 1783 miscere
2864 1703 2875 1716 ⁸

631 1828 882 1909 solent,
913 1829 998 1895 ad
1029 1827 1229 1895 fidem
1277 1827 1620 1895 mendacio
1667 1825 2066 1907 faciendam,
2107 1827 2484 1898 adulterina
2526 1834 2831 1899 carmina
2924 1895 2929 1900 .

636 1945 974 2011 veteribus
1032 1943 1256 2010 addita
1309 1942 1509 2010 fuisse
1566 1940 1936 2024 affirmant,
2002 1953 2072 2009 et
2138 1966 2248 2011 eas
2305 1925 2611 2035 reliquias
2667 1960 2823 2037 post

631 2083 888 2128 ocem
933 2082 1138 2127 annos
1184 2057 1360 2147 apud
1404 2080 1717 2125 monacos
1757 2061 2060 2126 inventas
2104 2054 2307 2127 fuisse
2344 2063 2416 2127 in
2459 2063 2824 2134 verioribus

631 2175 981 2244 annalibus
1024 2177 1290 2263 reperiri
1337 2174 1613 2241 tradunt
1641 2201 1660 2255 3
1702 2198 1871 2264 quas
1898 2178 1971 2242 in
2001 2174 2176 2243 hanc
2212 2181 2421 2265 usque
2448 2177 2628 2246 diem
2646 2180 2821 2249 -Divi

626 2293 922 2382 Prosperi
980 2290 1367 2359 coenobitae
1430 2313 1685 2379 semper
1751 2314 1951 2379 penes
2012 2313 2085 2359 se
2157 2306 2571 2363 conservatas
2629 2307 2816 2364 tanta

627 2411 1098 2477 asseveratione
1139 2406 1590 2487 contendunt,
1634 2418 1715 2474 ut
1759 2409 1832 2474 in
1878 2429 2150 2497 magnas
2203 2407 2668 2480 altercationes
2710 2436 2814 2481 res

622 2525 975 2592 devenerit.

619 2729 624 2735 ,
759 2644 852 2707 At
910 2638 1296 2707 Thedaldus
1365 2639 1787 2729 Regiensiurn
1855 2641 2153 2730 princeps
2219 2666 2394 2710 anno
2461 2642 2815 2715 millesimo

621 2762 905 2848 septimo
935 2757 1252 2825 decedens
1278 2755 1618 2827 Bonifatio
1648 2755 1787 2826 filio
1817 2760 2168 2849 imperium
2200 2758 2494 2850 reliquit.
2539 2760 2604 2830 Is
2648 2760 2809 2829 Bea-

622 2881 779 2945 trice
845 2878 1146 2958 Henrici,
1192 2878 1310 2967 qui
1361 2875 1609 2961 Caesar
1673 2887 1930 2943 creatus
1996 2872 2248 2957 fuerat,
2313 2900 2533 2945 sorore
2601 2901 2809 2949 uxore

622 2994 824 3061 ducta
868 2994 1037 3062 duos
1081 2992 1247 3062 filios
1295 2991 1721 3060 Thedaldum
1762 3004 1991 3082 postea
2033 2989 2226 3081 Regii
2272 2996 2652 3084 episcopum
2713 2994 2810 3063 fa·
2942 2995 2943 3024 ¹

619 3123 809 3177 ctum
840 3122 910 3176 et
938 3108 1345 3187 Corradum,
1375 3106 1911 3196 Mathildamque
1951 3106 2161 3175 filiam
2192 3130 2233 3175 a
2263 3112 2491 3176 matris
2522 3110 2802 3180 Othonis

612 3228 885 3294 nomine·
908 3235 1217 3293 vocatam
1249 3225 1574 3310 suscepit:
1620 3233 1689 3287 et
1732 3222 1821 3287 ad
1863 3225 1972 3311 pia
2019 3247 2215 3314 opera
2244 3248 2599 3293 conversus
2633 3230 2797 3295 inter

491 3319 496 3322 ι
606 3341 752 3406 alia
794 3339 1018 3408 nobile
1060 3339 1224 3406 Divi
1268 3337 1608 3404 Benedicti
1659 3337 2049 3405 coenobium
2104 3365 2237 3409 non
2291 3341 2481 3431 longe
2530 3367 2569 3408 a
2617 3343 2793 3414 Pado

610 3456 903 3524 condidit
922 3505 938 3522 .
984 3455 1257 3522 Beatrix
1299 3476 1572 3544 quoque
1615 3453 1776 3521 Divi
1819 3455 2117 3523 Andreae
2179 3458 2430 3548 templo
2475 3460 2793 3528 Mantuae

619 3569 999 3652 aedificato,
1051 3574 1252 3637 etiam
1307 3568 1884 3651 Guardastallum,
1929 3585 2154 3661 postea
2220 3573 2643 3644 Guastallam
2703 3576 2796 3646 di-

613 3701 790 3754 ctam
824 3687 906 3753 ad
935 3687 1193 3754 Padum
1236 3683 1588 3752 fabricasse
1631 3684 1873 3754 fertur:
1913 3688 2025 3754 sed
2063 3711 2219 3756 cum
2251 3691 2570 3781 oppidum
2607 3690 2793 3783 longe

610 3813 764 3869 ante
806 3806 1057 3871 stetisse
1100 3827 1231 3870 non
1277 3801 1538 3870 obscuri
1586 3814 1885 3872 auctores
1926 3802 2244 3886 referant,
2295 3805 2366 3874 id
2425 3807 2513 3873 ab
2566 3832 2644 3874 ea
2696 3833 2790 3875 re-

604 3923 917 3988 stitutum
971 3923 1194 4011 potius
1238 3944 1443 4010 quam
1498 3921 1840 3990 conditum
1907 3919 2112 3990 fuisse
2171 3922 2481 3991 creditur.
2528 3923 2789 3993 Bonifa-

607 4040 776 4117 tius,
819 4037 1127 4106 masculis
1191 4037 1410 4105 liberis
1478 4041 1762 4120 arnissis,
1807 4063 1978 4108 anno
2022 4062 2175 4105 mnu
2219 4044 2407 4109 nonis
2450 4045 2629 4109 maii'
2655 4066 2788 4111 mo-

605 4157 772 4224 riens
816 4155 1216 4226 Math'ildam
1264 4155 1470 4226 filiam
1517 4156 1756 4228 nobilis
1797 4159 2044 4247 ingenii
2090 4154 2406 4227 feminam
2437 4158 2784 4242 Mantuae,
