<?xml version="1.0" encoding="UTF-8"?>
<!DOCTYPE html PUBLIC "-//W3C//DTD XHTML 1.0 Transitional//EN"
    "http://www.w3.org/TR/xhtml1/DTD/xhtml1-transitional.dtd">
<html xmlns="http://www.w3.org/1999/xhtml" xml:lang="en" lang="en">
 <head>
  <title>
</title>
<meta http-equiv="Content-Type" content="text/html;charset=utf-8" />
  <meta name='ocr-system' content='tesseract 3.04.00' />
  <meta name='ocr-capabilities' content='ocr_page ocr_carea ocr_par ocr_line ocrx_word'/>
</head>
<body>
  <div class='ocr_page' id='page_1' title='image "./rerumhistoricar00unkngoog_0204.png"; bbox 0 0 2950 5017; ppageno 0'>
   <div class='ocr_carea' id='block_1_1' title="bbox 683 429 2125 520">
    <p class='ocr_par' dir='ltr' id='par_1_1' title="bbox 683 429 2125 520">
     <span class='ocr_line' id='line_1_1' title="bbox 683 429 2125 520; baseline -0.008 -24"><span class='ocrx_word' id='word_1_1' title='bbox 683 429 813 520; x_wconf 77' lang='lat'><strong>198</strong></span> <span class='ocrx_word' id='word_1_2' title='bbox 1415 439 1653 488; x_wconf 70' lang='lat' dir='ltr'><strong>annu</strong></span> <span class='ocrx_word' id='word_1_3' title='bbox 1705 439 2125 486; x_wconf 68' lang='lat' dir='ltr'><strong>nemun</strong></span> 
     </span>
    </p>
   </div>
   <div class='ocr_carea' id='block_1_2' title="bbox 669 556 2935 4251">
    <p class='ocr_par' dir='ltr' id='par_1_2' title="bbox 669 556 2937 4251">
     <span class='ocr_line' id='line_1_2' title="bbox 675 556 2878 651; baseline -0.002 -15"><span class='ocrx_word' id='word_1_4' title='bbox 675 561 1132 636; x_wconf 69' lang='lat' dir='ltr'><strong>Praefectum</strong></span> <span class='ocrx_word' id='word_1_5' title='bbox 1172 584 1259 628; x_wconf 83' lang='lat' dir='ltr'><strong>ex</strong></span> <span class='ocrx_word' id='word_1_6' title='bbox 1304 562 1531 627; x_wconf 80' lang='lat' dir='ltr'><strong>amicis</strong></span> <span class='ocrx_word' id='word_1_7' title='bbox 1573 563 1859 627; x_wconf 74' lang='lat' dir='ltr'><strong>invicem</strong></span> <span class='ocrx_word' id='word_1_8' title='bbox 1902 556 2334 649; x_wconf 75' lang='lat' dir='ltr'><strong>recipiebant,</strong></span> <span class='ocrx_word' id='word_1_9' title='bbox 2364 568 2439 628; x_wconf 85' lang='lat' dir='ltr'><strong>et</strong></span> <span class='ocrx_word' id='word_1_10' title='bbox 2462 581 2554 626; x_wconf 82' lang='lat' dir='ltr'><strong>ex</strong></span> <span class='ocrx_word' id='word_1_11' title='bbox 2580 557 2878 651; x_wconf 69' lang='lat' dir='ltr'><strong>Regien-</strong></span> 
     </span>
     <span class='ocr_line' id='line_1_3' title="bbox 674 673 2881 766; baseline -0.001 -19"><span class='ocrx_word' id='word_1_12' title='bbox 674 681 860 766; x_wconf 58' lang='grc' dir='ltr'><strong>εὕρω</strong></span> <span class='ocrx_word' id='word_1_13' title='bbox 889 678 1332 747; x_wconf 85' lang='lat' dir='ltr'><strong>Thomasinus</strong></span> <span class='ocrx_word' id='word_1_14' title='bbox 1374 674 1705 743; x_wconf 81' lang='lat' dir='ltr'><strong>Robertus</strong></span> <span class='ocrx_word' id='word_1_15' title='bbox 1749 673 1990 741; x_wconf 82' lang='lat' dir='ltr'><strong>nltimo</strong></span> <span class='ocrx_word' id='word_1_16' title='bbox 2033 675 2329 741; x_wconf 66' lang='lat' dir='ltr'><strong>semem-i</strong></span> <span class='ocrx_word' id='word_1_17' title='bbox 2358 673 2643 742; x_wconf 86' lang='lat' dir='ltr'><strong>Parmae</strong></span> <span class='ocrx_word' id='word_1_18' title='bbox 2673 675 2881 744; x_wconf 78' lang='lat' dir='ltr'><strong>Prac-</strong></span> 
     </span>
     <span class='ocr_line' id='line_1_4' title="bbox 677 788 2879 882; baseline -0.002 -18"><span class='ocrx_word' id='word_1_19' title='bbox 677 811 783 865; x_wconf 83' lang='lat' dir='ltr'><strong>tor</strong></span> <span class='ocrx_word' id='word_1_20' title='bbox 809 796 917 882; x_wconf 87' lang='lat' dir='ltr'><strong>jus</strong></span> <span class='ocrx_word' id='word_1_21' title='bbox 946 793 1235 860; x_wconf 83' lang='lat' dir='ltr'><strong>dicebat.</strong></span> <span class='ocrx_word' id='word_1_22' title='bbox 1281 790 1637 881; x_wconf 79' lang='lat' dir='ltr'><strong>Regienscs</strong></span> <span class='ocrx_word' id='word_1_23' title='bbox 1665 809 1936 880; x_wconf 83' lang='lat' dir='ltr'><strong>quoque</strong></span> <span class='ocrx_word' id='word_1_24' title='bbox 1978 788 2181 879; x_wconf 84' lang='lat' dir='ltr'><strong>paulo</strong></span> <span class='ocrx_word' id='word_1_25' title='bbox 2229 791 2482 858; x_wconf 87' lang='lat' dir='ltr'><strong>minore</strong></span> <span class='ocrx_word' id='word_1_26' title='bbox 2532 790 2879 860; x_wconf 66' lang='lat' dir='ltr'><strong>discordia</strong></span> 
     </span>
     <span class='ocr_line' id='line_1_5' title="bbox 675 903 2878 997; baseline -0.001 -18"><span class='ocrx_word' id='word_1_27' title='bbox 675 912 1050 980; x_wconf 72' lang='lat' dir='ltr'><strong>laborantes</strong></span> <span class='ocrx_word' id='word_1_28' title='bbox 1115 919 1372 997; x_wconf 77' lang='lat' dir='ltr'><strong>praeter</strong></span> <span class='ocrx_word' id='word_1_29' title='bbox 1422 904 1844 995; x_wconf 68' lang='lat' dir='ltr'><strong>implacabile</strong></span> <span class='ocrx_word' id='word_1_30' title='bbox 1884 904 2152 986; x_wconf 77' lang='lat' dir='ltr'><strong>odium,</strong></span> <span class='ocrx_word' id='word_1_31' title='bbox 2196 903 2376 995; x_wconf 88' lang='lat' dir='ltr'><strong>quod</strong></span> <span class='ocrx_word' id='word_1_32' title='bbox 2420 928 2583 973; x_wconf 89' lang='lat' dir='ltr'><strong>cum</strong></span> <span class='ocrx_word' id='word_1_33' title='bbox 2627 907 2878 976; x_wconf 71' lang='lat' dir='ltr'><strong>caen·</strong></span> 
     </span>
     <span class='ocr_line' id='line_1_6' title="bbox 673 1020 2868 1115; baseline -0.003 -19"><span class='ocrx_word' id='word_1_34' title='bbox 673 1029 874 1095; x_wconf 83' lang='lat' dir='ltr'><strong>rianis</strong></span> <span class='ocrx_word' id='word_1_35' title='bbox 913 1025 1290 1115; x_wconf 79' lang='lat' dir='ltr'><strong>proscriptis</strong></span> <span class='ocrx_word' id='word_1_36' title='bbox 1331 1021 1700 1102; x_wconf 85' lang='lat' dir='ltr'><strong>habebant,</strong></span> <span class='ocrx_word' id='word_1_37' title='bbox 1742 1020 1905 1089; x_wconf 80' lang='lat' dir='ltr'><strong>alias</strong></span> <span class='ocrx_word' id='word_1_38' title='bbox 1947 1024 2151 1089; x_wconf 86' lang='lat' dir='ltr'><strong>etiam</strong></span> <span class='ocrx_word' id='word_1_39' title='bbox 2178 1022 2352 1089; x_wconf 86' lang='lat' dir='ltr'><strong>inter</strong></span> <span class='ocrx_word' id='word_1_40' title='bbox 2377 1043 2446 1091; x_wconf 80' lang='lat' dir='ltr'><strong>se</strong></span> <span class='ocrx_word' id='word_1_41' title='bbox 2474 1022 2868 1090; x_wconf 70' lang='lat' dir='ltr'><strong>simultates</strong></span> 
     </span>
     <span class='ocr_line' id='line_1_7' title="bbox 671 1137 2868 1229; baseline -0.001 -18"><span class='ocrx_word' id='word_1_42' title='bbox 671 1151 1113 1211; x_wconf 72' lang='lat' dir='ltr'><strong>exermerunt</strong></span> <span class='ocrx_word' id='word_1_43' title='bbox 1130 1190 1151 1220; x_wconf 90' lang='lat'><strong>,</strong></span> <span class='ocrx_word' id='word_1_44' title='bbox 1215 1161 1504 1229; x_wconf 70' lang='lat' dir='ltr'><strong>quonam</strong></span> <span class='ocrx_word' id='word_1_45' title='bbox 1567 1139 1905 1207; x_wconf 73' lang='lat' dir='ltr'>Barnabas</span> <span class='ocrx_word' id='word_1_46' title='bbox 1967 1137 2363 1207; x_wconf 81' lang='lat' dir='ltr'><strong>Balestellus</strong></span> <span class='ocrx_word' id='word_1_47' title='bbox 2432 1138 2868 1208; x_wconf 68' lang='lat' dir='ltr'><strong>Placentinus</strong></span> 
     </span>
     <span class='ocr_line' id='line_1_8' title="bbox 672 1251 2872 1344; baseline -0.002 -19"><span class='ocrx_word' id='word_1_48' title='bbox 672 1259 941 1325; x_wconf 81' lang='lat' dir='ltr'><strong>Praetor</strong></span> <span class='ocrx_word' id='word_1_49' title='bbox 985 1257 1087 1322; x_wconf 83' lang='lat' dir='ltr'><strong>vir</strong></span> <span class='ocrx_word' id='word_1_50' title='bbox 1128 1251 1625 1322; x_wconf 68' lang='lat' dir='ltr'>factiosissimae</span> <span class='ocrx_word' id='word_1_51' title='bbox 1669 1265 1905 1322; x_wconf 82' lang='lat' dir='ltr'><strong>auctor</strong></span> <span class='ocrx_word' id='word_1_52' title='bbox 1964 1276 2098 1321; x_wconf 76' lang='lat' dir='ltr'><strong>esse</strong></span> <span class='ocrx_word' id='word_1_53' title='bbox 2152 1252 2587 1335; x_wconf 75' lang='lat' dir='ltr'><strong>credebatur3</strong></span> <span class='ocrx_word' id='word_1_54' title='bbox 2634 1258 2872 1344; x_wconf 76' lang='lat' dir='ltr'><strong>itaque</strong></span> 
     </span>
     <span class='ocr_line' id='line_1_9' title="bbox 669 1367 2875 1460; baseline -0.001 -20"><span class='ocrx_word' id='word_1_55' title='bbox 669 1374 978 1440; x_wconf 84' lang='lat' dir='ltr'><strong>dimissus</strong></span> <span class='ocrx_word' id='word_1_56' title='bbox 1015 1368 1307 1436; x_wconf 79' lang='lat' dir='ltr'><strong>Tobiam</strong></span> <span class='ocrx_word' id='word_1_57' title='bbox 1353 1367 1741 1459; x_wconf 83' lang='lat' dir='ltr'><strong>Raugonem</strong></span> <span class='ocrx_word' id='word_1_58' title='bbox 1806 1391 2243 1438; x_wconf 82' lang='lat' dir='ltr'><strong>successorem</strong></span> <span class='ocrx_word' id='word_1_59' title='bbox 2300 1368 2549 1437; x_wconf 81' lang='lat' dir='ltr'><strong>habuit</strong></span> <span class='ocrx_word' id='word_1_60' title='bbox 2565 1419 2587 1451; x_wconf 92' lang='lat'><strong>,</strong></span> <span class='ocrx_word' id='word_1_61' title='bbox 2630 1372 2764 1460; x_wconf 83' lang='lat' dir='ltr'><strong>qni</strong></span> <span class='ocrx_word' id='word_1_62' title='bbox 2809 1382 2875 1437; x_wconf 90' lang='lat' dir='ltr'><strong>et</strong></span> 
     </span>
     <span class='ocr_line' id='line_1_10' title="bbox 671 1482 2875 1580; baseline 0 -27"><span class='ocrx_word' id='word_1_63' title='bbox 671 1490 816 1580; x_wconf 82' lang='lat' dir='ltr'><strong>ipse</strong></span> <span class='ocrx_word' id='word_1_64' title='bbox 867 1489 1134 1576; x_wconf 80' lang='lat' dir='ltr'><strong>ineptus</strong></span> <span class='ocrx_word' id='word_1_65' title='bbox 1197 1509 1333 1553; x_wconf 88' lang='lat' dir='ltr'><strong>non</strong></span> <span class='ocrx_word' id='word_1_66' title='bbox 1399 1482 1555 1575; x_wconf 87' lang='lat' dir='ltr'><strong>plus</strong></span> <span class='ocrx_word' id='word_1_67' title='bbox 1622 1485 1887 1554; x_wconf 84' lang='lat' dir='ltr'><strong>duobus</strong></span> <span class='ocrx_word' id='word_1_68' title='bbox 1928 1486 2269 1554; x_wconf 86' lang='lat' dir='ltr'><strong>mensibus</strong></span> <span class='ocrx_word' id='word_1_69' title='bbox 2331 1487 2404 1554; x_wconf 85' lang='lat' dir='ltr'><strong>in</strong></span> <span class='ocrx_word' id='word_1_70' title='bbox 2472 1487 2875 1576; x_wconf 74' lang='lat' dir='ltr'><strong>magistratu</strong></span> 
     </span>
     <span class='ocr_line' id='line_1_11' title="bbox 673 1599 2876 1696; baseline -0.001 -25"><span class='ocrx_word' id='word_1_71' title='bbox 673 1604 1068 1696; x_wconf 77' lang='lat' dir='ltr'><strong>permansit,</strong></span> <span class='ocrx_word' id='word_1_72' title='bbox 1111 1604 1233 1668; x_wconf 86' lang='lat' dir='ltr'><strong>etsi</strong></span> <span class='ocrx_word' id='word_1_73' title='bbox 1275 1623 1394 1668; x_wconf 82' lang='lat' dir='ltr'><strong>sex</strong></span> <span class='ocrx_word' id='word_1_74' title='bbox 1439 1603 1766 1672; x_wconf 75' lang='lat' dir='ltr'><strong>mensium</strong></span> <span class='ocrx_word' id='word_1_75' title='bbox 1796 1599 2110 1670; x_wconf 87' lang='lat' dir='ltr'><strong>salarium</strong></span> <span class='ocrx_word' id='word_1_76' title='bbox 2142 1601 2449 1671; x_wconf 82' lang='lat' dir='ltr'><strong>abstulit.</strong></span> <span class='ocrx_word' id='word_1_77' title='bbox 2481 1601 2876 1670; x_wconf 78' lang='lat' dir='ltr'><strong>Parmenses</strong></span> 
     </span>
     <span class='ocr_line' id='line_1_12' title="bbox 671 1716 2874 1810; baseline -0.001 -23"><span class='ocrx_word' id='word_1_78' title='bbox 671 1725 904 1810; x_wconf 86' lang='lat' dir='ltr'><strong>itaque</strong></span> <span class='ocrx_word' id='word_1_79' title='bbox 957 1720 1185 1799; x_wconf 77' lang='lat' dir='ltr'><strong>veriti,</strong></span> <span class='ocrx_word' id='word_1_80' title='bbox 1239 1742 1323 1785; x_wconf 91' lang='lat' dir='ltr'><strong>ne</strong></span> <span class='ocrx_word' id='word_1_81' title='bbox 1385 1716 1875 1786; x_wconf 82' lang='lat' dir='ltr'><strong>Mutinensium</strong></span> <span class='ocrx_word' id='word_1_82' title='bbox 1944 1716 2334 1808; x_wconf 85' lang='lat' dir='ltr'><strong>exemplum</strong></span> <span class='ocrx_word' id='word_1_83' title='bbox 2398 1729 2874 1808; x_wconf 74' lang='lat' dir='ltr'><strong>sequerentur,</strong></span> 
     </span>
     <span class='ocr_line' id='line_1_13' title="bbox 673 1833 2877 1927; baseline -0 -24"><span class='ocrx_word' id='word_1_84' title='bbox 673 1837 960 1927; x_wconf 80' lang='lat' dir='ltr'><strong>Regium</strong></span> <span class='ocrx_word' id='word_1_85' title='bbox 1026 1834 1278 1924; x_wconf 84' lang='lat' dir='ltr'><strong>legatos</strong></span> <span class='ocrx_word' id='word_1_86' title='bbox 1328 1836 1691 1913; x_wconf 89' lang='lat' dir='ltr'><strong>miserunt,</strong></span> <span class='ocrx_word' id='word_1_87' title='bbox 1734 1835 1853 1924; x_wconf 86' lang='lat' dir='ltr'><strong>qui</strong></span> <span class='ocrx_word' id='word_1_88' title='bbox 1897 1836 2079 1903; x_wconf 81' lang='lat' dir='ltr'><strong>cives</strong></span> <span class='ocrx_word' id='word_1_89' title='bbox 2126 1833 2210 1900; x_wconf 79' lang='lat' dir='ltr'><strong>ad</strong></span> <span class='ocrx_word' id='word_1_90' title='bbox 2262 1855 2495 1923; x_wconf 83' lang='lat' dir='ltr'><strong>pacem</strong></span> <span class='ocrx_word' id='word_1_91' title='bbox 2556 1834 2877 1904; x_wconf 81' lang='lat' dir='ltr'><strong>exhorta·</strong></span> 
     </span>
     <span class='ocr_line' id='line_1_14' title="bbox 672 1947 2874 2041; baseline -0.001 -19"><span class='ocrx_word' id='word_1_92' title='bbox 672 1966 923 2022; x_wconf 81' lang='lat' dir='ltr'><strong>rentur.</strong></span> <span class='ocrx_word' id='word_1_93' title='bbox 968 1954 1087 2019; x_wconf 90' lang='lat' dir='ltr'><strong>His</strong></span> <span class='ocrx_word' id='word_1_94' title='bbox 1132 1974 1517 2041; x_wconf 89' lang='lat' dir='ltr'><strong>responsum</strong></span> <span class='ocrx_word' id='word_1_95' title='bbox 1549 1963 1677 2031; x_wconf 87' lang='lat' dir='ltr'><strong>est,</strong></span> <span class='ocrx_word' id='word_1_96' title='bbox 1706 1950 2171 2018; x_wconf 77' lang='lat' dir='ltr'><strong>Par-mensibus</strong></span> <span class='ocrx_word' id='word_1_97' title='bbox 2212 1947 2564 2031; x_wconf 89' lang='lat' dir='ltr'><strong>referrent,</strong></span> <span class='ocrx_word' id='word_1_98' title='bbox 2610 1963 2874 2041; x_wconf 83' lang='lat' dir='ltr'><strong>gratam</strong></span> 
     </span>
     <span class='ocr_line' id='line_1_15' title="bbox 673 2064 2873 2157; baseline -0.001 -21"><span class='ocrx_word' id='word_1_99' title='bbox 673 2068 878 2136; x_wconf 83' lang='lat' dir='ltr'><strong>fuisse</strong></span> <span class='ocrx_word' id='word_1_100' title='bbox 919 2070 1174 2134; x_wconf 82' lang='lat' dir='ltr'><strong>civitati</strong></span> <span class='ocrx_word' id='word_1_101' title='bbox 1220 2068 1589 2135; x_wconf 88' lang='lat' dir='ltr'><strong>amicorum</strong></span> <span class='ocrx_word' id='word_1_102' title='bbox 1633 2064 2203 2146; x_wconf 80' lang='lat' dir='ltr'><strong>cohortationem,</strong></span> <span class='ocrx_word' id='word_1_103' title='bbox 2248 2087 2449 2157; x_wconf 86' lang='lat' dir='ltr'><strong>seque</strong></span> <span class='ocrx_word' id='word_1_104' title='bbox 2475 2065 2574 2135; x_wconf 85' lang='lat' dir='ltr'><strong>ob</strong></span> <span class='ocrx_word' id='word_1_105' title='bbox 2608 2079 2873 2134; x_wconf 84' lang='lat' dir='ltr'><strong>tantam</strong></span> 
     </span>
     <span class='ocr_line' id='line_1_16' title="bbox 673 2173 2874 2275; baseline -0.001 -23"><span class='ocrx_word' id='word_1_106' title='bbox 673 2207 830 2275; x_wconf 85' lang='lat' dir='ltr'><strong>erga</strong></span> <span class='ocrx_word' id='word_1_107' title='bbox 874 2205 942 2249; x_wconf 90' lang='lat' dir='ltr'><strong>se</strong></span> <span class='ocrx_word' id='word_1_108' title='bbox 986 2180 1187 2247; x_wconf 85' lang='lat' dir='ltr'><strong>fidem</strong></span> <span class='ocrx_word' id='word_1_109' title='bbox 1233 2192 1303 2247; x_wconf 87' lang='lat' dir='ltr'><strong>et</strong></span> <span class='ocrx_word' id='word_1_110' title='bbox 1346 2173 1738 2247; x_wconf 82' lang='lat' dir='ltr'><strong>charitatem</strong></span> <span class='ocrx_word' id='word_1_111' title='bbox 1769 2183 1925 2248; x_wconf 87' lang='lat' dir='ltr'><strong>satis</strong></span> <span class='ocrx_word' id='word_1_112' title='bbox 1952 2181 2262 2248; x_wconf 80' lang='lat' dir='ltr'><strong>omnibus</strong></span> <span class='ocrx_word' id='word_1_113' title='bbox 2305 2193 2733 2271; x_wconf 78' lang='lat' dir='ltr'><strong>perspectam</strong></span> <span class='ocrx_word' id='word_1_114' title='bbox 2776 2184 2874 2251; x_wconf 89' lang='lat' dir='ltr'><strong>in-</strong></span> 
     </span>
     <span class='ocr_line' id='line_1_17' title="bbox 675 2297 2872 2392; baseline 0 -24"><span class='ocrx_word' id='word_1_115' title='bbox 675 2314 905 2392; x_wconf 85' lang='lat' dir='ltr'><strong>gentes</strong></span> <span class='ocrx_word' id='word_1_116' title='bbox 955 2303 1111 2390; x_wconf 86' lang='lat' dir='ltr'><strong>ipsis</strong></span> <span class='ocrx_word' id='word_1_117' title='bbox 1173 2302 1415 2389; x_wconf 75' lang='lat' dir='ltr'><strong>gratias</strong></span> <span class='ocrx_word' id='word_1_118' title='bbox 1463 2297 1753 2379; x_wconf 86' lang='lat' dir='ltr'><strong>habere;</strong></span> <span class='ocrx_word' id='word_1_119' title='bbox 1795 2310 2138 2368; x_wconf 82' lang='lat' dir='ltr'><strong>curaturos</strong></span> <span class='ocrx_word' id='word_1_120' title='bbox 2180 2299 2464 2390; x_wconf 84' lang='lat' dir='ltr'><strong>denique</strong></span> <span class='ocrx_word' id='word_1_121' title='bbox 2505 2299 2872 2390; x_wconf 81' lang='lat' dir='ltr'><strong>Regienses</strong></span> 
     </span>
     <span class='ocr_line' id='line_1_18' title="bbox 675 2416 2873 2508; baseline -0.001 -22"><span class='ocrx_word' id='word_1_122' title='bbox 675 2434 759 2486; x_wconf 89' lang='lat' dir='ltr'><strong>nt</strong></span> <span class='ocrx_word' id='word_1_123' title='bbox 799 2420 985 2486; x_wconf 83' lang='lat' dir='ltr'><strong>brevi</strong></span> <span class='ocrx_word' id='word_1_124' title='bbox 1027 2416 1466 2507; x_wconf 78' lang='lat' dir='ltr'><strong>intelligerent</strong></span> <span class='ocrx_word' id='word_1_125' title='bbox 1512 2416 1931 2496; x_wconf 76' lang='lat' dir='ltr'><strong>Par-menses,</strong></span> <span class='ocrx_word' id='word_1_126' title='bbox 1961 2427 2294 2508; x_wconf 84' lang='lat' dir='ltr'><strong>quantum</strong></span> <span class='ocrx_word' id='word_1_127' title='bbox 2337 2416 2517 2507; x_wconf 88' lang='lat' dir='ltr'><strong>apud</strong></span> <span class='ocrx_word' id='word_1_128' title='bbox 2547 2440 2627 2484; x_wconf 85' lang='lat' dir='ltr'><strong>se</strong></span> <span class='ocrx_word' id='word_1_129' title='bbox 2660 2420 2873 2507; x_wconf 85' lang='lat' dir='ltr'><strong>gratia</strong></span> 
     </span>
     <span class='ocr_line' id='line_1_19' title="bbox 673 2531 2874 2624; baseline -0.001 -22"><span class='ocrx_word' id='word_1_130' title='bbox 673 2548 744 2602; x_wconf 88' lang='lat' dir='ltr'><strong>et</strong></span> <span class='ocrx_word' id='word_1_131' title='bbox 789 2536 1184 2602; x_wconf 88' lang='lat' dir='ltr'><strong>auctoritate</strong></span> <span class='ocrx_word' id='word_1_132' title='bbox 1226 2544 1524 2623; x_wconf 76' lang='lat' dir='ltr'><strong>possent.</strong></span> <span class='ocrx_word' id='word_1_133' title='bbox 1569 2531 1704 2600; x_wconf 87' lang='lat' dir='ltr'><strong>Sed</strong></span> <span class='ocrx_word' id='word_1_134' title='bbox 1747 2533 1930 2624; x_wconf 84' lang='lat' dir='ltr'><strong>quod</strong></span> <span class='ocrx_word' id='word_1_135' title='bbox 1951 2584 1972 2614; x_wconf 91' lang='lat'><strong>,</strong></span> <span class='ocrx_word' id='word_1_136' title='bbox 2014 2533 2477 2602; x_wconf 86' lang='lat' dir='ltr'><strong>seditiosorum</strong></span> <span class='ocrx_word' id='word_1_137' title='bbox 2531 2537 2874 2623; x_wconf 88' lang='lat' dir='ltr'><strong>potentia,</strong></span> 
     </span>
     <span class='ocr_line' id='line_1_20' title="bbox 673 2647 2879 2739; baseline -0 -23"><span class='ocrx_word' id='word_1_138' title='bbox 673 2650 957 2717; x_wconf 86' lang='lat' dir='ltr'><strong>liberam</strong></span> <span class='ocrx_word' id='word_1_139' title='bbox 1024 2653 1306 2716; x_wconf 86' lang='lat' dir='ltr'><strong>seniores</strong></span> <span class='ocrx_word' id='word_1_140' title='bbox 1371 2660 1795 2738; x_wconf 68' lang='lat' dir='ltr'><strong>potestatem.⁴</strong></span> <span class='ocrx_word' id='word_1_141' title='bbox 1840 2673 1975 2717; x_wconf 91' lang='lat' dir='ltr'><strong>non</strong></span> <span class='ocrx_word' id='word_1_142' title='bbox 2042 2647 2366 2716; x_wconf 88' lang='lat' dir='ltr'><strong>haberent</strong></span> <span class='ocrx_word' id='word_1_143' title='bbox 2383 2697 2406 2730; x_wconf 93' lang='lat'><strong>,</strong></span> <span class='ocrx_word' id='word_1_144' title='bbox 2443 2672 2580 2716; x_wconf 90' lang='lat' dir='ltr'><strong>non</strong></span> <span class='ocrx_word' id='word_1_145' title='bbox 2626 2672 2879 2739; x_wconf 77' lang='lat' dir='ltr'><strong>quam-</strong></span> 
     </span>
     <span class='ocr_line' id='line_1_21' title="bbox 674 2762 2876 2857; baseline -0.002 -24"><span class='ocrx_word' id='word_1_146' title='bbox 674 2768 966 2857; x_wconf 86' lang='lat' dir='ltr'><strong>primum</strong></span> <span class='ocrx_word' id='word_1_147' title='bbox 1013 2765 1577 2832; x_wconf 83' lang='lat' dir='ltr'><strong>tumultuantium</strong></span> <span class='ocrx_word' id='word_1_148' title='bbox 1624 2765 1856 2833; x_wconf 86' lang='lat' dir='ltr'><strong>odium</strong></span> <span class='ocrx_word' id='word_1_149' title='bbox 1901 2766 2243 2853; x_wconf 84' lang='lat' dir='ltr'><strong>extingui,</strong></span> <span class='ocrx_word' id='word_1_150' title='bbox 2284 2786 2408 2831; x_wconf 88' lang='lat' dir='ltr'><strong>nec</strong></span> <span class='ocrx_word' id='word_1_151' title='bbox 2451 2762 2666 2832; x_wconf 85' lang='lat' dir='ltr'><strong>multo</strong></span> <span class='ocrx_word' id='word_1_152' title='bbox 2710 2776 2876 2853; x_wconf 85' lang='lat' dir='ltr'><strong>post</strong></span> 
     </span>
     <span class='ocr_line' id='line_1_22' title="bbox 673 2879 2876 2973; baseline 0 -25"><span class='ocrx_word' id='word_1_153' title='bbox 673 2895 1077 2951; x_wconf 83' lang='lat' dir='ltr'><strong>conventum</strong></span> <span class='ocrx_word' id='word_1_154' title='bbox 1144 2893 1275 2963; x_wconf 89' lang='lat' dir='ltr'><strong>est,</strong></span> <span class='ocrx_word' id='word_1_155' title='bbox 1319 2906 1404 2948; x_wconf 89' lang='lat' dir='ltr'><strong>ne</strong></span> <span class='ocrx_word' id='word_1_156' title='bbox 1438 2906 1534 2948; x_wconf 80' lang='lat' dir='ltr'><strong>ex</strong></span> <span class='ocrx_word' id='word_1_157' title='bbox 1586 2881 1910 2968; x_wconf 83' lang='lat' dir='ltr'><strong>alterutra</strong></span> <span class='ocrx_word' id='word_1_158' title='bbox 1978 2881 2144 2948; x_wconf 88' lang='lat' dir='ltr'><strong>urbe</strong></span> <span class='ocrx_word' id='word_1_159' title='bbox 2209 2879 2560 2948; x_wconf 87' lang='lat' dir='ltr'><strong>exulantes</strong></span> <span class='ocrx_word' id='word_1_160' title='bbox 2629 2884 2876 2973; x_wconf 85' lang='lat' dir='ltr'><strong>capitis</strong></span> 
     </span>
     <span class='ocr_line' id='line_1_23' title="bbox 671 2997 2872 3088; baseline -0 -22"><span class='ocrx_word' id='word_1_161' title='bbox 671 3023 889 3088; x_wconf 90' lang='lat' dir='ltr'><strong>poena</strong></span> <span class='ocrx_word' id='word_1_162' title='bbox 930 3002 1002 3066; x_wconf 91' lang='lat' dir='ltr'><strong>in</strong></span> <span class='ocrx_word' id='word_1_163' title='bbox 1048 2998 1314 3066; x_wconf 85' lang='lat' dir='ltr'><strong>alterius</strong></span> <span class='ocrx_word' id='word_1_164' title='bbox 1341 2997 1528 3067; x_wconf 88' lang='lat' dir='ltr'><strong>urbis</strong></span> <span class='ocrx_word' id='word_1_165' title='bbox 1561 3000 1887 3065; x_wconf 88' lang='lat' dir='ltr'><strong>territorio</strong></span> <span class='ocrx_word' id='word_1_166' title='bbox 1922 3007 2525 3066; x_wconf 78' lang='lat' dir='ltr'><strong>commorarentur:</strong></span> <span class='ocrx_word' id='word_1_167' title='bbox 2558 2998 2647 3064; x_wconf 89' lang='lat' dir='ltr'><strong>In</strong></span> <span class='ocrx_word' id='word_1_168' title='bbox 2688 2998 2872 3065; x_wconf 86' lang='lat' dir='ltr'><strong>idem</strong></span> 
     </span>
     <span class='ocr_line' id='line_1_24' title="bbox 672 3112 2869 3199; baseline 0.001 -21"><span class='ocrx_word' id='word_1_169' title='bbox 672 3112 911 3183; x_wconf 83' lang='lat' dir='ltr'><strong>foedus</strong></span> <span class='ocrx_word' id='word_1_170' title='bbox 952 3113 1379 3199; x_wconf 75' lang='lat' dir='ltr'><strong>jurejurando</strong></span> <span class='ocrx_word' id='word_1_171' title='bbox 1411 3113 1716 3183; x_wconf 76' lang='lat' dir='ltr'><strong>adhibito</strong></span> <span class='ocrx_word' id='word_1_172' title='bbox 1749 3112 2245 3194; x_wconf 86' lang='lat' dir='ltr'><strong>Cremonenses,</strong></span> <span class='ocrx_word' id='word_1_173' title='bbox 2273 3112 2681 3195; x_wconf 83' lang='lat' dir='ltr'><strong>Placentini,</strong></span> <span class='ocrx_word' id='word_1_174' title='bbox 2717 3115 2869 3182; x_wconf 90' lang='lat' dir='ltr'><strong>Fer·</strong></span> 
     </span>
     <span class='ocr_line' id='line_1_25' title="bbox 673 3228 2935 3321; baseline 0 -26"><span class='ocrx_word' id='word_1_175' title='bbox 673 3233 1007 3317; x_wconf 79' lang='lat' dir='ltr'><strong>rarienses,</strong></span> <span class='ocrx_word' id='word_1_176' title='bbox 1032 3229 1348 3310; x_wconf 85' lang='lat' dir='ltr'><strong>Brixiani,</strong></span> <span class='ocrx_word' id='word_1_177' title='bbox 1371 3229 1838 3309; x_wconf 87' lang='lat' dir='ltr'><strong>Bononienses,</strong></span> <span class='ocrx_word' id='word_1_178' title='bbox 1868 3241 1936 3294; x_wconf 89' lang='lat' dir='ltr'><strong>et</strong></span> <span class='ocrx_word' id='word_1_179' title='bbox 1964 3228 2365 3297; x_wconf 88' lang='lat' dir='ltr'><strong>Mutinenses</strong></span> <span class='ocrx_word' id='word_1_180' title='bbox 2396 3240 2552 3297; x_wconf 87' lang='lat' dir='ltr'><strong>sunt</strong></span> <span class='ocrx_word' id='word_1_181' title='bbox 2583 3231 2871 3321; x_wconf 86' lang='lat' dir='ltr'><strong>recepti,</strong></span> <span class='ocrx_word' id='word_1_182' title='bbox 2934 3249 2935 3254; x_wconf 72' lang='grc'>’</span> 
     </span>
     <span class='ocr_line' id='line_1_26' title="bbox 677 3329 2869 3435; baseline 0 -24"><span class='ocrx_word' id='word_1_183' title='bbox 677 3367 906 3411; x_wconf 90' lang='lat' dir='ltr'><strong>omnes</strong></span> <span class='ocrx_word' id='word_1_184' title='bbox 975 3368 1089 3434; x_wconf 88' lang='lat' dir='ltr'><strong>per</strong></span> <span class='ocrx_word' id='word_1_185' title='bbox 1152 3344 1401 3434; x_wconf 85' lang='lat' dir='ltr'><strong>legatos</strong></span> <span class='ocrx_word' id='word_1_186' title='bbox 1444 3329 1791 3435; x_wconf 80' lang='lat' dir='ltr'><strong>Regienses</strong></span> <span class='ocrx_word' id='word_1_187' title='bbox 1838 3357 2270 3434; x_wconf 83' lang='lat' dir='ltr'><strong>rogaverunt,</strong></span> <span class='ocrx_word' id='word_1_188' title='bbox 2313 3355 2395 3411; x_wconf 89' lang='lat' dir='ltr'><strong>ut</strong></span> <span class='ocrx_word' id='word_1_189' title='bbox 2438 3367 2663 3413; x_wconf 89' lang='lat' dir='ltr'><strong>rursus</strong></span> <span class='ocrx_word' id='word_1_190' title='bbox 2711 3369 2869 3414; x_wconf 86' lang='lat' dir='ltr'><strong>con-</strong></span> 
     </span>
     <span class='ocr_line' id='line_1_27' title="bbox 672 3459 2864 3553; baseline 0.001 -26"><span class='ocrx_word' id='word_1_191' title='bbox 672 3459 996 3527; x_wconf 84' lang='lat' dir='ltr'><strong>ciliandae</strong></span> <span class='ocrx_word' id='word_1_192' title='bbox 1040 3461 1522 3528; x_wconf 78' lang='lat' dir='ltr'><strong>Mutinensium</strong></span> <span class='ocrx_word' id='word_1_193' title='bbox 1590 3466 1769 3553; x_wconf 87' lang='lat' dir='ltr'><strong>pacis</strong></span> <span class='ocrx_word' id='word_1_194' title='bbox 1836 3474 2134 3529; x_wconf 86' lang='lat' dir='ltr'><strong>auctores</strong></span> <span class='ocrx_word' id='word_1_195' title='bbox 2187 3485 2325 3528; x_wconf 88' lang='lat' dir='ltr'><strong>esse</strong></span> <span class='ocrx_word' id='word_1_196' title='bbox 2372 3460 2663 3543; x_wconf 80' lang='lat' dir='ltr'><strong>vellent,</strong></span> <span class='ocrx_word' id='word_1_197' title='bbox 2711 3465 2864 3553; x_wconf 85' lang='lat' dir='ltr'><strong>qui,</strong></span> 
     </span>
     <span class='ocr_line' id='line_1_28' title="bbox 674 3576 2865 3668; baseline 0.002 -27"><span class='ocrx_word' id='word_1_198' title='bbox 674 3599 956 3668; x_wconf 85' lang='lat' dir='ltr'><strong>magnae</strong></span> <span class='ocrx_word' id='word_1_199' title='bbox 1022 3581 1435 3645; x_wconf 87' lang='lat' dir='ltr'><strong>auctoritatis</strong></span> <span class='ocrx_word' id='word_1_200' title='bbox 1482 3580 1637 3645; x_wconf 84' lang='lat' dir='ltr'><strong>viris</strong></span> <span class='ocrx_word' id='word_1_201' title='bbox 1683 3577 2018 3644; x_wconf 82' lang='lat' dir='ltr'><strong>Mutinam</strong></span> <span class='ocrx_word' id='word_1_202' title='bbox 2088 3580 2330 3659; x_wconf 86' lang='lat' dir='ltr'><strong>missis,</strong></span> <span class='ocrx_word' id='word_1_203' title='bbox 2388 3576 2576 3645; x_wconf 86' lang='lat' dir='ltr'><strong>nullo</strong></span> <span class='ocrx_word' id='word_1_204' title='bbox 2645 3578 2865 3646; x_wconf 84' lang='lat' dir='ltr'><strong>officio</strong></span> 
     </span>
     <span class='ocr_line' id='line_1_29' title="bbox 671 3689 2862 3784; baseline 0.001 -27"><span class='ocrx_word' id='word_1_205' title='bbox 671 3689 1050 3761; x_wconf 84' lang='lat' dir='ltr'><strong>defuerunt.</strong></span> <span class='ocrx_word' id='word_1_206' title='bbox 1096 3691 1228 3760; x_wconf 91' lang='lat' dir='ltr'><strong>Sed</strong></span> <span class='ocrx_word' id='word_1_207' title='bbox 1271 3693 1435 3760; x_wconf 85' lang='lat' dir='ltr'><strong>dum</strong></span> <span class='ocrx_word' id='word_1_208' title='bbox 1481 3694 1572 3761; x_wconf 85' lang='lat' dir='ltr'><strong>ob</strong></span> <span class='ocrx_word' id='word_1_209' title='bbox 1616 3696 2025 3784; x_wconf 82' lang='lat' dir='ltr'><strong>gravissimas</strong></span> <span class='ocrx_word' id='word_1_210' title='bbox 2057 3691 2263 3773; x_wconf 88' lang='lat' dir='ltr'><strong>ultro,</strong></span> <span class='ocrx_word' id='word_1_211' title='bbox 2293 3696 2594 3784; x_wconf 86' lang='lat' dir='ltr'><strong>citroque</strong></span> <span class='ocrx_word' id='word_1_212' title='bbox 2633 3692 2862 3760; x_wconf 81' lang='lat' dir='ltr'><strong>illatas</strong></span> 
     </span>
     <span class='ocr_line' id='line_1_30' title="bbox 671 3807 2861 3906; baseline 0.001 -33"><span class='ocrx_word' id='word_1_213' title='bbox 671 3807 944 3891; x_wconf 83' lang='lat' dir='ltr'><strong>injurias</strong></span> <span class='ocrx_word' id='word_1_214' title='bbox 997 3813 1190 3875; x_wconf 85' lang='lat' dir='ltr'><strong>nimis</strong></span> <span class='ocrx_word' id='word_1_215' title='bbox 1257 3810 1625 3876; x_wconf 84' lang='lat' dir='ltr'><strong>exulcerati</strong></span> <span class='ocrx_word' id='word_1_216' title='bbox 1690 3809 1961 3906; x_wconf 85' lang='lat' dir='ltr'><strong>illorum</strong></span> <span class='ocrx_word' id='word_1_217' title='bbox 2027 3810 2275 3879; x_wconf 85' lang='lat' dir='ltr'><strong>civium</strong></span> <span class='ocrx_word' id='word_1_218' title='bbox 2345 3811 2549 3877; x_wconf 88' lang='lat' dir='ltr'><strong>animi</strong></span> <span class='ocrx_word' id='word_1_219' title='bbox 2616 3820 2861 3889; x_wconf 84' lang='lat' dir='ltr'><strong>essent,</strong></span> 
     </span>
     <span class='ocr_line' id='line_1_31' title="bbox 671 3907 2861 4015; baseline 0.003 -27"><span class='ocrx_word' id='word_1_220' title='bbox 671 3907 1116 4015; x_wconf 86' lang='lat' dir='ltr'><strong>obstinatique</strong></span> <span class='ocrx_word' id='word_1_221' title='bbox 1148 3926 1487 3994; x_wconf 88' lang='lat' dir='ltr'><strong>Boschetti</strong></span> <span class='ocrx_word' id='word_1_222' title='bbox 1519 3930 1915 4007; x_wconf 86' lang='lat' dir='ltr'><strong>resisterent,</strong></span> <span class='ocrx_word' id='word_1_223' title='bbox 1942 3924 2112 3992; x_wconf 89' lang='lat' dir='ltr'><strong>nihil</strong></span> <span class='ocrx_word' id='word_1_224' title='bbox 2145 3923 2310 3991; x_wconf 87' lang='lat' dir='ltr'><strong>effici</strong></span> <span class='ocrx_word' id='word_1_225' title='bbox 2344 3927 2590 4015; x_wconf 85' lang='lat' dir='ltr'><strong>potuit.</strong></span> <span class='ocrx_word' id='word_1_226' title='bbox 2633 3925 2861 4009; x_wconf 83' lang='lat' dir='ltr'><strong>Quare</strong></span> 
     </span>
     <span class='ocr_line' id='line_1_32' title="bbox 671 4042 2860 4134; baseline 0.003 -31"><span class='ocrx_word' id='word_1_227' title='bbox 671 4062 899 4105; x_wconf 84' lang='lat' dir='ltr'><strong>earum</strong></span> <span class='ocrx_word' id='word_1_228' title='bbox 941 4042 1212 4109; x_wconf 88' lang='lat' dir='ltr'><strong>urbium</strong></span> <span class='ocrx_word' id='word_1_229' title='bbox 1258 4046 1600 4112; x_wconf 87' lang='lat' dir='ltr'><strong>communi</strong></span> <span class='ocrx_word' id='word_1_230' title='bbox 1652 4066 1976 4111; x_wconf 88' lang='lat' dir='ltr'><strong>consensu</strong></span> <span class='ocrx_word' id='word_1_231' title='bbox 2025 4053 2356 4109; x_wconf 86' lang='lat' dir='ltr'><strong>statutum</strong></span> <span class='ocrx_word' id='word_1_232' title='bbox 2398 4053 2536 4124; x_wconf 89' lang='lat' dir='ltr'><strong>est,</strong></span> <span class='ocrx_word' id='word_1_233' title='bbox 2578 4067 2665 4110; x_wconf 90' lang='lat' dir='ltr'><strong>ne</strong></span> <span class='ocrx_word' id='word_1_234' title='bbox 2709 4045 2860 4134; x_wconf 78' lang='lat' dir='ltr'><strong>quis</strong></span> 
     </span>
     <span class='ocr_line' id='line_1_33' title="bbox 670 4155 2856 4251; baseline 0.002 -27"><span class='ocrx_word' id='word_1_235' title='bbox 670 4155 762 4224; x_wconf 85' lang='lat' dir='ltr'><strong>eis</strong></span> <span class='ocrx_word' id='word_1_236' title='bbox 803 4157 1128 4226; x_wconf 78' lang='lat' dir='ltr'><strong>auxilium</strong></span> <span class='ocrx_word' id='word_1_237' title='bbox 1175 4158 1420 4239; x_wconf 80' lang='lat' dir='ltr'><strong>ferret3</strong></span> <span class='ocrx_word' id='word_1_238' title='bbox 1465 4160 1555 4229; x_wconf 87' lang='lat' dir='ltr'><strong>ob</strong></span> <span class='ocrx_word' id='word_1_239' title='bbox 1599 4159 1670 4229; x_wconf 82' lang='lat' dir='ltr'><strong>id</strong></span> <span class='ocrx_word' id='word_1_240' title='bbox 1717 4159 1819 4229; x_wconf 90' lang='lat' dir='ltr'><strong>illi</strong></span> <span class='ocrx_word' id='word_1_241' title='bbox 1863 4161 2047 4251; x_wconf 85' lang='lat' dir='ltr'><strong>gravi</strong></span> <span class='ocrx_word' id='word_1_242' title='bbox 2106 4159 2375 4246; x_wconf 84' lang='lat' dir='ltr'><strong>injuria&#39;</strong></span> <span class='ocrx_word' id='word_1_243' title='bbox 2413 4182 2485 4228; x_wconf 87' lang='lat' dir='ltr'><strong>se</strong></span> <span class='ocrx_word' id='word_1_244' title='bbox 2552 4183 2594 4229; x_wconf 84' lang='lat' dir='ltr'><strong>a</strong></span> <span class='ocrx_word' id='word_1_245' title='bbox 2660 4159 2856 4231; x_wconf 83' lang='lat' dir='ltr'><strong>sociis</strong></span> 
     </span>
    </p>
   </div>
  </div>
 </body>
</html>
