2950 5017
696 402 782 469 52
1427 415 1666 463 nanum
1709 413 2123 462 metensium

692 551 800 610 tot
847 540 1148 632 gentium
1211 548 1282 606 et
1332 549 1708 629 temporum
1773 539 2098 608 varietate
2163 538 2610 606 commutatis
2625 586 2649 618 ,
2707 537 2890 607 nobis

690 655 946 748 liquido
990 680 1120 724 non
1167 665 1471 745 apparet.
1517 654 1747 735 Forte,
1791 653 1915 721 ubi
1958 676 2138 722 nuno
2180 651 2484 722 Maereda
2527 665 2881 723 vetustum

690 796 933 841 nomen
1000 774 1274 853 retinet,
1316 769 1554 853 fuisse,
1595 794 1732 839 non
1777 762 2061 839 absurde
2115 767 2384 838 defendi
2447 782 2726 859 posset.
2772 768 2887 837 Eos

697 889 991 979 Campos
1018 889 1244 956 erebra
1272 889 1757 978 negotiantium
1788 889 2209 955 mercimonia
2236 887 2728 967 nobilitarunt,
2749 908 2884 953 cum

697 1005 995 1096 undique
1020 987 1511 1073 'mercatoribus
1556 1005 1642 1071 ad
1684 1000 2059 1095 frequentes
2111 1003 2441 1071 nundinas
2481 1004 2886 1072 convenien-

689 1121 873 1189 tibus
901 1123 1255 1212 quotannis
1297 1119 1555 1187 celebre
1602 1116 1824 1190 forum
1868 1119 1967 1186 ibi
2010 1117 2212 1188 fuisse
2254 1118 2496 1188 Strabo
2541 1120 2878 1185 meminit.

687 1235 1044 1307 Caeterum
1075 1235 1350 1303 Petilius
1388 1235 1556 1302 dum
1598 1234 1919 1304 Balistam
1951 1247 2279 1316 montem,
2323 1247 2393 1302 et
2434 1235 2746 1302 Laetum
2791 1256 2883 1302 oe-

689 1374 936 1443 eupare
963 1354 1229 1433 nititur,
1258 1350 1488 1419 missili
1519 1349 1830 1436 trajectus
1859 1351 2201 1419 occubuit.
2244 1350 2325 1418 Id
2367 1362 2522 1419 ante
2566 1353 2729 1441 ipse
2770 1349 2877 1417 sihi

690 1471 1025 1538 ominatus
1069 1463 1324 1547 fuerat,
1351 1467 1472 1556 qui
1486 1515 1507 1547 ,
1536 1464 1828 1556 ambigui
1838 1467 1994 1558 tatis
2023 1465 2208 1534 verbi
2254 1468 2638 1547 immemor,
2684 1465 2877 1551 jaeta-

692 1584 965 1653 bundus
1027 1605 1108 1652 eo
1172 1582 1278 1649 die
1342 1604 1413 1649 se
1471 1579 1763 1650 Laetum
1828 1593 2187 1672 capturum
2251 1580 2566 1671 gloriatus
2640 1557 2876 1647 fuerat.

689 1699 1004 1791 Pugnans
1046 1699 1409 1778 exereitus,
1452 1700 1613 1765 eum'
1649 1695 1866 1764 adhue
1895 1696 2206 1766 Consulis
2247 1719 2475 1765 casum
2517 1699 2876 1788 ignoraret,

692 1817 997 1907 quinque
1039 1810 1344 1881 millibus
1374 1812 1700 1902 Ligurum
1732 1814 1988 1893 occisis,
2016 1814 2242 1880 omnia
2271 1836 2501 1882 eorum
2545 1814 2875 1882 montium

691 1932 853 2021 juga
896 1927 1138 1997 bellios
1165 1931 1417 1996 virtute
1445 1931 1802 2017 superavit.
1848 1929 1991 1995 Hae
2034 1925 2303 1996 funesta
2343 1930 2627 1997 victoria
2672 1928 2869 1998 omnis

693 2046 998 2135 Gallicus
1027 2044 1536 2135 Ligustiousque
1565 2044 1901 2113 tumultus
1940 2069 2081 2115 non
2123 2068 2365 2138 magno
2392 2049 2668 2138 negotio
2708 2043 2870 2113 brevi

695 2173 797 2231 est
838 2163 1114 2253 sopitus.
1929 2151 1932 2154 ’

833 2276 1163 2369 Sequenti
1205 2261 1482 2344 anno⁴in
1511 2274 1775 2347 Gallico
1816 2256 2077 2347 nostrae
2105 2280 2480 2369 provinciae
2509 2302 2696 2369 agro,
2724 2273 2867 2343 dum

710 2405 1012 2464 araretur
1030 2444 1051 2476 ,
1093 2392 1222 2460 sub
1266 2389 1477 2482 glebis
1530 2395 1743 2482 pisces
1793 2417 2032 2484 magno
2080 2394 2371 2485 prodigio
2416 2399 2753 2463 emersisse
2789 2390 2871 2457 di-

696 2523 973 2579 cuntur.
1016 2509 1400 2578 Posterioris
1431 2508 1670 2576 deinde
1708 2513 2019 2601 temporis
2062 2507 2325 2582 saeculo
2368 2523 2648 2580 eentum
2690 2529 2868 2602 prope

696 2628 888 2695 annis
930 2623 1158 2693 Gallia
1201 2623 1541 2714 Cisalpina
1583 2627 1654 2693 in
1700 2628 1908 2695 otiosa
1949 2613 2113 2717 paee
2132 2678 2155 2710 ,
2193 2628 2321 2696 sub
2363 2626 2776 2697 Consulibus
2811 2632 2868 2689 et

696 2729 1205 2813 Proconsulibus
1251 2741 1711 2810 administrata
1733 2793 1753 2825 ,
1783 2766 1942 2810 oum
1969 2743 2137 2811 nihil
2170 2743 2600 2815 memorabile
2630 2753 2866 2836 gestum

699 2856 905 2927 fuisse
967 2859 1331 2949 reperiatur
1350 2909 1373 2941 ,
1439 2883 1669 2929 eorum
1736 2862 1940 2926 etiam
2007 2864 2281 2928 nomina
2347 2855 2432 2929 ad
2498 2859 2865 2930 evitandum

700 2976 1003 3044 taedium
1045 2977 1521 3067 praetereunda
1563 2999 1698 3043 esse
1741 2978 1985 3045 censui.
2030 2976 2212 3044 Illud
2245 2988 2469 3046 tamen
2501 2973 2866 3047 ommitten-

701 3093 869 3161 dum
911 3118 1047 3161 non
1091 3089 1264 3173 fuit,
1306 3092 1488 3182 quod
1531 3095 1788 3182 regione
1831 3105 2086 3175 nostra,
2132 3106 2213 3162 ut
2253 3094 2623 3186 plurimum
2672 3119 2715 3161 a
2751 3112 2864 3159 sea·

706 3209 1006 3276 tentibus
1062 3206 1420 3298 paludibus
1458 3204 1832 3275 deformata
1855 3258 1875 3290 ,
1926 3211 2025 3274 ita
2089 3221 2170 3277 ut
2234 3210 2389 3278 inde
2454 3234 2771 3303 magnum
2806 3209 2863 3271 in

610 3324 616 3330 ’
705 3323 1070 3391 Thuseiam
1113 3323 1430 3390 transiens
1472 3321 1770 3389 Annibal
1823 3326 2162 3415 negotium
2211 3327 2519 3395 habuerit
2538 3378 2558 3409 ,
2603 3326 2863 3395 Scaurus

704 3439 1011 3505 deductis
1055 3461 1141 3504 ex
1184 3437 1377 3507 Pado.
1409 3461 1626 3528 usque
1663 3441 1735 3506 in
1766 3439 2219 3509 Parmensium
2265 3465 2496 3533 agrum
2539 3439 2865 3513 latioribus

711 3554 797 3622 ad
837 3553 1284 3646 navigandum
1329 3557 1673 3623 emissariis
1717 3559 2091 3646 stagnantia
2119 3556 2264 3626 loca
2302 3561 2690 3646 exsiccavit.
2731 3556 2867 3622 Fos-

707 3694 861 3747 sam,
896 3693 1047 3737 eam
1093 3693 1232 3739 esse
1292 3669 1590 3761 plerique
1660 3675 2049 3761 opinantur,
2112 3673 2304 3760 eujus
2370 3676 2577 3741 etiam
2619 3678 2863 3742 vetusta

706 3785 902 3855 hodie
944 3788 1221 3877 vestigia
1262 3798 1610 3876 apparent,
1667 3767 1750 3854 et*
1788 3812 1960 3879 quae
2014 3782 2243 3879 postea
2292 3788 2642 3880 navigandi
2688 3803 2863 3854 usum

708 3902 1044 3993 praebuit.
1087 3902 1220 3970 Sed
1262 3927 1399 3994 quo
1443 3928 1617 3974 anno
1667 3902 1848 3973 faeta
1899 3904 2102 3974 fuerit
2155 3929 2288 3976 non
2339 3917 2628 3976 constat.
2674 3894 2861 3971 Aliud

709 4021 913 4086 etiam
963 4022 1034 4087 in
1078 4018 1339 4090 Galliae
1381 4020 1761 4111 Cisalpinae
1819 4022 2134 4095 honorem
2203 4034 2575 4103 tentatum,
2626 4023 2870 4088 exitum
2915 4045 2916 4048 ¹

711 4139 923 4208 sortiri
987 4162 1121 4209 non
1186 4141 1428 4231 potuit.
1498 4139 1676 4210 Cum
1743 4142 1918 4210 enim
1984 4164 2064 4209 ea
2128 4151 2315 4208 extra
2380 4137 2647 4209 Italiam
2712 4151 2859 4228 qnae
