2950 5017
721 405 810 486 42
942 421 947 427 ·
1462 424 1698 468 nauum
1740 423 2155 484 nacmusmu

718 540 1162 623 crediderant,
1206 540 1412 622 Boiis,
1455 541 1843 611 Insubribus
1886 554 1956 610 et
1995 543 2390 626 Cenomanis
2430 565 2498 610 se
2542 543 2909 628 conjunxe

604 687 607 692 ·
661 653 666 658 ’
720 672 891 726 rant.
939 657 1073 725 Sed
1121 658 1238 725 ubi
1280 658 1648 726 Minutium
1678 662 1748 726 in
1780 660 2115 750 Liguriam
2160 657 2575 756 profectum,
2604 674 2684 727 et
2713 685 2909 727 suun

724 797 955 865 agrum
1001 775 1323 842 devastari
1366 775 1510 843 Boii
1552 776 2047 856 intellexerunt,
2090 774 2330 844 relictis
2365 779 2595 856 sociis,
2619 811 2624 817 ·
2648 778 2744 843 ad
2798 801 2909 844 sua

720 893 1012 959 tutanda
1068 896 1441 983 properanti
1487 896 1749 981 agmine
1792 905 1950 962 sunt
1993 895 2261 961 reversi.
2305 892 2484 962 Cum
2529 892 2681 960 aliis
2731 917 2906 961 vero

716 1011 833 1097 qui
864 1032 1058 1098 super
1085 1009 1315 1074 Mincii
1356 1010 1570 1075 amnis
1614 1010 1785 1098 ripas
1830 1003 2277 1090 consederant,
2323 1031 2709 1099 congressus
2744 1010 2909 1082 Cor·

716 1125 928 1192 nelius
972 1125 1219 1193 Consul
1275 1129 1541 1215 triginta
1582 1129 1881 1215 quinque
1948 1125 2247 1192 millibus
2311 1125 2608 1194 hostium
2664 1130 2909 1207 caesis,

715 1245 1009 1333 quinque
1052 1240 1299 1322 millia,
1348 1253 1418 1308 et
1459 1246 1902 1332 septingentos
1946 1267 2100 1311 cum
2133 1241 2462 1309 Amilcare
2494 1243 2758 1323 Poeno,
2793 1248 2909 1333 qui

606 1441 612 1448 .
713 1357 965 1455 bellum
1011 1363 1468 1441 suscitaverat,
1499 1358 1775 1426 feliciter
1806 1362 2005 1454 cepit.
2051 1360 2376 1425 Minutius
2406 1383 2704 1450 quoque,
2736 1385 2909 1427 nou-

717 1475 921 1542 nullis
988 1476 1241 1564 oppidis
1285 1477 1354 1542 in
1400 1476 1754 1564 Liguribus
1806 1478 2242 1566 expugnatis,
2294 1498 2371 1541 ac
2423 1475 2740 1542 omnibus
2811 1480 2909 1543 cis

714 1592 969 1658 Padurn
1020 1603 1273 1681 praeter
1302 1591 1494 1661 Boios
1522 1592 1842 1673 subactis,
1887 1591 2182 1660 hostiurn
2225 1614 2458 1680 agrurn
2503 1595 2751 1681 passim
2806 1606 2909 1658 est

713 1707 1094 1798 populatus.
1141 1707 1275 1775 Sed
1319 1723 1474 1775 cum
1507 1711 1683 1806 ipsos
1727 1708 1811 1774 ad
1853 1730 1975 1775 sua
2001 1705 2419 1774 defendenda
2445 1729 2733 1776 reversos
2768 1732 2909 1775 esse

715 1826 1002 1907 audiret,
1023 1828 1162 1892 acie
1192 1849 1346 1892 cum
1379 1827 1570 1894 hoste
1591 1824 2039 1892 dimicandum
2072 1817 2276 1906 ratus,
2300 1828 2530 1892 castris
2553 1848 2625 1891 se
2657 1828 2906 1892 tenuit.

711 1941 857 2008 Nec
903 1964 1196 2031 pugnam
1229 1941 1373 2010 Boii
1403 1956 1593 2008 erant
1620 1941 2069 2021 detrectaturi,
2098 1941 2213 2007 sed
2246 1953 2326 2007 ut
2353 1943 2561 2008 victos
2592 1940 2904 2007 Insubres

713 2070 1203 2146 cognoverunt,
1234 2057 1487 2123 viribus
1518 2054 1709 2148 diffisi
1727 2107 1745 2137 ,
1779 2056 1862 2122 ad
1892 2079 2043 2124 suos
2071 2059 2322 2145 quique
2365 2058 2541 2125 vicos
2588 2056 2904 2123 tutandos

710 2196 780 2242 se
825 2186 1242 2262 receperunt3
1286 2175 1381 2239 ita
1427 2184 1508 2238 ut
1551 2171 1718 2239 nihil
1766 2171 1948 2238 aliud
1979 2195 2020 2237 a
2047 2172 2336 2240 Minutio
2384 2184 2638 2261 praeter
2682 2148 2899 2261 popuss

711 2288 997 2357 lationes
1058 2303 1282 2368 actum
1336 2287 1972 2358 fuerit.'Cornelius
2016 2302 2447 2378 septuagenos
2502 2312 2671 2356 asses
2724 2291 2899 2355 inter

712 2407 986 2488 milites,
1038 2406 1290 2496 duplex
1342 2409 1589 2497 equiti,
1657 2421 1725 2473 et
1794 2406 2040 2496 triplex
2083 2389 2472 2474 centurioni
2524 2405 2775 2477 divisit:
2826 2410 2890 2473 in

665 2516 1058 2612 'triumpho
1137 2547 1226 2589 ex
1289 2521 1637 2590 Gallorum
1706 2515 1932 2613 spoliis
1958 2573 1977 2603 ,
2044 2526 2205 2589 aeris
2271 2510 2562 2589 ducenta
2627 2523 2891 2610 ,triginta

711 2653 964 2729 septem
1011 2640 1228 2706 millia
1277 2633 1356 2706 et'
1398 2620 1827 2730 quingentos,
1886 2639 2137 2729 argenti
2204 2639 2412 2728 bigati
2478 2642 2890 2730 septuaginta

710 2734 951 2826 novem
984 2757 1193 2825 millia
1223 2760 1516 2848 speciosa
1560 2782 1806 2848 pompa
1853 2755 2191 2847 praetulit.
2238 2757 2565 2842 Minutius
2612 2780 2762 2825 vero
2809 2781 2888 2823 ex

711 2874 954 2963 praeda
999 2878 1164 2942 aeris
1193 2874 1486 2942 ducenta
1516 2877 2000 2966 quinquaginta
2032 2856 2324 2963 quatuor
2355 2872 2605 2955 millia,
2648 2853 2887 2963 argenti

691 2990 922 3080 -bigati
953 2994 1454 3080 quinquaginta·
1483 2993 1607 3057 tria
1653 2988 1891 3070 millia,
1923 3005 2000 3059 ¹et
2043 3010 2122 3056 oc
2165 2991 2233 3055 in
2280 2990 2533 3057 aerario
2572 2989 2882 3074 condidit,

714 3119 784 3171 et
849 3107 1028 3171 idem
1081 3107 1259 3196 quod
1329 3107 1587 3195 collega
1652 3106 1983 3173 militibus
2029 3105 2340 3174 donavit.
2401 3106 2609 3173 Lucio
2657 3105 2883 3172 deinde

710 3216 1396 3310 Furio'Purpurione,
1457 3235 1528 3287 et
1578 3222 1801 3288 Mario
1843 3221 2129 3290 Claudio
2187 3221 2503 3290 Marcello
2570 3222 2651 3288 ad
2717 3224 2882 3290 subi-

712 3315 994 3426 gendam
1037 3337 1360 3425 reliquam
1407 3336 1707 3404 Galliam
1753 3340 2169 3417 transmissis,
2212 3339 2581 3408 Corolanus
2623 3339 2879 3428 regulus

717 3468 936 3521 castra
991 3455 1394 3540 munientem
1443 3445 1837 3523 Marcellum
1892 3443 2255 3546 repentino
2282 3434 2537 3547 impetu
2596 3457 2886 3539 adortus,

721 3570 936 3670 tribus
980 3569 1131 3637 fere·
1164 3571 1465 3638 millibus
1529 3571 1876 3647 hominum
1946 3572 2337 3655 interfectis,
2403 3576 2471 3640 in
2528 3576 2882 3664 propinqua

713 3685 1019 3767 castella,
1065 3691 1373 3777 vicosque
1433 3708 1592 3754 curn
1657 3691 1790 3755 suis
1858 3690 2167 3757 exultans
2212 3681 2492 3757 recessit.
2538 3688 2880 3757 Marcellus

713 3802 838 3868 hac
885 3802 1066 3869 clade
1112 3817 1411 3892 accepta,
1441 3793 1590 3893 post
1636 3804 1893 3895 aliquot
1939 3807 2077 3872 dies
2123 3809 2191 3871 in
2236 3805 2568 3886 Insubres,
2609 3807 2721 3894 qui
2762 3806 2880 3871 sibi

713 3914 1070 3987 Comenses
1141 3919 1585 4005 adjunxerant
1613 3973 1631 4001 ,
1685 3920 2012 4012 profectus
2040 3973 2058 4003 ,
2112 3922 2546 4013 quadraginta
2597 3902 2876 3988 millibus

715 4034 1008 4109 hostium
1055 4036 1340 4105 secundo
1401 4034 1652 4127 praelio
1696 4042 1920 4136 caesis,
1964 4041 2283 4127 insignem
2331 4039 2670 4107 victoriam
2708 4031 2876 4106 retu·-

588 4197 592 4201 -
712 4148 829 4231 lit;
874 4150 1107 4239 deinde
1152 4155 1379 4221 castris
1423 4177 1650 4223 eorum
1699 4157 2096 4244 expugnatis
2148 4177 2302 4220 cum
2357 4156 2558 4223 etiam
2600 4151 2870 4222 Comum
