2950 5017
928 441 1128 489 mna
1173 442 1470 499 omarus
2167 428 2300 510 243

69 577 246 633 erat
271 584 452 655 quae
480 562 843 630 Brennonis
885 560 1255 630 dicebatur.
1302 561 1413 631 Ex
1455 562 1562 631 bis
1605 585 1762 630 eum
1807 562 1980 630 duae
2028 575 2299 634 tantum

65 687 334 749 timore
362 678 908 747 caesarianorum
951 660 1464 769 proscriptorum
1497 700 1709 770 usque
1741 679 1828 746 ad
1853 702 2009 747 eum
2045 700 2301 749 annum

63 798 490 885 patuissent,
524 805 755 884 postea
798 796 1099 884 &quenti
1145 817 1367 862 mense
1411 795 1622 882 majo,
1652 805 1915 884 praeter
1940 820 2090 862 eam
2118 820 2293 886 quae

62 912 254 980 Divi
303 911 530 979 Cosmi
587 909 1084 1001 appellabatur,
1130 910 1299 978 aliae
1357 932 1591 979 omnes
1657 923 1921 1000 apertae
1989 910 2296 980 fuerant.

65 1024 227 1093 Sed
275 1025 482 1095 bodie
523 1026 751 1094 Pontis
794 1026 1087 1107 Livonii,
1130 1038 1201 1092 et
1246 1025 1614 1094 Brennonis
1658 1026 1875 1094 Portis
1921 1027 2301 1110 obstructis,

65 1152 391 1232 quatuor
456 1154 726 1209 tantum
793 1144 1075 1209 utimur.
1143 1141 1484 1233 Septima,
1528 1166 1702 1233 quae
1756 1142 1987 1211 Sancti
2030 1145 2302 1211 Nazarii

66 1257 486 1339 dicebatur,
525 1258 611 1324 ad
658 1261 822 1325 arcis
867 1269 1138 1326 tantum
1185 1281 1381 1326 usum
1431 1260 1746 1326 habetur.
1778 1258 2100 1327 Gibertus
2143 1282 2303 1328 vero

67 1373 455 1464 corrigias,
499 1377 618 1463 qui
662 1373 1066 1460 jamdudum
1116 1375 1200 1441 ad
1230 1374 1700 1466 Guelphorum
1753 1389 1970 1466 partes
2016 1376 2307 1444 descive-

67 1502 218 1571 rat,
267 1502 340 1557 et
383 1515 427 1557 a
475 1492 853 1581 proceribus
898 1492 1268 1561 Cremonae
1315 1496 1563 1560 accitus
1633 1494 1829 1584 pleno
1898 1494 2044 1580 ejus
2112 1495 2306 1561 urbis

70 1609 374 1697 imperio
415 1609 669 1696 potitus
698 1620 864 1689 erat,
895 1606 1015 1674 ubi
1046 1608 1595 1676 caesarianorum
1627 1610 1916 1688 invidia,
1944 1632 2011 1677 se
2058 1632 2300 1698 parum

78 1735 326 1788 tutum
371 1723 577 1804 vidit,
621 1746 770 1791 eam
814 1726 1155 1790 civitatem
1224 1748 1384 1791 suae
1422 1725 1761 1792 ¹libertati
1806 1727 2133 1791 restituit:
2181 1747 2307 1790 nec

77 1836 321 1904 multo
363 1850 510 1927 post
537 1837 824 1906 Rolandi
857 1839 1073 1905 Roscii
1120 1838 1409 1908 factione
1458 1865 1500 1908 a
1542 1841 1799 1917 Joanne
1830 1841 2103 1923 Quirico
2138 1838 2305 1906 San·-

81 1950 284 2021 vitali
328 1976 567 2041 genero
611 1957 827 2043 patria
867 1954 1186 2044 expulsus
1218 1954 1739 2025 Guardasonum
1787 1980 1857 2023 se
1902 1957 2189 2045 recepit3
2236 1967 2307 2021 et

78 2068 239 2135 inde
305 2073 502 2136 sociis
568 2072 637 2135 in
705 2069 1039 2137 auxilium
1086 2074 1341 2139 voeatis
1384 2072 1667 2139 Parmae
1735 2073 1992 2139 bellum
2042 2071 2298 2139 intulit.

83 2184 345 2252 Contra
375 2184 706 2252 Gibellini
752 2188 1040 2253 nominis
1086 2187 1469 2255 Parmenses
1502 2188 1846 2256 Matthaeo
1880 2188 2305 2268 vicecomiti,

85 2300 399 2391 Canique
448 2299 809 2389 Scaligero,
877 2315 944 2367 et
1013 2302 1351 2371 Passerino
1425 2302 1682 2373 foedere
1750 2305 2127 2390 conjuncti,
2176 2301 2303 2370 Re-

86 2420 349 2505 gienses
393 2417 761 2485 sollicitare
805 2442 939 2486 non
980 2418 1424 2500 desistebant,
1454 2434 1538 2487 ut
1567 2425 1943 2511 proscriptis
1987 2424 2306 2488 restitutis

88 2557 239 2601 suas
312 2548 540 2624 partes
585 2547 1038 2624 sequerentur.
1087 2536 1182 2602 At
1231 2539 1444 2617 cives,
1492 2541 1610 2626 qui
1658 2537 1916 2604 Giberti
1963 2560 2159 2625 opera
2206 2561 2306 2602 re-

89 2664 358 2741 ceptam
405 2651 792 2717 libertatem
842 2674 978 2718 esse
1024 2657 1492 2734 meminerant,
1535 2677 1667 2721 non
1717 2653 1914 2721 modo
1962 2678 2093 2721 non
2125 2651 2306 2719 defe-

92 2779 355 2848 cerunt,
386 2768 497 2833 sed
532 2768 618 2832 ad
653 2791 806 2833 eum
855 2770 1056 2833 etiam
1091 2770 1161 2834 in
1195 2772 1482 2857 patriam
1526 2767 2012 2834 restituendum
2055 2766 2305 2855 legatos

95 2883 406 2951 Parmam
441 2887 801 2951 miserunt:
838 2898 907 2950 et
937 2884 1117 2973 quod
1154 2907 1500 2975 nunquam
1540 2896 1737 2950 antea
1769 2881 2023 2949 factum
2055 2880 2302 2962 fuerat,

102 2998 188 3064 ad
237 3003 460 3090 ingens
506 2999 980 3067 declarandum
1031 3005 1238 3069 totius
1284 3003 1575 3070 civitatis
1612 3001 1939 3079 studium,
1972 2999 2304 3089 cujusque

101 3119 258 3183 artis
306 3141 546 3207 corpus
594 3118 678 3184 ad
722 3118 986 3207 singula
1030 3120 1328 3206 ejusdem
1379 3116 1642 3185 artificii
1694 3115 2000 3184 sodalitia
2043 3116 2135 3184 ob
2176 3118 2303 3183 im-

99 3232 497 3321 petrandum
546 3232 803 3301 homini
852 3236 1144 3301 reditum
1217 3237 1513 3326 proprios
1580 3246 1867 3302 oratores
1919 3232 2301 3301 destinavit.

97 3350 179 3416 Hi
221 3354 298 3418 in
345 3350 639 3441 publicis
682 3350 981 3441 hospitiis
1026 3352 1480 3421 Parmensium
1554 3354 1869 3442 impensis
1942 3348 2301 3419 honorifice

101 3472 399 3559 excepti,
430 3467 859 3558 praevalente
890 3469 1412 3539 adversariorum
1443 3473 1770 3561 potentia,
1804 3467 1976 3535 nihil
2005 3468 2301 3537 obtinere

101 3595 491 3670 potuerunt.
540 3585 674 3653 Alii
722 3607 761 3651 a
806 3584 1282 3675 Papiensibus,
1328 3587 1713 3654 Mantuanis
1734 3636 1753 3667 ,
1799 3583 2301 3652 Mediolanensi-

101 3697 247 3782 bus,
297 3701 855 3783 Bononiensibus,
899 3703 1396 3772 Veronensibus
1440 3717 1509 3770 et
1552 3701 1988 3793 Regiensibus
2044 3698 2297 3789 legatos

105 3819 322 3885 missos
351 3815 556 3885 fuisse
601 3819 921 3901 scribunt,
955 3832 1033 3886 ut
1066 3820 1392 3911 populum
1428 3820 1509 3886 ad
1541 3820 1916 3886 libertatem
1939 3868 1958 3899 ,
1992 3828 2061 3883 et
2091 3813 2300 3881 Guel-

104 3929 304 4017 phum
350 3958 596 4026 nomen
652 3937 1144 4026 suscipiendum
1201 3937 1646 4004 hortarentur.
1696 3933 1898 4025 Apud
1944 3933 2298 4022 Regienses

107 4068 248 4118 vero
295 4051 780 4135 Dinatianum,
810 4079 962 4121 cum
997 4055 1401 4145 quibusdam
1445 4053 1766 4135 castellis,
1810 4075 1984 4142 quae
2028 4049 2114 4118 ad
2157 4047 2296 4115 Ca·

107 4162 258 4235 belli
304 4170 517 4260 ripam
564 4194 765 4267 prope
796 4173 1106 4241 Castrum
1140 4174 1540 4242 Arianorum
1583 4175 1710 4240 sita
1752 4180 1967 4252 erant,
1998 4166 2291 4237 saxolus
