2950 5017
983 451 1185 500 man
1229 452 1477 497 saxrus
2040 505 2044 510 ,
2198 439 2331 527 427

36 575 244 645 bus
294 573 623 667 primum,
668 584 737 642 et
783 572 1184 658 Tassonibus
1249 598 1481 643 eorum
1550 576 1837 644 inimicis
1902 576 2165 667 prodita
2232 594 2334 645 est

45 696 543 783 conspiratio.
589 689 875 761 Eosdem
938 704 1164 760 motus
1226 695 1436 760 etiam
1431 691 1754 823 Gurges
1799 718 1840 760 a
1884 693 2166 763 Caesare
2208 697 2335 763 Mi-

47 806 442 878 randulae
508 806 894 906 praefectus
945 821 1270 889 senserat,
1312 808 1427 875 sed
1431 775 1756 876 Massini
1801 811 2033 877 Furnii
2080 812 2334 893 verbis,

51 927 232 1015 qui
287 924 471 992 alam
514 927 846 1022 equitum
841 923 1181 1013 Alphonsi
1210 923 1544 1006 ducebat,
1577 949 1849 993 omnem
1893 928 2335 1017 suspicionem

55 1041 539 1131 deposuerat.
582 1040 869 1118 Joannes
913 1039 1253 1130 Baptista,
1296 1039 1419 1107 ubi
1465 1037 1594 1122 fres
1662 1043 1941 1112 minime
2005 1043 2337 1111 secundae

61 1168 608 1248 successerunt,
631 1157 805 1224 dum
837 1155 1288 1226 Nuvolariam·
1325 1157 1413 1238 ad
1458 1158 1785 1236 Joannem
1830 1158 2106 1228 Petrum
2150 1160 2338 1229 Gon-

67 1297 353 1366 zagam
398 1274 773 1353 contendit,
827 1276 893 1341 in
942 1272 1181 1343 Solerii
1229 1267 1521 1364 hospitio
1573 1271 1711 1343 fere
1765 1275 2076 1345 hostibus
2136 1277 2337 1344 tradi-

71 1404 227 1460 tus
271 1402 412 1458 est:
457 1390 613 1458 inde
657 1390 907 1481 Carpos
952 1387 1186 1481 fugam
1232 1394 1584 1482 arripiens,
1627 1393 1754 1460 nisi
1797 1415 1869 1460 se
1911 1393 2117 1459 etiam
2165 1391 2338 1459 cele-

77 1511 275 1577 riter
332 1509 805 1590 subtraxisset,
859 1531 899 1575 a
943 1507 1336 1590 Boccalino‚
1402 1513 1524 1600 qui
1562 1508 1842 1600 oppido
1907 1531 2066 1578 eum
2132 1512 2340 1600 copiis

81 1623 493 1718 praefectus
547 1637 724 1707 erat,
768 1624 1033 1694 Alberti
1084 1626 1189 1693 Pii
1250 1627 1438 1712 jussu
1503 1638 1740 1717 eaptus
1809 1624 2067 1695 fuisset.
2112 1626 2340 1696 Ceteri
2370 1705 2392 1726 s

87 1744 263 1831 ejus
308 1744 469 1812 socii
509 1744 586 1810 in
629 1742 904 1811 vincula
948 1742 1279 1843 conjecti,
1323 1742 1503 1811 solus
1546 1744 1887 1812 Antonius
1917 1731 2130 1811 Maria
2161 1744 2342 1813 Fou-

87 1858 443 1941 tanellus,
485 1861 605 1951 qui
664 1859 797 1927 Piis
862 1863 1183 1949 sanguine
1249 1859 1654 1947 conjunctus
1721 1871 1867 1927 erat
1880 1911 1903 1942 ,
1954 1857 2338 1928 humaniter

91 1988 217 2045 est
261 1986 618 2044 tractatus.
665 1974 802 2043 Sed
854 2000 987 2045 non
1042 1974 1262 2044 multo
1329 1989 1484 2066 post
1550 1975 1809 2045 auxilio
1868 1975 2336 2058 mulierculae,

94 2117 297 2185 quae
324 2113 539 2161 unum
572 2096 993 2183 captivorum
1022 2092 1392 2182 deperibat,
1422 2094 1669 2183 apertis
1697 2093 2076 2164 carceribus
2104 2115 2338 2162 omnes

95 2208 403 2279 feliciter
447 2222 825 2292 evaserunt,
870 2234 950 2278 ac
991 2209 1470 2290 Nuvolariam,
1502 2233 1641 2300 quo
1687 2232 1757 2278 se
1800 2222 2002 2286 antea
2046 2212 2338 2290 Joannes

98 2328 425 2418 Baptista
486 2349 642 2395 cum
691 2327 985 2396 Antonio
1029 2327 1244 2394 Maria
1286 2325 1694 2395 Fontanello
1750 2339 2123 2417 receperat,
2177 2351 2340 2395 curn

101 2456 389 2513 amante
429 2440 685 2512 femina
728 2444 1101 2512 incolumes
1144 2457 1613 2534 pervenerunt.
1658 2444 1934 2513 Mulieri
1983 2469 2104 2535 pro
2150 2468 2340 2535 prae-

101 2566 316 2629 stitae
359 2586 597 2652 operae
642 2564 960 2651 praemio,
981 2563 1218 2651 ‘pactis
1260 2565 1544 2651 nuptiis,
1575 2574 1803 2652 postea
1849 2560 2017 2628 fides
2062 2572 2166 2630 est
2209 2585 2341 2629 ser-

108 2691 301 2748 vata.
346 2678 572 2749 Media
615 2703 772 2748 vero
816 2679 1064 2769 hyeme
1109 2679 1321 2770 glacie
1365 2691 1441 2746 et
1480 2681 1635 2747 nive
1679 2678 2055 2768 rigentibus
2110 2682 2338 2760 terris,

109 2795 323 2862 iidem
354 2793 713 2865 Nicolaum
746 2795 1156 2863 Calcaneum
1202 2807 1273 2861 et
1315 2795 1695 2863 Robertum
1739 2793 2172 2876 Messorium,
2216 2797 2338 2885 qui

113 2913 498 3003 Aguignam
542 2911 941 2994 everterant,
985 2914 1267 2980 occisuri
1313 2911 1603 3002 Regium
1648 2913 1970 2991 veniunt3
2015 2909 2132 2979 sed
2176 2934 2338 2979 cum

112 3031 253 3098 sine
297 3028 599 3121 periculo
640 3028 759 3096 diu
801 3031 870 3095 in
919 3027 1086 3096 urbe
1128 3050 1267 3096 esse
1310 3051 1446 3096 non
1491 3038 1789 3118 possent,
1833 3026 2028 3096 nulla
2072 3050 2144 3096 re
2191 3037 2340 3094 ten-

117 3158 265 3214 tata
308 3158 738 3214 recesserunt.
782 3144 887 3215 Eo
931 3145 1039 3212 die
1082 3143 1465 3213 Gozadinus
1521 3140 1696 3213 forte
1755 3144 1998 3212 Parma
2041 3156 2338 3220 reverte-

115 3263 348 3344 batur,
376 3265 496 3354 qui
525 3263 647 3330 ubi
679 3264 1076 3352 proscriptos
1119 3264 1191 3328 in
1236 3260 1407 3329 urbe
1453 3263 1695 3330 versari
1738 3259 2124 3343 intellexit,
2154 3259 2338 3330 ultra

114 3379 422 3474 progredi
464 3405 597 3449 non
645 3402 879 3460 ausus,
924 3378 1138 3446 donec
1181 3400 1295 3447 eos
1340 3379 1691 3445 excessisse
1736 3376 2036 3457 audivit,
2078 3379 2165 3447 in
2201 3373 2340 3444 me-

115 3498 231 3566 dio
297 3498 530 3565 itinere
595 3496 923 3564 subsistit.
971 3496 1213 3564 Postea
1269 3519 1430 3562 cum
1473 3496 1729 3574 Joaune
1774 3494 1974 3562 Petro
2018 3493 2338 3584 Gonzaga

119 3638 241 3705 per
305 3612 601 3703 legatum
661 3624 1061 3703 conquestus
1095 3625 1266 3694 -est,
1322 3611 1513 3702 quod
1563 3611 1899 3682 Ecclesiae
1965 3610 2184 3680 hostes
2206 3659 2226 3684 ‚
2270 3622 2340 3675 et

121 3730 594 3823 perduellionis
651 3730 1036 3810 damnatos,
1061 3734 1212 3820 -qui
1276 3729 1522 3810 urbem
1587 3730 1847 3818 imperii
1914 3739 1984 3795 et
2048 3728 2336 3817 patriam

123 3848 398 3939 prodere
443 3847 836 3928 voluissent,
864 3860 1096 3916 contra
1135 3845 1516 3926 clientelae,
1540 3856 1610 3911 et
1640 3845 1997 3934 aequitatis
2039 3843 2191 3929 jura
2237 3861 2338 3909 re·

127 3968 354 4056 cipiat.
412 3964 673 4032 Deinde
727 3967 1127 4031 auctoritate
1173 3964 1470 4051 rescripti
1515 3957 1879 4043 Pontificii,
1924 3960 2108 4051 quod
2156 3982 2339 4025 acce-

125 4094 337 4173 perat,
382 4081 830 4148 anathematis
875 4104 1088 4170 poena
1133 4083 1444 4170 imperat,
1474 4089 1558 4144 ut
1596 4101 1706 4145 eos
1748 4077 1881 4145 sibi
1928 4076 2182 4156 tradat,
2212 4087 2337 4139 aut

126 4223 166 4268 a
214 4223 339 4269 sua
381 4197 632 4268 saltem
687 4198 940 4268 ditione
995 4197 1247 4285 ejiciat.
1294 4195 1653 4287 Gonzagus
1692 4216 1766 4266 se
1810 4194 2142 4272 Caesaris,
2195 4214 2335 4264 non
