2950 5017
909 406 1111 453 nm
1155 407 1429 454 ‘raa-mn
2128 397 2254 485 ⁸95

55 521 408 594 auxil'mm
451 523 837 616 implerant.
881 523 984 594 Eo
1027 549 1265 595 manus
1311 527 1858 598 mercenariorum
1887 529 2187 600 militum
2215 557 2261 602 a

51 640 514 731 Regiensibus
575 653 676 706 est
740 642 974 721 missa,
1018 663 1191 729 quae
1249 640 1780 725 Mutinensibus,
1824 622 2258 730 Placentinis,

53 757 576 840 Parmensibus,
627 768 699 824 et
748 757 1132 827 Mantuanis
1189 757 1554 843 conjuncta
1595 759 1900 830 adversus
1943 764 2264 834 Mediola-

53 895 302 942 nense·
329 872 622 941 secundo
649 871 897 963 praelio
925 876 1274 962 pugnavit.
1319 873 1613 942 Domum
1662 899 1824 965 pace
1867 882 1938 945 iu
1981 892 2263 949 centum

53 1013 282 1059 annos
327 1011 485 1056 cum
533 988 639 1055 bis
679 985 963 1055 urbibus
1008 986 1225 1067 facta,
1269 999 1675 1056 conventum
1717 1002 1847 1072 est,
1889 1005 1968 1061 ut
2012 999 2261 1085 captivi
2312 997 2317 1002 ’

51 1107 388 1194 utrinque
438 1101 897 1182 redderentur,
937 1113 1007 1169 et
1052 1101 1364 1170 Turriani
1407 1125 1567 1169 cum
1612 1100 1984 1173 fautoribus
2026 1117 2260 1177 earum

59 1218 328 1288 finibus
369 1230 775 1289 arcerentur.
821 1218 1004 1287 Inter
1045 1217 1166 1287 hos
1209 1217 1577 1301 tumultus,
1620 1231 1806 1288 mota
1858 1223 2106 1309 majore
2149 1248 2264 1292 ara

63 1335 310 1427 templi
365 1335 533 1404 Divi
575 1335 867 1423 Prosperi
911 1358 955 1402 a
998 1333 1291 1403 Castello
1355 1357 1599 1424 corpus
1642 1337 1995 1404 inventum
2057 1335 2263 1406 fuisse

59 1452 358 1532 dicitur3
389 1452 575 1542 quod
605 1454 675 1518 in
707 1473 864 1517 arca
903 1473 990 1518 ex
1032 1472 1360 1518 marmore
1406 1450 1689 1518 candido
1718 1451 2000 1521 vinculis
2042 1450 2265 1522 ferreis

65 1570 428 1635 constricta
470 1566 854 1635 bombicina
898 1589 1119 1656 panno
1162 1565 1543 1634 involutum
1590 1577 1756 1633 erat.
1799 1567 1953 1634 Alia
1991 1592 2262 1660 quoquc

67 1684 302 1753 arcula
329 1708 506 1775 quae
534 1682 906 1774 fragmenta
950 1683 1114 1773 ligni
1157 1686 1328 1750 carie
1367 1685 1607 1751 corrosi
1645 1685 2026 1751 continebat
2056 1709 2265 1776 prope

69 1814 336 1891 reperta
380 1798 578 1868 fuisse
619 1798 851 1868 fertur.
897 1798 1078 1872 Cum
1123 1799 1294 1867 illud
1348 1799 1441 1866 D.
1490 1795 1787 1889 Prosperi
1836 1823 2070 1890 corpus
2126 1823 2266 1871 esso

69 1917 545 2007 divulgaretur,
576 1924 839 2007 gravem
871 1940 1030 1984 cum
1064 1914 1398 1985 Guidotto
1443 1903 1590 2001 ejus
1619 1916 1851 2006 templi
1882 1917 2261 2008 Praeposito

73 2031 456 2100 Gulielmus
499 2032 865 2123 Lupicinus
922 2032 1012 2099 D.
1067 2031 1360 2122 Prosperi
1403 2032 1640 2100 Abbas
1691 2031 1885 2099 litem
1931 2038 2261 2103 exercuit.

73 2149 371 2240 Sequens
444 2173 692 2232 annus,
733 2173 871 2241 quo
933 2151 1228 2217 Lazarus
1289 2148 1372 2215 de
1438 2149 1704 2218 Lazaris
1751 2149 1939 2239 Regii
1996 2152 2265 2221 Praetor

73 2262 234 2346 fuit,
282 2268 388 2334 vir
439 2267 714 2355 iniquus
777 2276 850 2331 et
914 2264 1330 2356 reipublicae
1395 2264 1726 2333 benorum
1793 2265 2111 2355 direptor,
2159 2278 2263 2336 tot

78 2405 300 2450 erucas
346 2381 617 2463 attulit,
660 2382 842 2472 quod
885 2405 1233 2471 nunquam
1279 2383 1633 2449 hominum
1677 2385 1995 2451 memoria
2038 2381 2259 2466 fuere,

83 2521 251 2590 quae
295 2501 594 2581 arbores,
621 2511 704 2567 ut
732 2498 950 2566 media
980 2498 1217 2587 hyeme
1247 2502 1537 2589 conspici
1566 2499 1816 2580 solent,
1849 2504 2042 2568 erosis
2074 2499 2261 2568 ‘fron-

81 2615 275 2683 dibus
293 2667 315 2697 ,
355 2616 822 2683 denudaruntz
868 2615 1152 2704 denique
1196 2614 1555 2703 absumpto
1603 2613 1887 2704 pabulo,
1937 2616 2059 2680 ubi
2114 2639 2263 2681 esca

83 2729 352 2812 defecit,
377 2731 595 2799 inedia
623 2728 962 2800 confectae
992 2742 1406 2799 corruerunt.
1435 2729 1763 2796 Tonitrua
1794 2749 2064 2818 quoque
2094 2731 2261 2798 adeo

87 2844 412 2912 horrenda
446 2844 630 2913 fuere
672 2856 756 2913 ut
799 2849 1036 2913 timore
1066 2845 1363 2935 plerique
1394 2843 1770 2911 ceciderint.
1816 2844 2014 2909 Cives
2057 2847 2262 2911 nostri

87 2961 217 3027 sub
260 2961 328 3027 id
383 2974 643 3053 tempus
700 2961 962 3029 Alberti
1018 2961 1384 3029 Gliadrotti
1446 2959 1723 3027 aedibus
1786 2982 1988 3049 prope
2053 2959 2261 3029 soah:

87 3074 322 3166 palatii
361 3080 625 3168 emptis,
656 3077 739 3144 ad
769 3076 1232 3145 custodiendos
1274 3087 1495 3145 sontes
1536 3095 1742 3141 novos
1784 3096 2067 3141 carceres
2108 3098 2267 3141 con-

91 3193 416 3275 diderunt,
447 3208 520 3262 et
550 3196 985 3276 emissarium,
1015 3193 1196 3284 quod
1223 3217 1337 3284 per
1365 3192 1669 3259 meffium
1700 3187 1919 3258 forum
1948 3195 2264 3274 excurrit,

87 3307 468 3378 effoderunt.
516 3310 638 3377 Per
680 3308 946 3378 eosdem
994 3309 1131 3376 dies
1173 3308 1403 3375 Petrus
1445 3309 1615 3396 regis
1658 3304 2013 3374 Gallorum
2055 3304 2263 3373 frater

91 3427 458 3495 inauditum
529 3425 787 3496 facinus
851 3426 1115 3496 ulturus
1183 3450 1341 3494 cum
1406 3427 1662 3515 magnis
1727 3427 1929 3515 copiis
1980 3424 2263 3513 Regium

87 3545 275 3612 venit.
320 3543 568 3614 carolo
608 3548 787 3613 euim
833 3556 1072 3636 patruo
1119 3542 1418 3612 Siciliam
1462 3554 1733 3609 tenente
1774 3540 1983 3608 Siculi
2029 3540 2264 3608 Gallo-'-

89 3677 223 3725 rum
289 3661 676 3750 superbiam
752 3684 834 3729 ac
903 3660 1253 3727 libidinem
1322 3660 1504 3725 exosi
1522 3708 1543 3739 ,
1608 3656 1861 3734 Ioanne
1926 3654 2263 3742 Prochyta

94 3789 376 3858 auctore,
425 3781 499 3846 in
544 3800 766 3868 regem
831 3778 1370 3865 conjuraverant,
1414 3776 1702 3866 dataque
1747 3776 1928 3864 prius
1973 3775 2262 3839 invicem

93 3905 478 3984 acceptaque
517 3892 651 3962 fide
695 3918 851 3963 cum
904 3897 1197 3985 primum
1245 3914 1664 3982 vesperarum
1718 3893 2013 3958 sonitum
2076 3885 2266 3954 audi*

93 4025 248 4087 vere,
297 4008 487 4079 nullo
529 4032 749 4092 sexus,
795 4013 1119 4079 aetatisve
1163 4010 1537 4078 discrimine
1568 4005 1823 4086 habito,
1855 4025 2082 4073 omnes
2113 4002 2262 4070 ubi-

97 4141 213 4208 que
255 4126 340 4192 ad
385 4150 599 4195 uuum
645 4125 877 4194 Gallos
929 4126 1376 4200 trucidarunt:
1426 4148 1505 4192 ac
1552 4148 1636 4193 ne
1679 4120 1925 4194 Gallici
1977 4120 2264 4189 nominis
