2950 5017
906 413 1102 458 mssa
1146 411 1419 458 'ran'rms
2122 397 2244 478 143

61 557 223 603 anno
253 553 631 601 uocxxnv
661 543 853 600 tanta
880 532 1137 622 hyemis
1170 537 1482 622 asperitas
1514 530 1680 612 fuit,
1707 543 1788 600 ut
1828 530 2059 623 frigore
2094 533 2249 602 ada-

57 661 274 741 pertae
323 651 470 716 sint
522 649 803 728 arbores,
850 653 921 714 et
964 647 1232 739 plurimi
1277 652 1477 715 etiam
1524 634 1821 717 homines
1859 651 2244 718 interierint.

185 764 292 833 Eo
353 777 501 831 tem
506 788 660 853 pore
725 764 1095 834 Fridericns
1139 766 1203 832 11
1269 764 1585 853 Gregorio
1628 765 1726 830 IX
1784 764 2086 833 Pontifici
2149 769 2250 833 in-

55 879 305 961 sensus,
353 893 442 948 ut
490 880 708 970 plures
751 884 817 946 in
865 903 1015 947 suas
1062 893 1276 970 partes
1319 882 1597 970 populos
1641 881 1949 963 traheret,
1992 886 2062 949 in
2112 883 2248 950 Ita-

57 997 214 1064 liam
262 998 486 1065 venit:
535 998 637 1063 vir
681 1019 766 1062 ex
811 998 1088 1065 Henrico
1133 996 1495 1065 AEnobarbi
1536 995 1702 1077 filio,
1739 1009 1806 1063 et
1848 997 2241 1066 Constantia

61 1135 343 1181 monaca
419 1122 642 1178 natus.
710 1110 1046 1179 Tancredo
1110 1115 1285 1177 enim
1353 1111 1641 1201 Apuliae
1707 1135 1854 1201 rege
1921 1114 2251 1181 tributum

65 1226 381 1294 ecclesiae
425 1225 867 1315 negligentius
910 1226 1227 1307 solvente,
1271 1227 1580 1294 Clemens
1618 1225 2078 1294 Constantiam
2121 1228 2255 1297 Ro-

67 1346 224 1433 gerii
266 1343 566 1433 Apuliae
610 1347 772 1431 regis
828 1354 1055 1410 natam
1107 1343 1247 1428 jam
1303 1325 1934 1433 quinquagenariam
1954 1394 1973 1425 ,
2025 1356 2093 1410 et
2135 1345 2260 1412 Pa·-

69 1460 277 1525 normi
309 1457 696 1547 religionem
734 1456 1116 1546 professam,
1144 1458 1458 1525 caenobio
1490 1461 1805 1538 extraxit,
1841 1460 2258 1548 Henricoque

75 1577 510 1642 matrimonio
565 1574 951 1660 conjunxit,
995 1576 1114 1663 qui
1157 1573 1471 1664 Apuliam
1526 1574 1714 1643 velut
1764 1574 2054 1642 dotalem
2108 1574 2260 1641 ade-

75 1702 260 1778 ptus,
301 1701 533 1780 postea
575 1667 980 1757 Fridericum
1025 1691 1279 1779 genuit.
1351 1689 1414 1756 Is
1473 1691 1549 1757 in
1607 1692 1847 1778 graecis
1908 1690 2263 1780 latinisque

77 1802 292 1890 literis
334 1804 666 1885 eruditus,
709 1827 791 1871 ac
815 1804 1238 1873 diversorum
1278 1803 1687 1872 idiomatum
1720 1806 2013 1896 peritus,
2056 1806 2262 1871 etiam

79 1920 278 1984 armis
323 1918 594 2001 claruit,
623 1920 740 1987 sed
776 1919 1276 2009 voluptatibus,
1316 1942 1396 1986 ac
1440 1919 1707 1986 libidini
1746 1941 1943 2009 supra
1986 1920 2261 1988 modum

79 2032 340 2101 deditus
382 2036 758 2123 epicuream
802 2037 1012 2103 vitam
1043 2035 1319 2103 coluisse
1350 2033 1636 2102 creditus
1664 2046 1799 2115 est,
1830 2026 2040 2123 usque
2064 2034 2263 2118 adeo,

82 2162 160 2216 ut
195 2152 584 2220 sacerdotiis
653 2152 935 2221 abutens
1005 2177 1136 2221 non
1204 2175 1417 2242 panea
1484 2152 1736 2243 templa
1779 2155 2108 2220 everterit.
2153 2151 2266 2219 Em

81 2267 290 2354 prima
327 2267 619 2358 conjuge
664 2268 1093 2350 Constantia,
1120 2269 1437 2337 Castiliae
1481 2273 1648 2360 regis
1693 2293 1937 2350 sorore,
1974 2271 2266 2358 'suscepit

85 2381 445 2450 Henricurn
464 2434 485 2463 ,
513 2397 585 2451 et
612 2407 697 2451 ex
725 2384 1026 2467 Jolanta,
1063 2384 1331 2462 ‚loannis
1374 2386 1761 2453 Brennensis
1804 2385 2269 2454 Hierosolimo*

87 2517 228 2563 mm
259 2501 428 2588 regis
461 2496 630 2580 filia,
657 2500 1050 2581 Cori-adnm,
1092 2525 1178 2568 ex
1221 2501 1507 2568 Isabella
1534 2505 1700 2590 regis
1731 2501 2011 2591 Angliae
2052 2523 2266 2569 sorore

87 2610 438 2682 nemum
479 2612 751 2682 Siciliae
791 2638 1041 2704 regem,
1072 2619 1188 2705 qui
1229 2617 1719 2702 juvenis-obiit,
1748 2635 1916 2705 quos
1946 2618 2268 2683 continuo

90 2725 310 2795 ordine
335 2728 790 2799 Romanorum
836 2754 1013 2819 reges
1056 2755 1276 2798 creare
1302 2735 1585 2809 curavit,
1616 2729 1811 2798 illum
1846 2730 2270 2810 Germaniae,

91 2836 272 2907 hnc
309 2843 576 2912 Italiae:
624 2844 740 2912 alii
782 2844 1019 2913 volunt
1073 2845 1258 2912 hunc
1303 2846 1727 2925 Germaniae,
1773 2844 1968 2911 illum
2038 2843 2272 2910 Italiae

95 2975 318 3042 regem
355 2959 786 3048 appellatum.
831 2959 1190 3026 Naturales
1221 2984 1377 3028 vero
1412 2961 1815 3026 Fridericum
1852 2958 2271 3038 Antiochiae,

95 3081 164 3136 et
203 3068 476 3139 Entimn
511 3073 857 3143 Sardiniae
900 3098 1160 3165 regem,-
1202 3099 1280 3142 ac
1325 3073 1750 3143 Manfredum
1781 3074 2054 3141 Tarenti
2098 3077 2274 3164 prin·-

96 3186 308 3273 εἰμι
347 3186 610 3257 habuit.
641 3191 790 3257 Hac
821 3190 1004 3279 prole
1025 3191 1316 3282 aliisque
1346 3215 1566 3258 rerum
1597 3191 2001 3257 successibus
2035 3189 2275 3269 elatus,

96 3304 412 3389 superatis
461 3303 768 3393 alpibns,
809 3305 930 3372 diu
971 3309 1041 3373 in
1087 3307 1398 3374 Hetruria
1463 3318 1567 3374 est
1627 3317 2106 3386 commoratus,
2151 3327 2275 3374 neo

101 3414 300 3485 ulum
348 3421 418 3486 ei
461 3423 873 3509 provinciae,
916 3421 1028 3489 sed
1069 3436 1140 3488 et
1183 3426 1310 3490 toti
1353 3423 1629 3489 demum
1674 3422 1910 3489 Italiae
1958 3422 2275 3488 ultimam

102 3535 440 3617 perniciem
485 3534 741 3604 attulit.
788 3535 1131 3627 Siquidem
1157 3536 1433 3605 diversis
1467 3540 1802 3603 suscitatis
1844 3534 2275 3615 factionibus,

101 3648 206 3733 qui
243 3648 570 3716 Pontifici
612 3652 1068 3720 adhaerebant
1092 3651 1420 3741 Guelphi‚
1448 3656 1569 3742 qui
1612 3675 1769 3720 vero
1814 3654 2278 3740 imperatorem

105 3765 540 3850 oeqnebantnr
592 3766 916 3836 Gibellini
971 3771 1222 3850 vocati,
1277 3768 1687 3857 implacabili
1753 3767 1904 3835 odio
1972 3778 2280 3834 cruentas

107 3876 267 3946 rixas
309 3880 437 3948 diu
489 3896 945 3952 exercuerunt.
1014 3885 1316 3951 Primum
1375 3884 1793 3951 Pistorienses
1859 3882 2028 3949 haec
2093 3883 2280 3949 labes

106 3993 368 4078 invasit,
416 3999 597 4088 apud
655 4023 821 4089 quos
879 4000 1271 4069 cancellarii
1322 4026 1363 4069 a
1407 4001 1797 4070 ¹Pantiaticis
1852 4000 2017 4066 urbe
2082 3999 2281 4086 ejecti

107 4127 168 4174 δὲ
213 4109 595 4203 Gnelphos,
639 4115 1034 4186 adversarios
1093 4140 1249 4187 vero
1291 4116 1665 4188 Gibellinos
1707 4115 2055 4196 dixerunt,
2102 4112 2282 4205 quod
