2950 5017
780 401 866 464 28
1520 416 1753 462 annum
1796 415 2210 462 ancmrmtm

776 539 971 604 criter
1012 534 1322 602 adauxit.
1363 534 1656 604 Consilio
1699 539 1877 603 enim
1906 535 2333 615 Pontificum,
2359 537 2475 624 qui
2513 558 2611 603 eo
2663 534 2851 604 mod(

781 650 965 719 libris
1022 651 1349 740 sybillinis
1398 652 1632 718 urbem
1686 651 2078 741 expiandam
2131 650 2472 731 dicebant,
2528 649 2807 720 Gallus

778 779 850 836 et
879 767 1077 836 Galla
1106 765 1354 836 femina
1397 791 1553 834 cum
1597 767 1870 835 muliere
1901 767 2153 836 Graeca
2182 767 2384 835 simul
2412 770 2482 834 in
2514 769 2716 836 Foro
2750 768 2852 836 Bo

781 886 924 953 vivi
968 882 1206 953 defossi
1247 884 1329 952 (¹)
1370 884 1786 975 implacabile
1831 885 2289 966 ,Romanorum
2336 886 2405 951 in
2450 884 2709 952 Gallos
2757 884 2853 951 od:

775 1000 1118 1070 ostendisse
1145 1001 1562 1069 videbantur.
1586 1002 2012 1092 Quamquam
2036 1001 2166 1069 alio
2197 1011 2491 1090 tempore
2508 1013 2681 1090 post
2715 999 2853 1067 clat'

777 1116 958 1206 apud
1010 1115 1272 1183 Cannas
1338 1128 1676 1206 acceptam
1742 1116 1811 1182 id
1874 1118 2219 1205 contigisse
2284 1117 2513 1183 Livius
2567 1110 2672 1182 (ὃ)
2736 1139 2853 1205 pro

775 1232 1189 1301 Horrendum
1232 1231 1360 1300 boc
1405 1230 1661 1299 factum
1718 1232 1837 1299 ubi
1896 1231 1978 1298 ad
2031 1231 2341 1300 Boiorum
2398 1254 2595 1298 aures
2648 1254 2853 1321 perve

774 1346 913 1433 jam
959 1346 1127 1414 nihil
1172 1347 1544 1414 humanum
1591 1371 1630 1413 a
1681 1369 1878 1415 saevo
1936 1345 2125 1414 hoste
2179 1360 2520 1437 expectare
2582 1369 2813 1435 posse,

774 1486 992 1529 mere:
1040 1486 1108 1530 se
1162 1463 1347 1531 velut
1406 1463 1653 1531 hostias
1718 1465 1995 1529 immani
2046 1460 2309 1530 feritate
2362 1486 2478 1552 pro
2535 1465 2776 1551 gentis
2832 1485 2855 1529 t

773 1578 1045 1671 publico
1088 1583 1394 1662 mactari3
1441 1603 1596 1646 eum
1639 1580 1779 1666 jam
1823 1603 1954 1647 non
1999 1582 2277 1669 imperio
2323 1591 2766 1660 contentum,
2816 1578 2855 1645 C·

771 1694 980 1763 licum
1022 1699 1406 1786 sanguinem
1451 1698 1671 1775 sitire3
1717 1698 1844 1762 nisi
1908 1695 2183 1762 obviam
2237 1706 2448 1776 eatur,
2494 1718 2563 1761 se
2613 1718 2763 1763 non
2808 1718 2855 1782 ag

773 1812 971 1879 modo
1026 1814 1283 1878 eunctis
1335 1835 1659 1892 cessuros,
1718 1811 1828 1877 sed
1900 1806 2105 1877 furori
2159 1812 2552 1876 immanium
2610 1809 2850 1878 homin

773 1925 1066 2011 objectos
1123 1927 1453 2016 pecudum
1508 1950 1692 1994 more
1762 1924 2213 1993 trucidandos.
2268 1926 2444 1992 Haec
2510 1924 2857 1994 vociferat]

774 2065 949 2111 anno
1000 2042 1087 2109 ab
1138 2043 1303 2109 urbe
1348 2043 1542 2111 cond.
1587 2045 2108 2134 quingentesimo
2170 2045 2481 2132 vigesimo
2530 2067 2720 2112 nono
2766 2045 2857 2108 sin

771 2155 1083 2239 Senones,
1124 2158 1293 2239 Boii,
1339 2171 1407 2225 et
1449 2158 1753 2225 Insubres
1799 2162 2195 2248 conspirant.
2230 2158 2485 2227 Verum
2514 2182 2684 2225 cum
2716 2158 2857 2225 Ron

770 2298 1008 2344 norum
1040 2278 1372 2365 potentiae
1401 2278 1679 2365 impares
1707 2299 1778 2344 se
1808 2276 2168 2356 crederent,
2222 2286 2401 2343 trans
2439 2275 2624 2366 alpes
2690 2276 2857 2364 legat

771 2415 857 2459 ne
901 2369 1095 2458 missa
1136 2391 1673 2482 Congolitanum,
1719 2403 1789 2458 et
1824 2392 2261 2476 ,Aneroestem
2307 2391 2671 2460 Gallorum
2748 2413 2856 2479 reg

772 2506 1069 2598 aliosque
1109 2509 1251 2594 ejus
1278 2512 1652 2599 provinciae
1683 2508 1766 2575 ad
1795 2509 2193 2577 Rhodanum
2225 2509 2602 2576 habitantes
2636 2506 2859 2599 popul·

772 2633 844 2689 et
885 2623 1217 2705 Gessatas,
1259 2646 1543 2713 quorum
1587 2622 1817 2713 lingua
1859 2624 2160 2691 mercede
2206 2623 2562 2690 militantes
2594 2628 2697 2689 ita
2731 2644 2859 2711 app

769 2735 1021 2819 lantur,
1066 2739 1150 2806 ad
1192 2738 1446 2805 bellum
1495 2751 1723 2807 contra
1767 2738 2098 2807 Romanos
2151 2739 2509 2828 gerendum
2553 2759 2859 2828 magnort

767 2858 1206 2946 praemiorum
1247 2879 1363 2945 spe
1405 2854 1787 2923 sollicitant.
1847 2855 1956 2922 Illi
2021 2859 2276 2945 ingenti
2335 2858 2599 2943 opimae
2671 2850 2859 2943 praed

767 2992 883 3060 spe
925 2971 1147 3038 allecti
1193 2984 1379 3040 tanto
1422 2984 1745 3061 apparatu
1798 2983 2145 3052 venerunt,
2198 2983 2279 3038 ut
2331 2994 2684 3059 nunquam
2730 2989 2859 3055 neq

768 3087 1041 3172 majore,
1083 3111 1296 3176 neque
1341 3086 1649 3155 validiore
1694 3089 1985 3153 exercitu
2029 3090 2098 3153 in
2143 3087 2410 3153 Italiam
2456 3085 2650 3153 Galli.
2687 3085 2859 3150 desce

768 3200 1004 3267 derint.
1072 3201 1215 3269 Hoc
1279 3202 1516 3267 nuntio
1580 3200 1864 3266 Romam
1923 3199 2198 3289 perlato,
2258 3200 2568 3282 Senatus,
2624 3212 2708 3267 ut
2755 3210 2859 3263 tan

768 3315 943 3382 hosti
985 3319 1340 3396 resisteret,
1389 3315 1572 3404 prius
1615 3338 1771 3382 cum
1824 3314 2485 3405 Carthaginensibus,
2540 3317 2859 3406 quibuseu

766 3431 1025 3500 bellum
1044 3433 1334 3522 gerebat,
1355 3430 1615 3500 foedere
1646 3456 1971 3522 percusso,
1996 3436 2308 3503 universis
2333 3434 2588 3501 viribus
2610 3437 2681 3502 in
2713 3425 2859 3497 Gal]

766 3549 1095 3615 incubuit.
1141 3549 1243 3616 Ac
1286 3561 1367 3616 ut
1409 3549 1861 3635 subjectorum
1906 3550 2309 3640 populorum
2356 3553 2520 3618 vires
2564 3548 2859 3639 explorat

767 3666 1043 3733 baberet
1085 3690 1169 3734 ex
1211 3666 1408 3734 Italia
1449 3665 1712 3734 delectu
1758 3668 2197 3759 undequaque
2225 3667 2455 3736 habito
2486 3669 2787 3736 omnium
2828 3682 2859 3725 c

767 3786 1056 3874 piarum,
1099 3807 1271 3874 quae
1311 3787 1454 3873 cogi
1485 3795 1846 3875 potuerunt
1873 3808 2227 3853 numerum
2258 3784 2342 3851 ad
2371 3807 2441 3852 se
2469 3781 2688 3852 referri
2715 3777 2859 3868 jussi

838 4042 922 4112 (ι)
953 4042 1173 4096 Plutarc.
1205 4043 1264 4095 iu
1298 4042 1533 4099 Marcell.

843 4136 924 4206 (a)
955 4135 1070 4189 Lib.
1104 4154 1152 4204 a,
1187 4135 1291 4190 dcc·
1328 4137 1374 4189 3.
