2950 5017
905 412 1107 458 marn
1154 411 1446 467 omarus
2138 392 2269 483 359

80 543 382 614 abiectae
415 540 733 607 civitates
762 536 1049 604 diversas
1087 548 1308 627 partes
1350 544 1805 624 sequerentur,
1834 534 2265 601 Franciscum

80 658 357 729 sfortiam
390 652 930 724 Mediolanenses
963 650 1328 743 appellant,
1361 663 1441 717 ut
1469 650 1704 718 iisdem
1734 652 2080 741 propositis
2110 673 2269 718 con-

80 776 416 846 litionibus
437 821 462 854 ,
512 794 689 864 quae
735 793 776 838 a
819 769 1133 860 Philippo
1181 767 1450 838 oblatae
1494 766 1796 850 fuerant,
1842 767 2025 834 urhis
2070 765 2269 835 liber-

81 905 250 960 atem
293 891 487 957 tueri
525 886 715 956 velit.
758 887 824 953 Is
861 889 990 953 etsi
1022 885 1269 953 durum
1301 884 1657 953 videbatur
1700 887 1795 951 eis
1838 907 2091 975 parere,
2121 887 2272 974 qui-

80 1031 204 1091 vus,
247 1019 331 1075 ut
373 1004 699 1086 dicebat,
741 1003 1067 1093 imperare
1110 1003 1476 1085 debuisset,
1520 1024 1642 1094 pro
1697 1014 2078 1093 temporum
2125 1015 2273 1070 tan-

80 1126 197 1193 lem
240 1122 633 1193 conditione
699 1123 996 1210 ipsorum
1064 1120 1471 1211 stipendium
1541 1131 1811 1188 secutus
1864 1118 2272 1190 Cremonam

80 1264 178 1310 iac
202 1263 316 1331 spe
348 1238 734 1320 contendit,
782 1249 863 1304 ut
906 1241 960 1306 si
1005 1234 1275 1306 fortuna
1319 1237 1446 1305 sibi
1494 1236 1831 1320 arrideret,
1863 1238 2062 1306 rebus
2092 1262 2273 1308 com-

80 1355 564 1446 podtis,'socero
595 1357 666 1421 in
698 1356 979 1444 imperio
1023 1354 1426 1422 succederet.
1460 1355 1607 1421 Nec
1640 1357 2107 1445 expectatione
2151 1379 2277 1424 sna

80 1471 400 1541 frustratus
446 1483 590 1540 est:
637 1471 969 1562 siquidem
1013 1470 1330 1539 Ticinum
1377 1475 1556 1539 intra
1600 1496 1850 1563 paucos
1895 1474 2062 1556 dies,
2107 1478 2275 1544 civi·

80 1591 180 1658 bus
205 1615 273 1660 se
299 1590 744 1672 dedentibus,
776 1590 1087 1680 adeptus,
1118 1614 1339 1658 rerum
1372 1592 1643 1657 tandem
1676 1591 2278 1663 Mediolanensium

80 1712 302 1799 potitus
361 1722 503 1791 est,
570 1712 880 1799 quamvis
922 1709 1305 1776 Ludovicus
1350 1709 1755 1778 Aureliensis
1809 1711 2011 1792 Dux,
2057 1736 2279 1781 sorore

80 1825 340 1918 Philippi
388 1827 862 1907 vicecomitis,
908 1850 997 1892 ex
1054 1849 1193 1916 qua
1237 1825 1563 1894 Carolum
1616 1831 2032 1918 procreavit,
2073 1852 2283 1898 uxore

83 1940 281 2025 ducta,
321 1944 430 2031 jus
477 1967 557 2011 se
599 1946 671 2011 in
715 1966 792 2012 eo
837 1945 1116 2033 imperio
1162 1942 1408 2010 habere
1452 1942 1912 2026 contenderet,
1961 1959 2032 2011 et
2076 1945 2276 2017 hodie

86 2081 320 2150 quoque
345 2062 417 2128 id
449 2060 647 2128 Galli
689 2063 1114 2150 pertinaciter
1157 2058 1566 2150 asseverent3
1598 2085 1756 2129 nam
1796 2066 1918 2130 etsi
1950 2045 2274 2132 Blancam

89 2173 264 2246 filiam
307 2179 670 2271 Philippus
713 2181 1061 2248 Francisco
1108 2177 1395 2248 Sfortiae
1438 2181 1819 2267 conjunxit,
1863 2181 1985 2248 illa
2035 2195 2115 2249 ut
2161 2207 2282 2251 na-

95 2296 294 2364 turalis
323 2323 410 2365 ex
438 2300 714 2390 Agnete
758 2298 986 2366 Maina
1029 2310 1373 2389 procreata
1419 2298 1689 2368 nullum
1737 2300 2131 2369 succedendi
2174 2302 2288 2389 jus

93 2407 379 2482 habebat.-
447 2399 458 2410 ⁹

208 2532 376 2599 Inter
417 2532 552 2602 hos
600 2544 827 2601 motus
869 2531 1191 2600 Nicolaus
1219 2532 1637 2617 Manfredus,
1668 2546 1737 2602 et
1768 2535 2094 2604 Gibertus
2125 2536 2289 2607 Cor-

105 2649 273 2738 rigins
308 2649 673 2719 Brixillum
718 2647 932 2741 cepit:
981 2651 1340 2719 Leonellns
1384 2640 1540 2721 sero
1571 2656 1924 2721 Atestinus
1968 2675 2083 2744 spe
2127 2653 2287 2722 Par-

109 2788 230 2832 mae
288 2767 583 2840 factione
650 2768 1099 2836 sanvitalium
1166 2767 1574 2837 obtinendae
1619 2769 1868 2838 ductus
1912 2770 2290 2842 Castellum
2376 2761 2397 2773 ⁸

112 2880 343 2952 Novum
376 2890 444 2954 in
478 2887 823 2954 Parmensi
853 2898 923 2953 et
951 2881 1357 2973 Copriacnm
1388 2889 1773 2977 occupavit.
1806 2887 2060 2956 Contra
2082 2890 2291 2959 Fran·

114 2999 289 3066 circus
330 3000 588 3072 Sfortia
653 3015 723 3070 et
787 3005 926 3093 ipse
979 3000 1321 3069 Placentia
1387 3014 1588 3093 capta
1654 3026 1772 3094 per
1827 3004 2293 3075 Alexandrum

118 3107 348 3183 fratrem
388 3118 773 3187 Parmenses
819 3120 1017 3185 armis
1062 3117 1370 3208 subigere
1415 3121 1730 3202 tentavit,
1760 3106 1881 3211 {Jui
1915 3125 2100 3190 omni
2130 3123 2291 3192 sub-

118 3227 254 3300 sidio
289 3233 591 3306 destituti
634 3234 955 3305 Leonello
999 3258 1067 3303 se
1109 3235 1347 3303 dedere
1388 3235 1847 3306 decreverunt.
1894 3237 2061 3307 Erat
2104 3243 2161 3309 is
2207 3265 2288 3312 eo

121 3355 378 3438 tempore
406 3354 615 3423 Forte
647 3353 977 3435 Venetiis,
1022 3375 1182 3419 cum
1226 3376 1344 3443 per
1388 3352 1695 3422 Borsium
1739 3351 2010 3424 fratrem
2059 3357 2300 3429 volun-

126 3466 256 3531 tatis
279 3466 739 3540 Parmensium
785 3472 1020 3538 certior
1065 3468 1285 3537 factus
1327 3495 1472 3539 rem
1520 3494 1677 3539 cum
1721 3485 1959 3541 senatu
1999 3498 2303 3544 commu-

126 3580 302 3663 nicat,
342 3581 483 3655 orat
531 3600 612 3655 ut
656 3612 726 3660 se
770 3611 923 3654 eam
969 3587 1206 3655 urbem
1253 3586 1452 3657 velut
1491 3587 2009 3657 haereditariam
2057 3591 2306 3659 habere

130 3693 343 3783 velint,
386 3717 503 3773 aut
550 3707 676 3798 ipsi
722 3703 962 3773 saltem
1005 3707 1077 3772 in
1123 3728 1315 3772 suam
1361 3702 1565 3772 fidem
1620 3710 1975 3797 accipiant.
2023 3708 2303 3791 Veneti,

131 3813 344 3898 quibus
404 3822 608 3911 paulo
661 3835 817 3891 ante
868 3845 1025 3890 cum
1071 3823 1420 3891 Francisco
1463 3821 1715 3891 Sfortia
1759 3824 1842 3891 de
1886 3822 2301 3896 defendendo

135 3928 187 3993 ei
222 3931 559 4011 Mediolani
604 3943 911 4033 imperio,
941 3953 1011 4010 et
1040 3941 1282 4010 Crema
1323 3942 1451 4009 sibi
1495 3964 1655 4009 cum
1702 3942 2309 4036 adiacentibus-op-

137 4046 280 4130 Ρῖἆὶῠ
318 4060 653 4130 retinenda
697 4071 1130 4143 convenerat,
1198 4084 1268 4129 re
1333 4060 1684 4153 diligenter
1750 4061 2171 4144 examinate,
2236 4085 2312 4130 se

142 4156 336 4238 ‘lttam
374 4171 567 4246 fidem
616 4191 991 4250 servaturos
1032 4176 1457 4269 respondent,
1489 4201 1611 4246 nec
1653 4199 1724 4246 se
1766 4201 1919 4246 eam
1962 4179 2307 4247 civitatem
