2950 5017
689 402 824 467 228
1429 381 1667 463 aarum
1723 396 2161 464 nncrssxsmn‘

589 576 600 585 ·
685 538 1031 619 Rolandus
1098 536 1384 608 Roscius
1450 550 1521 605 et
1585 540 1789 628 Lupii
1834 538 2190 629 Guelphae
2255 534 2565 608 factioni·
2642 536 2893 619 exules,

685 642 1152 724 Cavalcab'ove
1197 654 1431 732 Jacobi
1500 651 1644 722 filio
1704 654 2082 722 Vitelianae
2150 665 2222 721 et
2287 653 2672 723 Cremonae
2727 654 2895 720 Mar·

687 772 926 841 chione
954 792 1110 839 cum
1143 774 1449 838 trecentis
1481 770 2035 843 Cremonensibus
2065 771 2192 839 sibi
2224 771 2556 839 auxilium
2612 771 2888 850 ferente,

684 892 1086 980 intempesta
1130 899 1323 957 nocte
1370 888 1606 965 urbem
1657 891 1923 977 ingressi
1993 887 2323 979 populum
2373 889 2458 955 ad
2503 888 2892 965 libertatem

681 1014 1117 1074 vocaverunt.
1168 990 1495 1072 Gibertus
1538 1002 1876 1093 Corrigius
1947 1004 2031 1069 ad
2099 1006 2509 1072 venientium
2554 1027 2891 1072 rumorem

684 1121 944 1187 excitus
986 1141 1143 1185 cum
1177 1118 1474 1187 Todesco
1509 1118 1766 1187 Taculo
1799 1118 2137 1209 Regiensi,
2183 1128 2330 1185 tum
2377 1119 2669 1186 Parmae
2713 1117 2889 1185 Prae-

680 1224 895 1314 fecto,
939 1233 1300 1323 liberisque
1347 1245 1418 1300 et
1459 1232 1975 1313 Praetorianis,
2002 1256 2293 1323 ,quorum
2363 1233 2643 1324 plurimi
2708 1246 2884 1300 erant

684 1349 1075 1440 Regienses,
1128 1347 1359 1439 fugere
1428 1362 1698 1417 coactus
1743 1349 2054 1416 Castrum
2122 1372 2374 1418 novum
2440 1373 2509 1416 se
2577 1349 2888 1416 contulit.

680 1463 936 1532 Ferunt
1003 1464 1313 1530 abeuntis
1357 1460 1628 1531 Giberti
1686 1486 1972 1533 uxorem
2022 1488 2062 1530 a
2110 1463 2415 1532 Rolando
2460 1460 2671 1530 fratre
2713 1485 2892 1553 roga·

684 1595 862 1664 tam,
907 1593 988 1649 ut
1031 1579 1318 1675 furentis
1363 1580 1601 1672 populi
1648 1584 1850 1647 armis
1897 1584 2167 1648 evitatis
2233 1585 2300 1648 in
2374 1577 2739 1648 fraternam
2785 1582 2891 1649 do-

681 1722 876 1769 mum
923 1710 1074 1767 tuto
1119 1697 1493 1778 recederet,
1541 1695 1991 1786 respondisse:
2041 1720 2429 1787 nunquam,
2474 1697 2760 1786 perfide,
2803 1700 2891 1764 in·
2942 1734 2943 1737 ¹

590 1892 602 1904 ·
687 1813 901 1882 fames
944 1814 1098 1881 illas.
1136 1814 1331 1882 aedes
1376 1818 1743 1902 attingam,
1789 1836 1964 1901 quae
2033 1811 2299 1879 affinem
2353 1817 2636 1902 turpiter
2683 1814 2889 1903 prodi·
2942 1804 2943 1815 ἵ

687 1930 960 2012 derunt,
1004 1955 1125 1999 nec
1194 1925 1534 2020 pollutum
1611 1952 1914 2018 unquam
1985 1928 2182 1995 illum
2231 1932 2468 2017 panem
2517 1932 2886 2011 comedam,

686 2071 893 2138 quem
937 2046 1047 2115 vel
1092 2044 1387 2114 famelici
1456 2026 1656 2113 canes
1712 2069 1846 2112 non
1894 2046 2354 2135 degustarent,
2397 2050 2564 2136 quin
2611 2050 2735 2114 viri
2780 2071 2888 2136 po-

688 2164 863 2244 tius,
914 2185 1117 2253 quem
1165 2163 1580 2253 propinquus
1626 2161 1986 2250 decepisti,
2039 2160 2191 2228 fidei
2262 2184 2372 2228 me
2440 2168 2887 2241 committam,
2944 2204 2945 2249 ξ

692 2290 773 2345 ut
825 2281 879 2344 si
924 2277 1208 2346 voluerit
1260 2300 1412 2345 meo
1466 2280 1688 2367 capite
1750 2290 1947 2346 atrox
2005 2280 2286 2344 crimen.
2324 2279 2596 2368 expiare
2668 2281 2884 2367 possit.
2944 2252 2945 2263 ἵ

690 2394 813 2460 His
858 2394 1051 2463 dictis
1096 2404 1177 2460 ut
1220 2405 1362 2460 erat
1409 2392 1604 2461 nudis
1665 2393 1980 2481 pedibus,
2028 2405 2095 2459 et
2139 2396 2373 2482 sparsis
2426 2417 2539 2483 per
2586 2392 2887 2463 humeros

690 2506 979 2600 capillis,
1026 2508 1109 2578 ad
1155 2511 1374 2577 virum
1444 2494 1853 2578 contendisse
1921 2507 2164 2590 fertur,
2210 2510 2294 2576 ad
2340 2509 2618 2600 ejusque
2681 2534 2886 2600 genua

692 2628 1133 2718 procumbens
1163 2652 1405 2719 magno
1437 2651 1594 2695 cum
1627 2627 1890 2714 ejulatu
1939 2630 2133 2717 petiit
2177 2639 2257 2694 ut
2303 2651 2372 2696 se
2419 2630 2630 2696 occisa
2673 2626 2889 2694 fratris
2946 2680 2948 2695 .

692 2740 954 2811 facinus
1019 2745 1429 2813 vindicaret:
1478 2744 1591 2811 sed
1663 2743 1780 2809 ille
1848 2745 2230 2824 innocenti,
2277 2756 2349 2810 et
2418 2743 2612 2811 virilis
2679 2745 2891 2809 animi
2946 2708 2948 2805 ff

690 2859 963 2926 mulieri
1029 2859 1392 2928 clementer
1439 2862 1718 2950 ignovit.
1776 2859 2217 2948 Recipiendae
2278 2883 2434 2928 vero
2480 2860 2748 2926 Parmae
2787 2828 2948 2957 inf!

693 2985 923 3042 tentus
968 2999 1054 3042 ex
1096 2976 1558 3067 Regiensibus,
1605 2975 2254 3065 Mutinensibusque,
2288 2976 2564 3066 aliisque
2597 2974 2887 3041 finitimis
2946 2956 2948 2965 ¹

687 3091 961 3181 ‘populis
1021 3097 1243 3181 copias
1302 3092 1714 3180 conscripsit.
1764 3091 2109 3159 Paludinis
2152 3107 2481 3183 praeterea
2502 3144 2519 3172 ,
2567 3091 2885 3160 Folleanis

696 3216 768 3271 et
821 3203 1214 3287 Manfredis,
1261 3220 1329 3273 et
1373 3206 1765 3274 Comitihus
1812 3228 1851 3270 a
1896 3206 2193 3296 Panag0,
2240 3219 2308 3273 et
2351 3208 2699 3275 Francisco
2748 3205 2881 3273 Ma-

691 3317 951 3408 laspina
993 3308 1118 3386 sibi
1166 3310 1494 3407 adjunctis
1563 3320 1647 3386 ad
1718 3344 1868 3387 eam
1935 3324 2454 3414 expugnandam
2512 3323 2693 3409 justo
2733 3345 2875 3388 cum

697 3439 997 3509 exercitu
1041 3438 1404 3504 contendit.
1452 3438 1679 3506 Hostis
1727 3439 2021 3506 adventu
2067 3445 2330 3531 cognito
2361 3440 2700 3509 Rolandus
2734 3462 2881 3505 cum

695 3553 882 3619 urhis
911 3551 1277 3636 Praefecto,
1310 3556 1614 3624 Praetore
1660 3568 1730 3625 et
1774 3571 2070 3647 quatuor
2115 3562 2359 3626 artium
2407 3559 2766 3649 Magistris,
2806 3579 2881 3622 ac

697 3668 1183 3738 tabulariorum·
1231 3671 1743 3740 Proconsule'in
1793 3698 2105 3766 campum
2165 3678 2369 3757 exiit,
2417 3679 2881 3767 commissoque

695 3783 947 3873 praelio
1003 3785 1386 3876 profligatus
1432 3786 1598 3857 fuit.
1647 3788 1793 3856 Alia·
1843 3814 1987 3858 eum
2035 3814 2245 3879 usque
2290 3793 2383 3857 ad
2423 3792 2727 3860 Castrum
2772 3809 2879 3852 no-

579 3928 590 3939 ·
700 3924 849 3968 vum
904 3905 1287 3992 profectum
1335 3921 1403 3974 et
1447 3907 1705 3975 hostem
1761 3911 1856 3975 ad
1905 3910 2242 4004 praelium
2286 3931 2566 3977 vocasse
2614 3909 2878 3998 ferunt:

690 4019 969 4105 plurimi
1013 4017 1357 4090 Lucenses
1371 4073 1398 4107 ,
1444 4022 1679 4099 Simon
1724 4024 2129 4108 Canus-sius,
2195 4040 2261 4091 et
2334 4025 2525 4093 liberi
2570 4024 2874 4091 Bastardi

696 4132 1047 4224 Canussii,
1088 4152 1157 4206 et
1202 4141 1323 4207 alii
1365 4164 1411 4209 a
1456 4141 1691 4232 (ἔγρεο
1765 4164 1913 4210 cum
1980 4165 2056 4211 eo
2124 4156 2350 4228 erant,
2421 4126 2872 4230 commissoque
