2950 5017
736 365 834 433 66·
1460 385 1692 428 aarum
1747 382 2156 428 nacula-stum

863 503 1095 572 Postea
1140 511 1303 571 'vero
1343 501 1785 570 Maximianus
1849 514 1919 569 et
1976 500 2404 570 Constantius
2469 498 2911 569 constantin

732 629 921 710 pater
964 642 1002 685 a
1045 617 1456 686 Diocletiano
1485 630 1559 683 et
1586 617 1994 686 Maximiano
2024 616 2344 684 Herculeo
2387 618 2910 704 imperatoribu

731 739 1020 827 primum
1063 733 1370 802 Caesares
1428 737 1665 814 creati,
1718 733 1845 803 hoc
1914 746 2012 801 est
2067 736 2386 823 principes
2427 733 2807 823 designati,
2859 757 2911 800 ex

726 851 858 919 illis
901 854 1246 940 imperium
1292 849 1804 939 deponentibus,
1851 853 2052 916 etiam
2104 852 2387 940 Augusti
2430 848 2800 928 declarati,
2853 852 2911 916 it

728 965 894 1034 duas
943 977 1153 1056 partes
1198 967 1653 1060 Romanorum
1714 965 1937 1033 orbem
2002 967 2198 1054 primi
2241 964 2626 1031 diviserunt.
2673 965 2911 1030 Maxi·

728 1084 948 1150 miano
991 1081 1329 1170 Illyricum
1391 1093 1459 1147 et
1518 1104 1673 1148 cum
1723 1080 1992 1147 Oriente
2049 1082 2205 1148 Asia
2232 1080 2696 1162 ;‚Constantio
2749 1104 2911 1148 cum

727 1195 980 1278 Africa,
1011 1197 1237 1276 Italia,
1267 1196 1522 1277 Gallia,
1553 1198 1996 1287 Hispaniaque
2041 1198 2319 1285 obtigit:
2366 1196 2475 1263 sed
2520 1199 2624 1264 vir
2671 1196 2911 1264 mode-

725 1313 1039 1379 stissimus
1083 1311 1308 1378 Gallia
1363 1314 1809 1402 Hispaniaque
1877 1324 2260 1392 contentus,
2303 1311 2551 1401 reliqua
2595 1311 2911 1379 Gallerio

724 1431 1075 1497 concessit.
1121 1428 1472 1495 Caeterum
1530 1429 1869 1497 Maxentio
1923 1428 2231 1496 Herculei
2295 1430 2686 1495 Maximiani
2762 1427 2910 1495 filio

721 1545 971 1613 Romae
1038 1568 1078 1611 a
1145 1545 1714 1614 tumultuantibus
1780 1549 2205 1636 praetorianis
2270 1546 2569 1635 Augusto
2637 1556 2902 1624 creato,

726 1662 1221 1743 Constantinus,
1251 1666 1367 1752 qui
1399 1687 1485 1729 ex
1511 1662 1894 1733 Constantio
1923 1666 1994 1730 in
2025 1663 2363 1731 Britannia
2407 1665 2666 1751 genitus
2709 1685 2902 1750 prae-

722 1778 897 1847 clara
948 1783 1020 1847 in
1062 1779 1300 1847 Galliis
1353 1778 1643 1848 facinora
1696 1794 2011 1870 gesserat,
2055 1803 2095 1845 a
2140 1779 2389 1847 Senatu
2441 1780 2752 1847 adversus
2794 1792 2898 1867 ty-

724 1917 1002 1961 rannum
1048 1898 1329 1976 accitus,
1396 1898 1464 1962 in
1518 1895 1784 1961 Italiam
1830 1899 2036 1962 venit.
2098 1896 2198 1961 Ac
2261 1919 2413 1962 cum
2477 1897 2892 1961 imminentis

721 2008 880 2075 belli
946 2011 1311 2099 periculum
1375 2014 1598 2079 animo
1656 2014 1912 2100 saepius
1977 2011 2268 2080 volveret
2331 2010 2746 2099 sublatisque
2815 2013 2892 2082 in,

721 2123 975 2193 coelum
1021 2125 1227 2194 oculis
1270 2127 1575 2194 divinum
1622 2127 1947 2194 auxilium
1990 2128 2273 2217 supplex
2316 2126 2719 2215 imploraret,
2772 2150 2883 2215 per

721 2242 1011 2330 quietem
1080 2241 1162 2307 ad
1228 2241 1606 2310 orientalem
1694 2242 1953 2333 plagam
2020 2243 2308 2310 Crucem
2374 2246 2563 2331 igneo
2630 2238 2884 2329 fulgore

718 2354 1100 2423 rutilantem
1143 2357 1269 2424 sibi
1312 2380 1576 2425 cernere
1621 2362 1799 2427 visus
1843 2374 1971 2426 est.
2036 2358 2137 2427 Eo
2193 2371 2459 2448 aspectu
2500 2361 2883 2438 exterritus,

721 2495 1020 2562 novaque
1072 2476 1320 2542 visione
1380 2476 1832 2563 perturbatus,
1890 2476 2181 2565 Angelos
2231 2476 2312 2541 ad
2379 2499 2449 2542 se
2517 2475 2876 2542 clamantes

725 2586 1005 2654 audivit:
1037 2589 1503 2670 Constantine,
1523 2608 1589 2650 εν
1611 2608 1793 2652 τουτο
1814 2611 1989 2651 νικατ
2033 2591 2159 2658 hoc
2195 2605 2326 2670 est,
2347 2613 2479 2680 per
2503 2591 2629 2658 hoc
2657 2597 2869 2658 vince.

722 2700 833 2768 Ob
875 2702 944 2767 id
987 2705 1235 2792 ingenti
1281 2704 1518 2793 gaudio
1564 2703 1888 2794 perfusus,
1922 2730 1996 2771 ac
2022 2706 2161 2791 jam
2192 2706 2274 2771 de
2310 2709 2574 2790 victoria
2606 2709 2868 2771 minime

720 2815 1052 2897 dubitans,
1082 2818 1313 2886 Crucis
1343 2821 1643 2909 signum,
1688 2820 1884 2909 quod
1915 2824 1981 2885 in
2030 2820 2215 2887 coelo
2263 2821 2541 2901 viderat,
2574 2824 2639 2886 in
2672 2820 2875 2889 fronte

721 2935 898 3021 prius
942 2945 1283 3014 notatum,
1316 2938 1519 3000 etiam
1566 2937 1631 3002 in
1677 2939 1859 3024 signa
1891 2934 2200 3001 militaria
2233 2937 2585 3003 transtulit.
2632 2936 2706 3003 In
2734 2940 2873 3025 ,pri-

722 3051 974 3138 misque
1016 3049 1276 3129 labaro,
1323 3050 1503 3138 quod
1546 3064 1683 3116 erat
1729 3073 2006 3116 aureum
2055 3053 2259 3118 totius
2311 3053 2628 3118 exercitus
2671 3052 2871 3120 vexil-

721 3162 890 3243 lum,
913 3165 1262 3230 unionibus
1292 3166 1707 3251 gemmisque
1740 3179 2128 3231 exornatum
2162 3165 2298 3232 alta
2320 3166 2533 3238 cruce
2566 3166 2863 3255 praefixo,

728 3301 803 3342 ac
844 3276 1110 3341 dextera
1154 3300 1358 3342 manu
1409 3277 1637 3343 eodem
1696 3280 1876 3365 signo
1935 3285 2237 3361 munita,
2303 3282 2384 3347 ad
2453 3282 2862 3371 pugnandum

724 3388 1170 3480 proficiscitur.
1199 3391 1446 3458 Contra
1474 3390 1877 3473 Maxentius,
1912 3392 2135 3463 divino
2167 3396 2542 3484 impellente
2585 3398 2862 3473 numine,

723 3516 986 3595 pontem
1031 3504 1337 3573 Milvium
1389 3509 1742 3596 ingressus,
1786 3531 1990 3597 quem
2041 3510 2354 3630 subjectis
2414 3509 2728 3579 machinis
2782 3511 2858 3577 ad

720 3621 1263 3710 submergendum
1309 3621 1569 3689 hostem
1619 3638 1983 3711 paraverat,
2015 3639 2280 3714 repente
2322 3626 2552 3694 solutis
2595 3627 2858 3695 navibus

715 3739 1079 3818 substratis,
1122 3741 1191 3804 in
1236 3736 1635 3827 profundum
1682 3753 1779 3807 est
1822 3741 2172 3822 demersus,
2218 3755 2288 3807 et
2331 3743 2507 3810 bello
2552 3742 2692 3809 finis
2743 3747 2853 3809 im-

717 3856 990 3941 positus.
1037 3854 1327 3923 Victoria
1373 3856 1558 3923 nullo
1587 3856 1879 3925 districto
1908 3858 2124 3947 gladio
2156 3871 2369 3947 parta,
2399 3859 2851 3927 Constantinus

717 3967 1056 4034 Christum
1102 3973 1308 4037 totius
1372 3973 1690 4061 triumphi
1753 3987 2088 4041 auctorem
2156 3975 2463 4041 omnibus
2526 3973 2659 4041 lata
2723 3973 2852 4063 lege

712 4081 1057 4151 colendum
1106 4089 1531 4176 praescripsit.
1579 4087 1752 4153 Tum
1799 4090 1891 4179 pii
1935 4087 2264 4169 homines,
2295 4091 2414 4178 qui
2449 4099 2852 4177 tyrannorum
