2950 5017
636 426 767 492 382
1377 438 1617 487 anaim
1661 401 2088 486 auciensium

634 567 849 633 dicem
895 567 1159 654 cognita
1203 586 1430 632 omnes
1475 561 1786 632 facinoris
1829 566 2124 632 conscios
2166 562 2508 631 custodiae
2555 562 2875 644 tradidit,

631 703 803 772 quos
848 684 1061 770 gentis
1106 683 1437 771 impetum
1484 682 1739 746 veritus
1806 678 2010 769 paulo
2078 691 2229 768 post
2281 701 2513 746 omnes
2576 678 2871 747 dimisit.

635 799 731 865 At
776 800 1110 865 montanis
1142 799 1210 863 in
1246 797 1625 889 regionibus
1655 821 1785 863 non
1820 793 1983 863 levis
2020 797 2338 863 momenti
2383 819 2484 862 res
2531 798 2863 886 contigit3

633 914 960 1004 siquidem
1007 913 1206 980 Baisii
1237 913 1537 1002 Baptista
1581 911 1758 978 filius
1789 911 2142 977 'Pan-taleae
2175 903 2219 998 ·(
2239 912 2329 979 ob
2376 911 2861 979 haesitantiam

631 1030 924 1120 linguae,
957 1027 1469 1118 tumultumque
1501 1029 1656 1108 oris,
1701 1027 1770 1093 id
1814 1030 1876 1094 ei
1923 1051 2167 1100 nomen
2216 1027 2618 1119 impositum
2669 1033 2861 1115 erat)

633 1161 984 1217 montanos
1028 1172 1069 1215 a
1113 1146 1444 1215 solvendis
1493 1149 1789 1237 antiquis
1823 1141 2268 1236 vectigalibus
2313 1149 2592 1215 avertit.
2632 1147 2714 1213 Id
2743 1148 2859 1214 ubi

632 1265 1063 1356 Regiensibus
1109 1268 1508 1334 nunciatum
1555 1277 1656 1332 est
1704 1267 1898 1332 tertio
1944 1263 2095 1330 idus
2142 1266 2407 1353 augusti
2456 1265 2593 1331 sub
2637 1287 2866 1355 vespe·

629 1405 771 1451 ram
839 1382 1028 1478 jussu
1073 1380 1267 1449 Pauli
1315 1374 1596 1450 Antonii
1644 1378 1867 1449 Trotti
1937 1381 2122 1447 urbis
2190 1378 2509 1470 praefecti
2578 1381 2859 1449 ducenti

633 1499 889 1591 pedites
931 1523 1092 1566 cum
1139 1502 1454 1589 praetoris
1495 1497 1902 1566 satellitibus
1933 1522 2014 1565 eo
2046 1497 2379 1589 perducti,
2407 1501 2679 1566 oriente
2706 1498 2868 1579 sole,

631 1618 833 1685 domo
878 1617 1174 1697 obsessa,
1219 1616 1593 1707 Baptistam
1652 1639 1808 1682 cum
1856 1615 2120 1683 duobus
2183 1614 2335 1683 filiis
2404 1616 2865 1684 trucidarunt.

633 1733 905 1801 Tertius
957 1731 1386 1813 vulneratae,
1457 1735 1698 1800 amisso
1763 1732 1995 1812 oculo,
2041 1732 2457 1822 Regiumque
2520 1731 2864 1800 deductus

634 1855 867 1919 misere
901 1849 1395 1920 vitam'finivit.
1442 1850 1664 1917 Tanta
1712 1873 1793 1920 eo
1844 1864 2139 1941 tempore
2182 1848 2395 1917 fames
2442 1850 2694 1916 urbem
2749 1875 2869 1918 no-

631 1981 838 2035 stram
882 1972 1237 2046 invaserat,
1288 1981 1364 2035 ut
1409 1968 1626 2034 baccis
1674 1965 1996 2035 ruborum
2044 1965 2266 2057 plures
2302 1979 2759 2047 vescerentur,
2797 1980 2867 2034 et

631 2088 958 2152 sextarius
1010 2089 1441 2175 putaminum
1495 2084 1925 2175 juglandium
1981 2085 2203 2152 solidis
2250 2082 2708 2175 Regiensibus
2755 2084 2870 2151 de·

630 2212 780 2268 ce‘m
834 2201 1262 2282 venderetur,
1319 2225 1495 2292 quae
1560 2225 1717 2268 cum
1790 2200 2146 2291 glandibus
2215 2202 2299 2269 ad
2365 2200 2867 2270 conficiendum

635 2341 873 2409 panem
920 2343 1292 2410 pauperum
1341 2318 1783 2388 molebantur.
1817 2318 2159 2388 Sextarius
2188 2344 2460 2412 quoque
2494 2317 2781 2388 frumen
2797 2322 2863 2400 ti,

623 2436 819 2528 ‚quod
865 2459 1215 2529 nunquam
1261 2452 1457 2505 antea
1505 2438 1815 2505 auditum
1876 2435 2129 2519 fuerat,
2184 2437 2373 2505 libris
2416 2438 2868 2527 Regiensibus

523 2610 528 2614 .
630 2567 924 2645 quatuor
967 2555 1403 2625 vendebatur.
1450 2557 1527 2624 In
1574 2580 1653 2623 ea
1699 2558 1974 2647 penuria
2021 2556 2343 2623 Hercules
2387 2557 2686 2646 Regium
2751 2579 2860 2626 νῦν

632 2676 772 2751 nit,
817 2657 1277 2741 Mediolanum
1346 2674 1437 2742 ob
1506 2674 1882 2742 renovanda
1947 2686 2181 2742 contra
2231 2672 2523 2742 Venetos
2567 2671 2864 2742 foedera

634 2788 720 2856 ad
776 2793 1050 2858 comitia
1112 2789 1546 2882 profecturus.
1594 2790 1775 2859 Eum
1820 2789 2541 2869 Ioannes-Bentirolus
2593 2803 2713 2858 est
2762 2813 2864 2858 se·

631 2921 834 2974 cutus
851 2931 879 2987 ς4
915 2909 1010 2975 ibi
1056 2931 1143 2975 ex
1187 2913 1529 2977 communi
1574 2911 1880 2976 omnium
1926 2908 2200 2977 consilio
2262 2907 2525 2999 placuit
2566 2906 2862 2975 Frideri·

631 3048 787 3090 cum
833 3024 1226 3114 Gonzagum
1277 3025 1812 3094 cum·tredecim
1871 3023 2170 3092 millibus
2225 3036 2293 3091 et
2342 3024 2861 3115 ‚quadringentis

627 3135 1007 3233 equitibus,
1063 3157 1132 3209 et
1184 3167 1304 3211 sex
1351 3144 1652 3211 millibus
1707 3156 1777 3211 et
1828 3147 2164 3211 sexcentis
2204 3142 2551 3234 ⁴peditibus
2592 3146 2669 3209 in
2721 3144 2857 3209 Bri-

633 3264 892 3340 xianos‚
936 3264 1054 3349 qui
1103 3259 1381 3328 Venetis
1426 3261 1772 3348 parebant,
1817 3284 1974 3327 cum
2024 3259 2367 3350 Alphonso
2415 3260 2610 3325 Duce
2660 3259 2856 3326 Cala-

633 3376 820 3442 briae
873 3379 1203 3465 impetum
1255 3375 1487 3444 facere.
1538 3377 1643 3443 Ad
1689 3403 1800 3446 eos
1850 3381 2086 3444 missae
2135 3401 2174 3443 a
2221 3378 2413 3443 Duce
2458 3376 2710 3443 Urbini
2756 3400 2856 3443 co-

638 3494 786 3583 piae
820 3496 889 3559 in
922 3493 1356 3583 Regiensibus
1398 3518 1715 3584 magnum
1758 3495 2066 3586 agricolis
2095 3495 2417 3561 damnum
2455 3491 2851 3560 intulerunt.

631 3610 989 3692 Ceterum,
1049 3610 1247 3680 Sixto
1309 3610 1633 3680 Pontifice
1705 3627 1990 3702 augusto
2060 3633 2285 3679 mense
2354 3621 2656 3690 mortuo,
2713 3629 2853 3677 cum

635 3729 1065 3797 Innocentius
1109 3741 1395 3798 octavus
1443 3732 1624 3821 pacis
1672 3733 1927 3798 amicus
1972 3732 2421 3809 successisset,
2455 3730 2676 3797 omnis
2706 3723 2851 3794 belli

637 3869 799 3915 cura
868 3832 989 3915 ests
1031 3850 1342 3929 remissa;
1408 3850 1507 3915 et'
1550 3851 1805 3938 primus
1860 3823 2308 3928 Ludovicus:
2328 3849 2452 3937 qui
2500 3844 2852 3913 Mediolani

632 3964 1006 4054 imperium
1044 3962 1429 4045 affectabat,
1473 3984 1515 4033 a
1563 3963 1915 4033 foederatis
1960 3966 2243 4032 recessit.
2292 3959 2538 4031 Veneti
2586 3983 2848 4054 quoque

640 4079 872 4148 multis
916 4081 1220 4151 cladibus
1266 4086 1480 4150 attriti
1531 4082 1640 4150 his
1681 4082 2175 4152 conditionibus
2208 4081 2509 4162 Herculi,
2554 4092 2628 4147 et
2674 4077 2847 4148 Sfor-

643 4200 776 4265 tiae
819 4222 889 4267 se
933 4202 1399 4282 conciliarunt,
1450 4215 1554 4283 ut,
1602 4199 2048 4270 vicedomino
2096 4200 2467 4269 Ferrariam
2513 4200 2740 4279 misso,
2780 4205 2842 4262 et

1119 4301 1124 4332 ‚
2042 4311 2047 4318 .
