2950 5017
901 457 1100 502 mssa
1146 459 1436 514 omarus
2140 440 2268 507 325

46 578 398 648 crudeliter
450 579 746 647 necavit.
794 577 896 649 Eo
943 603 1195 671 poenae
1262 605 1498 671 genere
1563 590 1851 651 centum‘
1892 577 2103 647 ferme
2146 605 2263 647 ex-

47 701 259 779 tinxit,
290 709 368 764 et
400 699 526 765 eos
555 697 675 788 qui
707 696 818 768 vel
847 695 1017 766 feras
1060 711 1329 766 tantum
1376 699 1832 788 degustassent
1877 700 2265 788 gravissime

47 815 432 883 mulctavit.
487 816 679 883 Duos
721 816 1124 896 sacerdotes,
1171 841 1212 884 a
1254 818 1504 907 quibus
1550 816 1635 883 de
1680 819 1892 886 atroci
1936 818 2267 884 sententia

50 930 494 1022 reprehensus
539 929 800 1011 fuerat,
845 954 1090 1023 pravae
1135 932 1466 1022 religionis
1510 935 1696 1023 prius
1743 947 2111 1015 accusatos,
2157 957 2274 1023 po·

46 1062 176 1115 stea
220 1048 551 1115 comburi
595 1048 812 1134 jussit.
861 1050 1011 1138 Ipse
1058 1052 1339 1117 venandi
1387 1050 1612 1119 studio
1644 1048 1921 1117 mirifice
1955 1049 2273 1120 detentus

53 1168 345 1255 quinque
393 1163 625 1231 millia
668 1189 917 1233 canum
963 1170 1137 1233 inter
1167 1167 1470 1233 subditas
1502 1179 1754 1256 gentes,
1784 1166 2034 1256 quibus
2061 1170 2272 1234 etiam

56 1280 449 1350 domesticae
502 1281 847 1349 custodiae
893 1305 1093 1349 causa
1139 1307 1340 1350 omne
1385 1284 1703 1349 caninum
1746 1304 1957 1372 genus
1997 1281 2269 1371 capitali

57 1421 256 1487 poena
301 1398 793 1479 interdixerat,
839 1398 1078 1466 alenda
1132 1400 1395 1467 divisit.
1456 1399 1759 1489 Magistri
1829 1400 1932 1467 bis
2000 1399 2279 1490 siugulis

65 1516 384 1581 mensibus
435 1539 645 1582 canes
691 1539 823 1592 nou
869 1503 1164 1584 secus'ac
1198 1516 1445 1583 milites
1480 1517 2011 1607 cognoscebant,
2052 1530 2121 1584 et
2149 1520 2271 1608 qui

66 1632 158 1698 vel
215 1637 567 1723 strigosos,
611 1634 720 1702 vel
778 1637 1159 1725 pinguiores
1226 1635 1727 1725 produxissent,
1774 1634 1874 1702 illi
1922 1647 2273 1727 tamquam

72 1749 266 1816 inedia
331 1755 953 1841 consumpsissent,
1020 1751 1092 1818 hi
1164 1753 1345 1842 quod
1413 1756 1655 1821 inertes
1726 1750 2082 1833 fecissent,
2131 1756 2277 1843 pari

73 1875 259 1954 poena
303 1867 811 1957 plectebantur.
858 1869 1162 1953 Quorum
1199 1892 1355 1936 vero
1388 1873 1685 1959 inspecto
1718 1867 1936 1937 indice
1971 1882 2269 1939 mortuos
2367 1882 2390 1909 ·

76 1984 483 2053 inveniebant
524 1989 730 2054 atroci
760 1985 1004 2072 juditio
1036 1987 1212 2055 bona
1247 1986 2022 2105 adimebantur.1taque
2064 1991 2273 2078 magis

85 2100 328 2167 timendi
397 2117 604 2169 erant
672 2105 794 2193 ipsi
863 2127 1106 2171 canum
1156 2101 1505 2194 praefecti,
1550 2127 1759 2195 quam
1814 2107 1936 2195 qui
1988 2108 2269 2196 imperio

81 2214 331 2283 urbibus
376 2232 793 2309 praeessent.
838 2218 1119 2304 Carolus
1165 2219 1508 2288 Barnabae
1552 2219 1735 2288 filius
1765 2223 1886 2311 qui
1922 2235 2086 2290 tunc
2115 2221 2279 2290 Cre-

88 2354 212 2399 mae
252 2336 624 2417 residebat,
670 2339 872 2426 patris
916 2336 1304 2405 calamitate
1366 2338 1601 2407 audita
1646 2338 2055 2409 Cremonam
2125 2362 2285 2408 con-

92 2450 297 2533 tendit,
339 2453 495 2522 inde
544 2454 886 2536 Parmam,
933 2479 1095 2525 mox
1140 2456 1425 2547 Regium
1473 2470 1543 2525 et
1588 2460 1660 2524 in
1709 2458 2149 2526 Germaniam
2196 2453 2284 2526 ad

96 2566 323 2651 Norici,
366 2596 553 2641 nunc
584 2573 937 2642 Bavariam
972 2587 1239 2656 vocant,
1270 2576 1535 2644 Ducem
1582 2574 1910 2667 confugit.
1961 2578 2094 2658 Ibi,
2142 2578 2288 2644 exi·

100 2706 218 2770 gua·
246 2712 438 2779 quam
488 2714 722 2759 secum
770 2690 1090 2760 attulerat
1138 2698 1424 2782 pecunia
1469 2704 1896 2785 cousumpta,
1929 2717 2163 2761 rursus
2206 2695 2281 2761 iu

101 2800 327 2873 ltaliam
382 2810 610 2877 nudus
671 2811 905 2878 rediit.
965 2811 1104 2879 Alii
1151 2835 1305 2877 eum
1356 2812 1440 2878 ad
1488 2811 1905 2880 Florentinos
1950 2811 2289 2880 Galleacii

105 2914 320 3003 hostes,
351 2938 426 2992 ut
461 2938 817 3017 paternum
854 2929 1209 3017 imperium
1244 2927 1652 3018 quandoque
1683 2939 2042 3018 repeteret,
2075 2940 2290 2996 trans-

107 3030 310 3123 fugisse
356 3059 759 3111 memorant.
807 3044 1167 3113 Caeterum
1218 3047 1507 3132 Joannes
1542 3044 1933 3113 Galleacius
1979 3042 2136 3112 fidei
2180 3045 2292 3133 ju-

107 3171 365 3227 ramento
430 3185 471 3228 a
546 3162 987 3251 Regiensibus
1055 3187 1170 3254 per
1238 3166 1666 3231 Franciscum
1743 3163 2291 3233 Montecatinum

109 3287 338 3360 noeepto
384 3279 697 3347 adversus
743 3277 1115 3370 Scaligeros
1158 3303 1314 3347 cum
1361 3279 1681 3348 Carrariis
1727 3280 1856 3348 hac
1899 3278 2283 3350 conditione

111 3380 304 3490 foedps
341 3399 691 3483 percussit,
723 3408 803 3463 ut
835 3400 972 3486 ipse
1005 3397 1367 3479 Veronam,
1396 3396 1500 3464 illi
1531 3397 1912 3466 Vicentiam
1948 3409 2282 3467 tenerent:

111 3499 176 3565 nd
209 3527 480 3601 eamque
551 3513 1043 3602 expeditionem
1114 3518 1532 3605 octingentos
1598 3513 2063 3607 cataphractos
2129 3538 2293 3584 cum

109 3621 587 3712 quingentorum
634 3633 964 3699 sociorum
1016 3654 1222 3699 manu
1271 3636 1541 3700 mittere
1587 3634 1954 3723 promissit.

221 3735 479 3814 Interim
528 3750 879 3816 Atestinus
948 3748 1132 3818 bello
1200 3750 1556 3840 Regienses
1610 3749 1883 3819 adortus
1925 3747 2296 3819 Nicolaum

115 3845 473 3930 cunensium
521 3868 808 3955 pecunia
853 3870 1177 3956 corrupit,
1224 3878 1306 3934 ut
1350 3866 1837 3948 Bibianellum,
1897 3890 2086 3936 caeso
2157 3865 2299 3935 Ga-

115 3960 325 4053 brioto,
367 3993 643 4074 captum
674 3983 803 4050 sibi
837 3978 1149 4052 traderet.
1181 3983 1380 4068 Quod
1414 3983 1536 4050 ubi
1570 3984 1857 4074 Regium
1894 3965 2298 4052 nunciatum

122 4075 253 4166 fust,
277 4092 562 4168 lacobus
592 4100 903 4170 Vermius
933 4105 1053 4192 qui
1089 4102 1241 4170 urbi
1286 4115 1615 4192 praeerat,
1659 4126 1742 4172 eo
1789 4125 1950 4170 cum
1999 4105 2303 4170 exercitu

122 4200 439 4295 profectus,
485 4217 837 4288 castellum
885 4242 1021 4288 una
1067 4242 1228 4288 cum
1273 4217 1523 4289 Sancto
1568 4217 1814 4302 Paulo,
1856 4220 2044 4312 quod
2089 4219 2302 4291 hostis
