2950 5017
931 413 1128 458 mnan
1174 411 1467 467 Quanws
2149 398 2278 462 283

22 532 456 614 haimari,
507 555 660 601 suas
726 555 995 623 quoque
1035 531 1287 599 dirutas
1334 532 1529 601 villas
1572 532 2026 623 desolatosque
2088 557 2276 623 agros

22 652 262 719 niven
309 652 668 741 conqueri.
714 650 1031 717 Praedam
1049 699 1069 729 ,
1114 663 1197 716 ut
1239 653 1451 718 omnIs
1494 651 1636 738 ejus
1680 651 2085 740 recipiendae
2126 673 2276 740 spes

22 768 532 850 adimeretur,
596 768 904 834 certatim
969 766 1378 836 Mutinenses
1444 780 1766 836 emerunt.
1830 762 2083 835 Verum
2143 792 2276 837 non

22 884 312 955 multo
354 895 508 975 post
533 882 901 964 lmchinus,
931 897 1002 950 et
1028 883 1374 974 Gonzaghi
1419 907 1575 951 cum
1620 883 1917 953 hostibus
1958 886 2030 951 in
2074 887 2276 952 trien-

22 1002 278 1068 nium
296 1051 323 1082 ,
391 999 837 1067 intercedente
879 998 1221 1069 Pontificis
1279 998 1532 1090 legato,
1594 1000 1889 1068 inducias
1950 1004 2274 1091 pepigere.

22 1115 407 1186 Vacabat
467 1141 547 1186 eo
617 1128 915 1206 tempore
956 1117 1357 1206 Imperium,
1407 1116 1661 1186 Bavaro
1703 1116 2032 1205 deposit03
2074 1141 2279 1207 quare

23 1232 496 1301 Benedictus
540 1233 673 1300 XII
742 1230 1059 1302 Pontifex
1122 1236 1371 1301 veritus
1392 1283 1412 1313 ,
1486 1256 1572 1300 ne
1638 1232 1834 1301 Italia
1902 1232 1991 1300 ab
2054 1232 2279 1323 aliquo

33 1362 376 1419 externo
445 1349 635 1419 hoste
699 1350 1152 1430 invaderetur,
1197 1349 1344 1430 vel,
1384 1360 1464 1417 ut
1510 1349 1625 1416 alii
1669 1349 1967 1430 malunt,
2010 1364 2280 1439 accepta

37 1467 591 1556 quinquaginta
622 1463 914 1531 millium
946 1463 1337 1534 florenorum
1368 1487 1657 1543 summa,
1684 1463 2024 1532 Pontificia
2055 1478 2283 1534 aucto-

41 1586 290 1650 ritate
335 1581 722 1649 Luchinum
769 1580 1251 1651 Vicecomitem
1299 1581 1654 1649 Mediolani
1683 1581 2060 1663 Vicarium,
2090 1582 2281 1651 velut

47 1697 435 1766 Ecclesiae
479 1700 658 1765 vices
723 1710 1057 1787 gerentem
1120 1701 1390 1765 creavit.
1435 1697 1720 1767 Mastino
1763 1722 2030 1789 quoque
2074 1690 2282 1766 Scali-

53 1839 252 1907 ger-o
297 1816 363 1883 in
409 1813 816 1884 veronenses
859 1828 928 1881 et
959 1813 1369 1897 Vicentinos,
1399 1815 1753 1907 Gonzagae
1783 1819 1850 1882 in
1882 1816 2280 1884 Mantuanos

55 1944 150 2000 et
205 1931 593 2023 Regienses,
634 1929 1124 2022 Albertinoque
1182 1931 1483 2001 Can-ario
1548 1935 1621 2000 in
1685 1933 2038 2002 Patavinos
2099 1932 2280 2000 idem

59 2048 190 2136 jus
239 2048 513 2116 tribuit.
557 2046 796 2119 Obicio
839 2050 1006 2117 item
1048 2048 1355 2118 Atestino
1398 2073 1696 2117 annuum
1729 2049 1956 2117 decem
1987 2047 2278 2117 millium

65 2186 456 2234 aureorum
501 2161 833 2232 Ecclesiae
878 2163 1380 2255 persolvendum
1428 2165 1755 2232 tributum
1802 2167 2156 2255 imposuit,
2200 2187 2280 2232 ac

63 2279 458 2360 Fen-ariae,
501 2277 805 2348 Mutinae
846 2292 916 2346 et
955 2279 1288 2369 Argentae
1331 2284 1793 2370 possessionem
1837 2279 2276 2348 confirmavit.
2398 2363 2407 2372 .

69 2395 339 2487 Itaque
403 2407 554 2462 tum
621 2397 911 2486 primum
963 2397 1246 2487 Regium
1293 2421 1333 2463 a
1377 2397 1597 2466 Loisio
1640 2398 1900 2466 decreto
1941 2396 2280 2466 Pontificis

75 2514 304 2580 teneri
347 2514 568 2602 coepit
607 2515 711 2593 (¹),
752 2514 871 2602 qui
917 2526 997 2580 ut
1039 2513 1177 2600 jam
1233 2510 1491 2581 afflictis
1541 2513 1966 2602 Regiensibus
2035 2535 2278 2582 novam

73 2625 556 2694 calamitatem
615 2626 914 2709 adderet,
957 2628 1310 2719 duplicatis
1363 2628 1828 2718 vectigalibus,
1871 2630 2073 2694 etiam
2136 2651 2278 2696 mo-

77 2754 322 2809 netam
370 2741 455 2809 ad
511 2741 864 2810 dimidium
905 2743 1055 2831 ejus
1097 2746 1323 2834 pretii,
1366 2766 1504 2835 quo
1549 2755 1704 2809 ante
1750 2741 2275 2832 permutabatur,

81 2857 539 2941 adulteravit3
584 2858 821 2926 deinde
870 2880 1113 2929 novam
1172 2861 1451 2951 antiqua
1501 2859 1663 2928 adeo
1704 2858 2091 2926 deteriorem
2132 2880 2277 2948 pct-

92 2977 346 3054 cuesit,
402 2989 488 3044 ut
550 2988 855 3066 quartam
921 2978 1235 3067 pristinae
1299 2978 1773 3045 aestimationis
1836 2987 2093 3066 partem
2157 2978 2276 3043 vix

91 3094 479 3182 attingeret.
525 3091 943 3184 Philippinus
971 3115 1125 3161 vero
1154 3091 1516 3161 canussius
1544 3102 1848 3182 acceptae
1878 3115 1918 3158 a
1948 3090 2274 3160 Folleanis

85 3208 378 3297 injuriae
420 3233 553 3278 non
598 3213 983 3293 immernor,
1027 3209 1432 3278 vectianum
1474 3230 1705 3279 eorum
1748 3208 2099 3277 castellum
2159 3232 2274 3300 per

84 3329 392 3417 quinque
436 3349 688 3394 menses
732 3327 1065 3396 obsessum
1112 3350 1227 3418 per
1269 3325 1669 3395 deditionem
1723 3329 2014 3417 accepit,
2058 3339 2130 3393 et
2169 3349 2271 3397 se-

84 3446 330 3532 quenti
373 3467 548 3513 anno
590 3465 939 3512 xcccxun
969 3445 1188 3513 Loisio
1237 3445 1527 3512 tradidit.
1573 3445 1653 3511 In
1697 3444 1861 3512 urbe
1905 3466 2063 3513 vero
2106 3467 2276 3513 non-

89 3560 268 3629 nulli
313 3584 401 3629 ex
444 3559 825 3643 Manfredis,
854 3574 924 3628 et
952 3561 1222 3629 Dadalli
1263 3562 1502 3652 opibus
1546 3573 1615 3629 et
1658 3564 2052 3631 auctoritate
2093 3561 2273 3650 apud

89 3675 424 3767 populum
469 3677 832 3770 plurimum
879 3689 1182 3769 potentes
1228 3677 1554 3769 Gonzagis
1596 3680 1912 3769 suspecti,
1956 3677 2147 3746 bonis
2200 3688 2274 3743 et

93 3792 462 3863 ditionibus
504 3793 766 3885 spoliati
811 3816 963 3861 cum
1010 3794 1230 3862 liberis
1274 3797 1346 3862 in
1389 3818 1718 3864 carcerem
1760 3807 1919 3862 sunt
1961 3792 2268 3879 conjecti.

97 3904 228 3976 Sed
257 3907 535 3977 Dadalli
565 3909 867 3979 Luchino
898 3909 1302 3980 vicecomite
1332 3910 1777 3979 intercedente
1818 3934 1980 3979 mox
2021 3908 2272 3977 dimissi

161 4160 250 4230 (Ι)
281 4160 413 4215 Pht.
446 4161 504 4214 iu
539 4160 817 4216 Benedicta
849 4162 973 4216 ΧΠ.
1003 4162 1194 4217 Blond.
1225 4162 1315 4216 lib.
1347 4182 1414 4230 x,
1445 4163 1552 4216 dec.
1592 4172 1665 4214 tr.
