2950 5017
780 387 868 470 34
929 426 933 432 ‚
1519 400 1751 444 anana
1797 400 2212 448 innormatum

779 526 1134 615 incipiente
1177 519 1358 590 bello
1398 522 1643 610 punico
1685 542 1842 587 cum
1883 518 2144 588 duabus
2185 519 2557 611 legionibus
2595 520 2861 590 Romanis

779 655 850 711 et
890 639 1394 733 quatuordecim
1435 635 1736 704 millibus
1783 638 2143 716 sociorum,
2185 660 2270 706 ac.
2306 658 2449 703 unc
2489 637 2810 744 equitibus
2845 639 2861 705 1

778 756 1109 825 Manlium
1152 765 1518 844 praetorem
1560 754 1629 817 (¹)
1675 754 1950 819 missum
1995 750 2193 818 fuisse
2238 755 2520 820 invenio:
2567 776 2678 819 nec
2720 753 2860 822 mul*

777 883 929 962 post
972 870 1056 938 ad
1098 867 1527 938 continendos
1569 868 1640 933 in
1707 863 1913 935 offitio
1961 866 2238 960 populos
2280 867 2563 934 Romani
2604 867 2862 942 Placent

777 990 944 1054 citra
992 986 1251 1053 Padum
1272 1035 1292 1065 ,
1360 996 1429 1050 et
1494 981 1674 1050 ultra
1742 983 2068 1051 Cremona
2135 981 2479 1050 aedificata
2531 985 2600 1050 in
2657 983 2863 1073 singul

781 1126 942 1171 sena
987 1100 1201 1169 millia
1243 1099 1625 1168 colonorum
1671 1098 2090 1165 deduxerunt
2129 1103 2196 1168 (²)
2225 1147 2241 1165 .
2287 1096 2456 1164 Eam
2495 1112 2747 1188 gentem
2773 1099 2863 1168 col

775 1221 959 1286 niam
1003 1215 1434 1307 appellabant
1480 1214 1660 1305 quod
1704 1217 2121 1303 pauperiores
2175 1213 2506 1283 Romanos
2568 1215 2651 1281 ad
2693 1239 2863 1284 novu

776 1356 1005 1423 agrum
1055 1331 1411 1400 colendum
1482 1328 1614 1398 alio
1670 1329 2053 1396 habitatum
2100 1333 2459 1397 mitterent.
2513 1329 2591 1395 Id
2632 1355 2762 1398 non
2808 1343 2863 1400 ta

725 1423 733 1435 ι
775 1449 860 1516 ad
901 1445 1380 1516 sublevandam
1425 1448 1766 1513 civitatem
1810 1444 2054 1512 infimis
2077 1446 2453 1513 hominibus
2489 1446 2632 1513 urbi
2662 1471 2864 1516 onero:

771 1567 1127 1636 inventum
1174 1561 1332 1643 fuit,
1375 1585 1583 1651 quam
1628 1573 1708 1629 ut
1754 1562 2263 1652 propugnaculis
2304 1565 2566 1652 imperii
2595 1561 2865 1631 collocat

776 1681 971 1770 quasi
1016 1676 1280 1764 frenum
1326 1680 1405 1743 iis
1442 1677 1809 1765 injicerent,
1851 1681 1972 1767 qui
2016 1677 2269 1768 aliquid
2312 1689 2540 1745 contra
2569 1677 2865 1768 Rempul

771 1818 920 1861 cam
953 1804 1170 1861 essent
1216 1787 1545 1861 molituri.
1587 1791 1993 1882 Plerumque
2022 1796 2225 1859 etiam
2255 1793 2488 1860 iisdem
2534 1795 2865 1860 manentil:

768 1908 1002 1977 incolis
1043 1909 1156 1994 jus
1188 1908 1367 1994 Latii
1415 1897 1732 1988 dabatur,
1777 1908 1955 1997 quod
2004 1920 2163 1976 tunc
2207 1909 2530 1998 plerisque
2575 1912 2642 1975 in
2687 1908 2865 1975 Galli

661 2027 674 2039 ⁸
770 2024 1146 2113 Cisalpinae
1190 2023 1348 2091 locis
1393 2022 1650 2090 factum
1695 2022 1894 2092 fuisse
1937 2023 2261 2112 Polybius
2303 2028 2544 2091 innuit.
2591 2024 2867 2092 Triumv

770 2156 999 2232 earum
1044 2138 1451 2208 coloniarum
1483 2138 2012 2209 deducendarum
2040 2164 2238 2207 causa
2267 2143 2466 2206 creati
2497 2138 2686 2206 fuere
2708 2140 2795 2207 C.
2828 2142 2867 2207 1

656 2292 667 2304 ·
769 2259 999 2337 tatius,
1044 2256 1131 2323 A.
1175 2254 1515 2335 Servilius,
1545 2266 1613 2322 et
1642 2255 1725 2322 T.
1772 2256 2056 2324 Annius.
2100 2255 2246 2324 Boii
2277 2255 2365 2323 ob
2397 2269 2647 2323 veteres
2678 2254 2866 2341 injur

773 2363 993 2444 adhuc
1036 2372 1353 2441 Romanis
1397 2370 1661 2453 infensi,
1705 2396 1861 2439 cum
1906 2395 2149 2442 novam
2179 2385 2471 2461 gentem,
2502 2371 2692 2439 velut
2721 2372 2867 2461 jugi

767 2489 893 2557 sibi
938 2491 1354 2578 impositum,
1403 2512 1592 2578 aegre
1637 2487 1906 2568 ferrent,
1949 2487 2321 2558 sollicitatis
2366 2488 2450 2556 ad
2512 2486 2869 2556 defection«

770 2605 1184 2685 Insubribus,
1232 2603 1485 2672 infestis
1513 2608 1734 2680 ,armis
1786 2606 1856 2671 in
1909 2627 2112 2672 novos
2161 2604 2430 2673 colonos
2480 2608 2822 2694 impetum

769 2723 981 2787 ciunt.
1025 2718 1127 2785 Ea
1170 2721 1597 2809 impressione
1640 2743 1773 2787 non
1820 2722 2091 2807 agrestis
2148 2720 2344 2788 modo
2399 2719 2781 2788 multitudo
2834 2745 2869 2809 p

769 2839 1025 2916 territa,
1068 2836 1179 2904 sed
1225 2839 1350 2925 ipsi
1393 2838 1601 2902 etiam
1646 2835 2034 2920 Triumviri,
2077 2840 2194 2926 qui
2240 2836 2324 2902 ad
2356 2860 2593 2925 agrum
2631 2840 2869 2926 assign:

770 2951 933 3018 dum
965 2962 1311 3033 venerant,
1343 2950 1722 3018 Placentiae
1756 2952 2103 3020 moenibus
2124 2949 2340 3032 diffisi,
2360 2952 2701 3018 Mutinam
2725 2976 2868 3021 con

769 3080 1021 3156 gerant.
1051 3066 1223 3133 Eam
1255 3067 1497 3133 urbem
1528 3090 1567 3132 a
1598 3067 1680 3133 C.
1705 3068 2009 3135 Fabritio
2037 3069 2322 3152 Luscino
2352 3071 2420 3134 in
2453 3067 2629 3147 loco,
2662 3071 2793 3158 qui
2828 3070 2869 3135 R

773 3182 1011 3248 culena
1049 3168 1441 3260 vocabatur,
1470 3178 1899 3273 fabricatam,
1942 3181 2261 3270 indeque,
2291 3196 2554 3251 mutato
2586 3184 2869 3251 vocabu

770 3297 1109 3364 Mutinam
1152 3295 1401 3361 dictam
1443 3292 1645 3361 fuisse
1688 3295 1960 3384 quidam
2003 3294 2248 3364 ferunt.
2283 3298 2428 3366 Boii
2458 3319 2567 3367 eos
2602 3323 2869 3388 persecu

771 3413 937 3478 urbe
982 3422 1163 3477 arcta
1204 3410 1541 3479 obsidione
1583 3412 1884 3502 undique
1925 3415 2165 3492 cincta,
2208 3416 2277 3481 in
2316 3419 2599 3504 speciem
2634 3419 2869 3483 iacun«

769 3528 949 3615 pacis
1000 3535 1306 3594 evocatos
1357 3525 1816 3596 Romanorum
1880 3525 2134 3617 legatos
2174 3542 2417 3598 'contra
2480 3530 2592 3616 jus
2663 3534 2867 3619 genti

766 3640 1440 3730 comprehenderunt:
1487 3664 1657 3731 quos
1703 3665 1864 3712 cum
1910 3643 2195 3719 Romani
2240 3633 2642 3736 repeterent,
2701 3647 2815 3726 ita

772 3778 981 3842 mum,
1024 3781 1094 3825 se
1159 3761 1578 3828 restituturos
1641 3764 2076 3851 promiserunt
2141 3764 2197 3828 si
2264 3784 2304 3828 a
2367 3785 2454 3848 se⁴
2494 3761 2641 3829 dati
2708 3761 2869 3832 obsi

847 4030 928 4098 (1)
961 4031 1077 4084 Liv.
1110 4031 1199 4083 lib.
1238 4048 1282 4098 r,
1315 4032 1420 4085 dec.
1455 4035 1502 4084 3.

842 4123 923 4193 (a)
957 4123 1119 4178 Polib.
1154 4123 1244 4178 lib.
1279 4125 1308 4177 3
1343 4125 1463 4178 hist.
