2950 5017
929 428 1128 475 mna
1170 428 1470 485 omarus
2156 410 2288 503 269

43 572 247 617 mere
299 548 616 617 decrevit
634 598 652 616 .
701 547 982 618 Mimo
1024 551 1221 619 tertio
1274 552 1481 641 igitur
1540 549 1849 621 calendae
1912 552 2291 622 novembrio

45 685 216 731 cun
285 664 706 735 Vannuccio
758 687 808 730 a
852 664 1066 732 Dallo
1077 713 1104 749 ,
1156 666 1385 734 Tilino
1428 689 1475 731 a
1516 665 1878 752 Mandtia,
1921 666 2294 737 Gomieibus

43 779 417 865 Gemelli,
447 791 519 846 et
548 778 886 848 nonnullis
913 778 1404 847 Mutinensibus
1450 781 1758 849 adversus
1800 784 2090 872 patriam
2132 804 2295 851 con-
2376 841 2380 847 .

47 892 391 981 juravit,
436 917 518 961 ae
563 916 805 984 magna
863 892 1185 961 clientum
1226 907 1297 962 et
1338 898 1665 965 sociorum
1733 919 1942 963 manu
2008 898 2295 986 stipatus

49 1009 338 1078 urbem
385 1013 462 1078 in
505 1033 698 1078 ruam
740 1020 1140 1101 potestatem
1178 1010 1563 1079 redaetmm
1603 1009 1996 1101 ingreditur.
2041 1012 2121 1079 In
2163 1013 2296 1102 pri-

58 1128 212 1195 mia
289 1138 386 1193 ut
452 1127 859 1216 potentium,
912 1148 1081 1216 quoe
1130 1126 1259 1193 eibi
1324 1127 1727 1193 adversarios
1792 1125 2106 1214 putabat,
2151 1129 2294 1197 vim

59 1243 480 1321 minueret,
512 1263 780 1310 summo
809 1263 1008 1308 mane
1038 1239 1125 1306 ad
1154 1238 1647 1307 Manfredorum
1695 1237 1886 1305 aedes
1930 1238 2297 1321 contendit,

71 1379 162 1424 ao
212 1358 536 1449 quodam
588 1354 898 1426 familiari
917 1408 940 1439 ,
988 1358 1110 1447 qui
1160 1356 1416 1423 aditum
1474 1353 1905 1445 prohibebat,
1949 1353 2299 1424 crudeliter

69 1474 477 1555 trucidato,
507 1485 739 1543 contra
782 1474 892 1559 jus
932 1475 1269 1543 societatis
1298 1473 1576 1539 Actium
1621 1494 1778 1567 cum
1822 1470 2077 1551 liberis,
2104 1471 2298 1540 Prae-

77 1593 404 1680 positum
448 1590 610 1659 Divi
652 1590 951 1680 Prosperi
994 1613 1037 1656 a
1079 1587 1372 1658 Castello
1410 1587 1891 1669 Guiduccium,
1937 1586 2301 1656 Nicolaum

83 1718 162 1774 et
202 1704 638 1777 Bonifatium
707 1729 934 1775 omnes
1000 1709 1071 1774 in
1136 1704 1310 1773 lecto
1377 1704 1813 1793 deprehensos
1878 1707 1951 1772 in
2023 1704 2295 1773 vincula

88 1820 406 1907 conjicit.
453 1819 635 1888 Tum
666 1820 838 1903 aliie,
868 1822 988 1911 qui
1018 1831 1244 1910 aperte
1274 1819 1611 1909 tyrannidi
1657 1819 2036 1900 obstabant,
2064 1821 2292 1902 caesis,

95 1958 182 2003 ac
222 1938 507 2005 caeteris
551 1948 791 2007 terrore
833 1939 1119 2016 incusso,
1163 1958 1318 2002 cum
1367 1936 1637 2003 armatis
1674 1935 2008 2025 peditibus
2040 1939 2302 2026 equita-

93 2063 323 2143 tuque
378 2052 848 2143 perambulans
893 2052 1132 2120 urbem
1163 2101 1184 2133 ,
1227 2075 1564 2142 quemque
1606 2055 1677 2119 in
1725 2052 1995 2119 aedibus
2035 2075 2105 2120 ee
2147 2076 2308 2122 con·

99 2169 316 2236 tinere
386 2167 611 2253 jubet.
678 2167 1001 2237 Postridie
1069 2167 1110 2244 J
1112 2166 1429 2237 acobinue
1496 2167 1799 2257 Paganue
1864 2166 2304 2237 decurionum

97 2285 414 2375 princepe
457 2281 688 2374 populi
733 2285 1009 2352 comitia
1050 2282 1323 2363 babuit3
1367 2286 1441 2350 in
1485 2283 1734 2374 quibus
1776 2282 1958 2373 plebi
2007 2284 2301 2374 eligendi

101 2404 427 2492 principie
469 2403 922 2469 necessitatem
970 2402 1281 2491 exponit3
1327 2400 1813 2491 rempublicam
1841 2404 2038 2468 variis
2068 2399 2306 2471 factio-

107 2516 309 2585 nibus
357 2519 601 2598 teneri,
654 2515 813 2583 hinc
878 2515 1031 2582 urbi
1098 2515 1435 2584 excidium
1481 2516 1707 2584 exules
1777 2520 2048 2598 minari,
2114 2517 2305 2586 illinc

108 2652 262 2699 cum
308 2631 638 2703 Atestinis
680 2629 1023 2721 Gonzagas
1079 2654 1310 2722 urgere
1326 2683 1347 2713 ,
1390 2634 1593 2699 ratius
1636 2655 1770 2699 ease
1813 2644 1972 2701 noto
2015 2634 2193 2712 civi,
2237 2642 2307 2699 et

113 2747 185 2814 id
227 2751 634 2839 praesertim.
675 2748 995 2838 probante
1040 2748 1331 2830 Boemo,
1373 2772 1581 2839 quam
1645 2760 1959 2817 extraneo
2002 2747 2111 2816 vel
2153 2749 2306 2817 bar-

115 2861 279 2933 baro
345 2887 418 2935 ee
481 2869 915 2933 committere.
959 2864 1281 2934 Nondum
1327 2864 1413 2931 ad
1456 2867 1771 2933 orationis
1814 2863 2014 2932 finem
2081 2886 2309 2954 perve-

123 2992 333 3062 nerat,
375 3003 536 3055 cum
579 3004 667 3047 ex
708 2983 1067 3071 composito
1111 2979 1580 3048 Folleanorum
1624 2979 1893 3048 clientes
1935 2979 2300 3049 Nicolaum

125 3096 486 3187 principem
559 3095 891 3164 clamant.
961 3096 1133 3164 Foro
1197 3096 1496 3188 undique
1562 3098 1760 3164 armis
1826 3099 2307 3187 circumsepto,

123 3211 393 3281 inermi·
436 3210 725 3302 populus
768 3212 1141 3279 libertatem
1181 3213 1363 3302 prius
1389 3211 1516 3278 sibi
1546 3223 1838 3302 ereptam
1872 3212 2065 3292 vidit,
2096 3234 2309 3303 quam

123 3326 257 3414 ipae
297 3327 702 3396 dimitteret:
746 3351 955 3419 quare
1020 3351 1104 3396 ne
1176 3331 1396 3397 minue
1442 3331 1711 3417 tyranni
1755 3327 2086 3397 studiosus
2130 3327 2310 3395 vide-

123 3452 328 3525 retur,
358 3443 541 3534 quod
583 3443 880 3515 adimere
914 3468 1047 3514 non
1092 3454 1380 3534 poterat,
1421 3447 1682 3536 urgenti
1724 3448 2105 3515 necessitate
2150 3466 2312 3514 con·

129 3560 348 3626 oeuit,
394 3557 570 3649 Lege
613 3559 1003 3650 municipali
1066 3571 1345 3629 cautum
1414 3575 1559 3627 erat
1626 3572 1729 3642 ut,
1796 3561 1995 3651 nigris
2059 3559 2312 3627 albieve

129 3667 295 3745 fibi!
340 3672 522 3743 clam
584 3676 656 3743 in
724 3675 1041 3775 pyxidem
1086 3679 1327 3758 missis,
1370 3675 1455 3744 de
1502 3698 1933 3767 quacumque
1977 3697 2047 3741 re
2090 3675 2312 3741 curiae

134 3785 441 3857 voluntas
486 3788 977 3880 exploraretur3
1024 3791 1136 3859 sed
1194 3815 1352 3861 cum
1420 3791 1696 3862 occultis
1765 3788 2089 3879 suffragiis
2155 3811 2315 3858 con-

138 3909 402 3973 trarium
444 3908 694 3974 civium
738 3907 1035 3975 studium
1079 3904 1218 3976 fore
1263 3911 1632 3991 timeretur,
1679 3908 1995 3998 abrogato
2039 3918 2307 3976 vetusto

139 4019 416 4091 civitatis
466 4022 646 4110 jure,
690 4023 1034 4092 decretum
1074 4035 1173 4093 eet
1212 4036 1297 4092 ut
1337 4025 1524 4117 quod
1584 4008 2088 4116 proponendum
2143 4039 2310 4105 erat,

141 4136 242 4205 vel
277 4139 515 4215 :tando
559 4141 1074 4234 improbaretur,
1103 4141 1213 4214 vel
1254 4142 1550 4213 sedendo
1595 4141 2114 4214 confirmaretur.
2157 4139 2317 4211 Plu·
