2950 5017
639 352 772 436 354
1389 366 1628 413 aarum
1684 365 2110 412 azorssnsrmu

635 503 827 562 netos
868 490 1051 581 pacis
1096 488 1347 560 amieos
1401 512 1445 555 a
1498 490 1838 580 proposito
1882 487 2227 558 dimovere
2277 500 2551 579 posset,
2612 486 2877 560 tandm

634 631 878 700 magna
907 606 1169 676 dicendi
1206 605 1551 686 libertate,
1591 616 1838 688 vestra,
1868 608 2121 697 inquit,
2150 605 2422 689 Veneti,
2449 605 2876 697 negligentia

637 716 1059 806 cannenses,
1103 723 1356 815 quibus
1415 724 1740 814 proximis
1808 724 1999 790 annis
2064 745 2443 792 succurrere
2517 722 2879 803 noluistis,

634 842 1028 934 Philippum
1073 865 1275 910 suum
1319 842 1688 933 principem
1733 852 2171 931 acceperunt,
2200 865 2322 910 nos
2357 865 2511 911 vero
2574 864 2764 908 eum
2804 865 2879 908 re-
2912 889 2913 898 η

634 986 815 1056 gem,
842 973 913 1028 et
941 984 1059 1029 vos
1086 983 1433 1030 summum
1464 961 1937 1051 imperatorem
1968 959 2300 1029 creabitis.
2334 959 2660 1028 Senatus
2694 984 2879 1050 quem
2912 935 2913 1020 Ῠ

634 1104 770 1152 non
815 1079 1054 1170 longae
1100 1081 1455 1160 orationes,
1507 1102 1647 1147 non
1683 1079 1947 1169 saepius
1982 1079 2301 1168 repetitae
2343 1077 2755 1170 legationes
2786 1076 2879 1145 fle·

631 1209 896 1280 xerunt,
932 1199 1136 1264 trium
1171 1196 1531 1268 verborum
1556 1198 1861 1284 acumine
1885 1207 2114 1264 motus
2142 1195 2549 1266 Florentinis
2607 1220 2694 1262 se
2742 1218 2876 1262 con-

632 1314 889 1404 junxit.
919 1315 997 1382 In
1029 1338 1180 1381 eam
1210 1316 1595 1384 societatem
1626 1313 1949 1382 Amideus
1981 1313 2426 1404 Allobrogum
2472 1315 2703 1393 Dux,
2736 1313 2878 1380 Hel-

635 1434 839 1515 vetii,
907 1434 1194 1511 Joaunes
1258 1432 1298 1509 J
1303 1431 1550 1500 acobus
1614 1428 2093 1501 Montisferrati
2160 1430 2463 1508 Marchio
2484 1481 2506 1511 ,
2582 1432 2635 1508 J
2638 1451 2913 1499 oannes¹

634 1550 1027 1619 Franciscus
1069 1550 1394 1619 Mantuae
1439 1549 1783 1639 Princeps,
1833 1560 1906 1615 et
1946 1547 2270 1617 Nicolaus
2314 1549 2701 1618 Atestinus
2757 1571 2880 1615 om-

635 1670 832 1738 nium
861 1671 1208 1760 copiarum
1239 1669 1602 1758 imperator
1629 1666 2003 1734 declaratus
2033 1666 2136 1733 his
2167 1666 2690 1735 conditionibus
2733 1676 2873 1734 sunt

636 1784 944 1877 perducti
1009 1796 1090 1852 ut
1156 1808 1466 1876 prospera
1527 1781 1695 1851 belli
1758 1784 2155 1851 succedente
2203 1780 2486 1852 fortuna
2535 1781 2875 1851 Amideus

638 1901 1128 1985 Mediolanum,
1172 1901 1499 1971 Nicolaus
1543 1901 1893 1982 Famam,
1937 1902 2308 1970 Florentini
2353 1926 2504 1968 eam
2553 1898 2871 1968 AEmiliae

638 2032 902 2110 partem
968 2042 1143 2111 quae
1208 2042 1391 2087 nunc
1460 2018 1905 2087 Romandiola
1968 2019 2246 2102 dicitur,
2315 2032 2542 2088 cetera
2624 2017 2867 2086 Veneti

639 2137 1046 2206 obtinerent.
1092 2137 1172 2204 Id
1216 2138 1339 2204 ubi
1383 2136 1737 2227 Philippus
1781 2141 1984 2206 sensit
2037 2137 2218 2206 clam
2285 2137 2483 2227 plura
2555 2137 2866 2206 hostium

639 2265 858 2322 castra
924 2277 1041 2345 per
1106 2254 1551 2344 proditionem
1610 2277 1944 2344 *occupare
2006 2257 2315 2322 tentavit.
2361 2255 2441 2321 In
2497 2257 2866 2344 primisque

639 2372 971 2451 Ioannem
1002 2370 1400 2441 Folleanum
1446 2385 1888 2461 cognomento
1931 2372 2332 2453 Italianum,
2379 2375 2503 2463 qui
2549 2373 2764 2463 plura
2804 2372 2866 2436 in

640 2488 1084 2581 Regiensibus
1130 2487 1404 2555 castella
1448 2487 1746 2569 tenebat,
1792 2491 1867 2555 in
1907 2511 2060 2555 suas
2105 2500 2326 2577 partes
2376 2492 2623 2556 traxit.
2674 2487 2862 2556 Nico-

640 2608 797 2678 laus
839 2608 1184 2676 Atestinus
1227 2617 1312 2673 ut
1354 2618 1622 2674 mature
1667 2605 1945 2675 factioso
1979 2605 2238 2675 homini
2268 2621 2647 2675 occurreret
2668 2659 2693 2689 ,
2725 2628 2865 2675 con·
2912 2611 2913 2614 ’

642 2735 861 2794 tracto
907 2726 1207 2792 exercitu
1252 2724 1315 2791 ei
1360 2722 1824 2814 carpinetum,
1870 2722 2268 2804 Minocium,
2305 2723 2666 2808 Cavolam,
2701 2724 2859 2791 Toa-

641 2866 847 2925 num,
892 2840 1303 2934 Solognum,
1348 2840 1781 2932 Sargianam,
1824 2853 1893 2908 et
1938 2840 2359 2925 Quertiolam
2413 2842 2714 2911 ademit.
2764 2841 2859 2919 Jo-

644 2983 850 3030 anues
892 2959 1220 3036 Italiauus
1249 2983 1406 3027 cum
1438 2959 1781 3028 Lodovica
1811 2981 2020 3030 uxore
2049 2957 2431 3048 Aguignam
2476 2982 2545 3026 se
2594 2959 2857 3048 recepit,

643 3078 767 3146 ubi
813 3078 1166 3168 explicatis
1198 3077 1699 3147 Vicecomitum
1746 3077 2009 3145 vexillis
2022 3128 2042 3159 ,
2074 3078 2499 3159 Atestinum,
2542 3082 2671 3169 qui
2716 3098 2851 3145 eum

642 3208 913 3265 secutus
959 3192 1206 3277 fuerat,
1238 3195 1543 3262 recedere
1573 3195 1943 3286 compulit3
1973 3195 2085 3262 sed
2117 3194 2232 3262 ille
2274 3219 2519 3286 magna
2565 3196 2850 3263 militnm

645 3337 857 3381 manu
901 3315 970 3380 in
1018 3306 1402 3382 Parmenses
1467 3313 1756 3381 deducta
1824 3319 2117 3405 opimam
2186 3314 2503 3404 praedam
2549 3314 2845 3383 Nicolaus

645 3430 939 3499 abduxit
970 3431 1069 3514 (¹),
1115 3444 1188 3499 et
1231 3431 1482 3500 milites
1525 3456 1614 3500 ex
1658 3431 1938 3501 AEmilia
1983 3446 2056 3501 et
2101 3433 2419 3500 Hetruria
2461 3432 2774 3501 Genuam
2810 3451 2843 3495 s

641 3546 960 3639 Philippo
1007 3561 1275 3624 vocatos
1318 3551 1393 3618 in
1436 3552 1674 3618 itinere
1719 3549 1990 3618 afflixit.
2037 3551 2335 3618 Demum
2367 3550 2688 3639 precibus
2716 3546 2845 3617 Phi·

642 3666 816 3759 lippi
849 3671 1065 3738 victus
1101 3672 1378 3738 materia
1424 3669 1511 3738 ad
1556 3670 2077 3746 construendum
2123 3681 2404 3759 pontem
2447 3692 2656 3760 super
2682 3662 2841 3735 Scul-

644 3794 853 3856 tenna
884 3785 1093 3857 fluvio
1124 3786 1302 3856 clam
1338 3798 1541 3857 nocte
1586 3809 1900 3858 concessa
1927 3788 2211 3857 liberam
2243 3785 2536 3855 abeundi
2566 3783 2843 3855 hostibus

643 3911 1054 3992 potestatem
1099 3907 1406 3994 permisit
1434 3905 1536 3973 (ὓ).
1583 3905 1838 3983 Joanne
1892 3930 2050 3976 vero
2103 3904 2388 3973 Italiano
2453 3915 2689 3995 postea
2750 3898 2841 3967 de·
2912 3899 2913 3902 ’

721 4084 808 4153 (ι)
840 4084 1031 4139 Blond.
1063 4086 1123 4138 in
1161 4105 1246 4139 m.
1280 4089 1452 4140 decad.
1489 4089 1577 4141 lib.
1621 4108 1672 4141 rr
1712 4092 1769 4141 in
1806 4090 1897 4140 fin.
1936 4098 1988 4141 et
2024 4091 2113 4140 lib.
2150 4106 2217 4140 m
2254 4088 2309 4139 in
2342 4087 2515 4156 princ.

717 4179 799 4249 (a)
834 4179 1024 4236 corius
1059 4181 1118 4234 in
1152 4201 1187 4235 v
1223 4192 1386 4252 parte.
