2950 5017
877 428 1073 473 mann
1116 427 1451 492 secuntum
2160 433 2243 501 79

56 599 105 637 5,
130 548 537 640 aspectibus
568 552 843 615 invicem
870 561 1276 638 separentur,
1307 562 1385 615 ut
1411 552 1617 616 visuri
1651 569 1764 616 eos
1791 551 2078 638 amplius
2105 572 2242 617 non

52 715 95 750 ‚,
123 671 317 749 sint,
344 687 624 753 quorum
642 668 1029 751 praesentia
1082 668 1362 730 maxime
1407 666 1831 731 delectentur.
1886 664 2243 733 Vehemens

54 830 97 865 „
130 784 339 849 istud
378 783 772 847 desiderium
828 802 987 847 vera
1052 778 1341 846 charitas
1407 783 1632 868 gignit
1645 827 1673 862 ,
1735 782 1857 847 sed
1918 783 2244 849 moderate

56 943 101 980 „
129 897 323 963 illud
360 894 716 983 serendum
759 907 901 978 est,
945 893 1059 959 ubi
1105 898 1376 961 credunt
1392 942 1419 977 ,
1464 898 1583 981 qui
1634 909 1992 978 remanent,
2038 898 2245 961 multo

58 1059 101 1095 „
136 1014 389 1080 utilius
434 1032 580 1079 esse
621 1010 1107 1079 discedentibus
1155 1012 1537 1099 proficisci,
1581 1033 1780 1098 quam
1838 1011 1947 1077 hic
1998 1016 2248 1078 diutius

62 1175 108 1212 „
138 1150 317 1196 esse.
343 1126 471 1195 Sic
498 1127 658 1194 mibi
691 1129 953 1215 quidem
981 1133 1334 1216 contingit,
1365 1132 1484 1215 qui
1514 1117 1662 1194 cum
1691 1126 2016 1216 Apostolo
2047 1134 2273 1216 cupio·

64 1290 111 1326 „
142 1243 426 1310 dissolvi
436 1290 464 1325 ,
508 1254 578 1309 et
620 1263 762 1308 esse
806 1264 955 1308 cum
997 1241 1294 1309 Christo:
1349 1264 1431 1308 ea
1490 1256 1589 1308 est
1657 1255 1835 1308 meta
1898 1246 1989 1307 ad
2053 1266 2248 1328 quam

66 1361 411 1446 „jamdiu
440 1378 757 1445 propero,
786 1370 856 1423 et
889 1360 984 1422 ad
1008 1379 1205 1444 quam
1244 1379 1503 1445 semper
1541 1362 1761 1425 omnia
1806 1380 1951 1425 mea
1992 1360 2250 1424 contuli

68 1519 111 1555 „
136 1485 334 1539 vota.
380 1470 608 1561 Quare
671 1494 717 1537 a
778 1471 968 1538 vobis
1034 1477 1133 1537 sic
1191 1475 1598 1540 discessurus
1649 1495 1836 1555 sum,
1903 1486 1983 1538 ut
2039 1474 2252 1538 -multo

68 1635 115 1673 „
142 1592 366 1677 magis
411 1592 828 1677 imposterum
869 1593 993 1654 sim
1033 1588 1371 1655 vobiscum
1398 1589 1679 1676 futurus
1695 1638 1714 1656 .
1761 1589 2009 1677 Neque
2050 1592 2251 1657 velim

70 1751 117 1788 „
142 1707 513 1772 discessum
539 1704 717 1771 bunc
760 1728 805 1769 a
845 1703 1034 1773 vobis
1078 1726 1286 1770 meum
1324 1705 1759 1788 arbitremini,
1791 1709 1912 1772 sed
1937 1708 2031 1772 ad
2055 1708 2255 1794 longe

76 1867 125 1903 „
154 1821 484 1888 meliorem
525 1834 769 1888 statum
811 1842 1181 1906 accessum,
1213 1820 1327 1889 ubi
1355 1823 1561 1889 multo
1607 1815 1852 1890 utilior⁸
1877 1821 2069 1889 vobis
2109 1843 2255 1888 sum

75 1982 119 2019 „
133 1933 453 2024 ῥεια-ω,
492 1941 552 2003 si
596 1941 670 2003 in
715 1938 1094 2020 dilectione,
1134 1940 1227 2004 ad
1264 1960 1461 2026 quam
1504 1959 1624 2004 vos
1666 1959 1928 2025 semper
1952 1937 2257 2004 hortatus

76 2099 119 2134 „
146 2074 326 2137 sum,
359 2057 906 2143 permanseritis3
937 2058 999 2121 si
1028 2068 1292 2122 mutuae
1332 2053 1682 2121 charitatis
1708 2068 1778 2123 et
1811 2057 2256 2123 mandatorum

79 2211 123 2248 n
150 2166 296 2234 Dei
338 2188 647 2235 memores
690 2172 894 2234 eritis.
938 2166 1020 2234 Si
1062 2172 1234 2234 enim
1266 2173 1539 2256 putatis
1581 2190 1682 2235 me
1713 2173 2021 2259 potuisse
2050 2169 2240 2235 vobis

85 2328 125 2364 „
152 2280 499 2370 hucusque
531 2284 873 2370 prodesse,
919 2285 1179 2371 qualem
1221 2305 1322 2349 me
1349 2282 1663 2370 futurum
1704 2305 1863 2370 erga
1905 2305 2026 2350 vos
2074 2285 2257 2350 dein·

83 2443 123 2478 „
157 2419 324 2487 ceps
370 2400 629 2465 credere
673 2398 1111 2477 debetissubi
1152 2402 1577 2466 inexaustum
1620 2398 1931 2466 bonorum
1974 2404 2259 2467 omnium

85 2561 127 2596 „
156 2513 536 2582 thesaurum
580 2518 862 2600 attigero
883 2506 925 2579 ?
966 2512 1197 2601 Igitur
1233 2513 1591 2603 abstergite
1632 2517 1780 2602 jam
1815 2518 2142 2598 lacrimas,
2189 2530 2258 2582 et

84 2628 350 2715 „finem
377 2630 601 2717 flendi
624 2628 875 2717 facite,
907 2642 975 2696 et
1001 2632 1420 2717 gaudendum
1465 2635 1677 2717 magis
1707 2630 1836 2696 bac
1867 2635 1938 2695 in
1971 2652 2036 2696 re
2068 2630 2258 2697 vobis

84 2789 126 2825 „
154 2767 356 2831 quam
396 2746 752 2811 dolendum
803 2748 1182 2812 existimate
1215 2792 1253 2828 „
1281 2793 1300 2811 .
1371 2744 1569 2812 Haec
1634 2767 1784 2811 cum
1850 2748 2129 2810 dixisset
2191 2757 2264 2810 et

84 2858 562 2942 sacerdotibus,
610 2872 679 2925 et
724 2881 921 2946 quam
953 2860 1262 2947 plurimis
1305 2862 1385 2926 de
1421 2862 1684 2948 populo
1723 2864 1839 2946 qui
1867 2857 2259 2945 frequentes

86 2973 493 3037 advenerant
534 2973 1011 3056 benedixisset,
1064 2976 1293 3040 oculos
1338 2987 1408 3039 et
1447 2994 1681 3039 manus
1725 2954 1817 3038 ad
1857 2972 2109 3038 coelum
2154 2993 2262 3037 su-

86 3088 287 3153 stulit
296 3134 324 3169 ,
370 3099 436 3154 et
477 3110 617 3154 cum
662 3092 821 3155 mire
879 3092 1028 3177 ejus
1074 3089 1304 3178 facies
1347 3089 1722 3156 exhilarata
1767 3089 2263 3176 resplendisset,

87 3203 394 3269 omnibus
437 3209 548 3292 qui
588 3206 867 3272 aderant
908 3205 1362 3295 stupentibus,
1406 3227 1492 3273 ac
1532 3206 1837 3294 psalmis,
1876 3205 2264 3293 hymnisque

90 3320 179 3384 aa
226 3317 610 3406 feliciorem
672 3324 880 3387 vitam
945 3325 1333 3409 migrantem
1396 3326 1683 3387 animam
1751 3319 2260 3402 comitantibus,

90 3432 353 3500 demum
398 3458 578 3502 anno
620 3449 989 3503 ccccnxvm
1034 3441 1312 3525 septimo
1362 3437 1489 3503 cal.
1538 3437 1745 3514 Julias
1790 3437 2101 3516 decessit,
2146 3438 2263 3524 qui

93 3547 213 3616 die·
256 3550 445 3641 apud
487 3574 606 3619 nos
650 3575 885 3641 magna
929 3551 1310 3619 celebritate
1363 3551 1570 3620 festus
1629 3555 1877 3643 agitur.
1929 3551 2260 3632 Cadaver,

98 3665 337 3754 populo
368 3669 545 3733 tanti
580 3669 700 3735 viri
731 3690 1072 3735 excessum
1102 3667 1511 3759 deplorante,
1541 3672 1612 3735 in
1643 3667 2045 3758 Apollinaris
2076 3666 2264 3749 aede,

97 3791 167 3845 nt
204 3782 346 3871 ipae
391 3796 834 3872 praeceperat,
864 3782 1337 3873 religiosissime
1370 3783 1714 3853 conditum
1748 3781 1907 3850 fuit:
1931 3777 2265 3872 plurim’a-

99 3917 213 3982 que
240 3912 413 3965 tunc
442 3903 763 3967 miracula
791 3904 976 3968 edita
1001 3901 1233 3990 fuisse
1261 3906 1597 3969 dicuntur.
1631 3902 1810 3989 Ejus
1840 3914 2033 3989 gesta
2058 3899 2270 3978 Joan·

100 4032 207 4080 nes
246 4013 598 4084 Antonius
641 4016 1011 4084 Flaminius
1054 4020 1350 4107 collegit,
1397 4032 1463 4086 et
1507 4018 1594 4085 ab
1640 4041 1718 4087 eo
1760 4023 2018 4106 scripta
2043 4017 2272 4102 fertur

88 4125 538 4213 famosissima
566 4136 659 4201 ad
683 4132 1079 4203 Flavianum
1110 4137 1396 4225 epistola
1426 4137 1509 4205 de
1537 4135 1587 4201 I
1584 4141 2013 4204 ncarnatione
2044 4132 2267 4216 Verbi,
