<?xml version="1.0" encoding="UTF-8"?>
<!DOCTYPE html PUBLIC "-//W3C//DTD XHTML 1.0 Transitional//EN"
    "http://www.w3.org/TR/xhtml1/DTD/xhtml1-transitional.dtd">
<html xmlns="http://www.w3.org/1999/xhtml" xml:lang="en" lang="en">
 <head>
  <title>
</title>
<meta http-equiv="Content-Type" content="text/html;charset=utf-8" />
  <meta name='ocr-system' content='tesseract 3.04.00' />
  <meta name='ocr-capabilities' content='ocr_page ocr_carea ocr_par ocr_line ocrx_word'/>
</head>
<body>
  <div class='ocr_page' id='page_1' title='image "./rerumhistoricar00unkngoog_0203.png"; bbox 0 0 2950 5017; ppageno 0'>
   <div class='ocr_carea' id='block_1_1' title="bbox 925 452 2268 530">
    <p class='ocr_par' dir='ltr' id='par_1_1' title="bbox 925 452 2268 530">
     <span class='ocr_line' id='line_1_1' title="bbox 925 452 2268 530; baseline 0.004 -32"><span class='ocrx_word' id='word_1_1' title='bbox 925 452 1126 499; x_wconf 65' lang='lat' dir='ltr'><strong>man</strong></span> <span class='ocrx_word' id='word_1_2' title='bbox 1168 452 1445 501; x_wconf 69' lang='lat' dir='ltr'><strong>mm</strong></span> <span class='ocrx_word' id='word_1_3' title='bbox 2144 460 2172 503; x_wconf 89' lang='lat'>1</span> <span class='ocrx_word' id='word_1_4' title='bbox 2182 462 2268 530; x_wconf 70' lang='lat'><strong>97</strong></span> 
     </span>
    </p>
   </div>
   <div class='ocr_carea' id='block_1_2' title="bbox 30 569 2345 4258">
    <p class='ocr_par' dir='ltr' id='par_1_2' title="bbox 30 569 2345 1936">
     <span class='ocr_line' id='line_1_2' title="bbox 33 569 2273 665; baseline -0 -18"><span class='ocrx_word' id='word_1_5' title='bbox 33 577 312 646; x_wconf 73' lang='lat' dir='ltr'><strong>ctionis</strong></span> <span class='ocrx_word' id='word_1_6' title='bbox 371 571 526 641; x_wconf 79' lang='lat' dir='ltr'><strong>dux</strong></span> <span class='ocrx_word' id='word_1_7' title='bbox 567 569 936 641; x_wconf 85' lang='lat' dir='ltr'><strong>Soncinum</strong></span> <span class='ocrx_word' id='word_1_8' title='bbox 1004 571 1547 641; x_wconf 85' lang='lat' dir='ltr'><strong>Cremonensium</strong></span> <span class='ocrx_word' id='word_1_9' title='bbox 1613 587 2022 665; x_wconf 70' lang='lat' dir='ltr'><strong>occupasset,</strong></span> <span class='ocrx_word' id='word_1_10' title='bbox 2077 581 2273 646; x_wconf 84' lang='lat' dir='ltr'><strong>acciti</strong></span> 
     </span>
     <span class='ocr_line' id='line_1_3' title="bbox 31 686 2274 783; baseline 0.002 -24"><span class='ocrx_word' id='word_1_11' title='bbox 31 692 442 782; x_wconf 77' lang='lat' dir='ltr'><strong>Regienses</strong></span> <span class='ocrx_word' id='word_1_12' title='bbox 459 740 479 770; x_wconf 94' lang='lat'><strong>,</strong></span> <span class='ocrx_word' id='word_1_13' title='bbox 522 691 713 758; x_wconf 87' lang='lat' dir='ltr'><strong>sociis</strong></span> <span class='ocrx_word' id='word_1_14' title='bbox 766 686 1048 756; x_wconf 83' lang='lat' dir='ltr'><strong>auxilio-</strong></span> <span class='ocrx_word' id='word_1_15' title='bbox 1090 700 1462 778; x_wconf 79' lang='lat' dir='ltr'><strong>opportune</strong></span> <span class='ocrx_word' id='word_1_16' title='bbox 1529 686 1768 770; x_wconf 89' lang='lat' dir='ltr'><strong>allato,</strong></span> <span class='ocrx_word' id='word_1_17' title='bbox 1812 691 2033 781; x_wconf 85' lang='lat' dir='ltr'>oppidi</span> <span class='ocrx_word' id='word_1_18' title='bbox 2088 716 2274 783; x_wconf 87' lang='lat' dir='ltr'><strong>agros</strong></span> 
     </span>
     <span class='ocr_line' id='line_1_4' title="bbox 31 802 2273 899; baseline -0.001 -23"><span class='ocrx_word' id='word_1_19' title='bbox 31 808 531 899; x_wconf 80' lang='lat' dir='ltr'><strong>diripuerunt.</strong></span> <span class='ocrx_word' id='word_1_20' title='bbox 576 804 688 870; x_wconf 85' lang='lat' dir='ltr'><strong>Ab</strong></span> <span class='ocrx_word' id='word_1_21' title='bbox 732 802 866 870; x_wconf 85' lang='lat' dir='ltr'><strong>alia</strong></span> <span class='ocrx_word' id='word_1_22' title='bbox 908 815 1095 893; x_wconf 83' lang='lat' dir='ltr'><strong>parte</strong></span> <span class='ocrx_word' id='word_1_23' title='bbox 1140 804 1386 872; x_wconf 87' lang='lat' dir='ltr'><strong>Forum</strong></span> <span class='ocrx_word' id='word_1_24' title='bbox 1428 803 1642 884; x_wconf 82' lang='lat' dir='ltr'><strong>Livii,</strong></span> <span class='ocrx_word' id='word_1_25' title='bbox 1672 803 1994 887; x_wconf 75' lang='lat' dir='ltr'>Caesena,</span> <span class='ocrx_word' id='word_1_26' title='bbox 2023 808 2273 876; x_wconf 88' lang='lat' dir='ltr'><strong>Forum</strong></span> 
     </span>
     <span class='ocr_line' id='line_1_5' title="bbox 31 916 2273 1013; baseline 0.001 -24"><span class='ocrx_word' id='word_1_27' title='bbox 31 920 358 1013; x_wconf 78' lang='lat' dir='ltr'><strong>populi,</strong></span> <span class='ocrx_word' id='word_1_28' title='bbox 405 920 865 1000; x_wconf 88' lang='lat' dir='ltr'><strong>Britanorum,</strong></span> <span class='ocrx_word' id='word_1_29' title='bbox 908 916 1072 986; x_wconf 90' lang='lat' dir='ltr'><strong>olim</strong></span> <span class='ocrx_word' id='word_1_30' title='bbox 1117 917 1402 988; x_wconf 81' lang='lat' dir='ltr'><strong>Notium</strong></span> <span class='ocrx_word' id='word_1_31' title='bbox 1456 930 1812 1000; x_wconf 79' lang='lat' dir='ltr'><strong>vocatum,</strong></span> <span class='ocrx_word' id='word_1_32' title='bbox 1853 943 1922 987; x_wconf 91' lang='lat' dir='ltr'><strong>se</strong></span> <span class='ocrx_word' id='word_1_33' title='bbox 1967 921 2273 992; x_wconf 87' lang='lat' dir='ltr'><strong>Pontifici</strong></span> 
     </span>
     <span class='ocr_line' id='line_1_6' title="bbox 30 1033 2345 1125; baseline 0.002 -19"><span class='ocrx_word' id='word_1_34' title='bbox 30 1038 451 1119; x_wconf 56' lang='lat' dir='ltr'><strong>‹leder-unu</strong></span> <span class='ocrx_word' id='word_1_35' title='bbox 499 1047 569 1104; x_wconf 89' lang='lat' dir='ltr'><strong>et</strong></span> <span class='ocrx_word' id='word_1_36' title='bbox 622 1036 906 1114; x_wconf 86' lang='lat' dir='ltr'><strong>Joannes</strong></span> <span class='ocrx_word' id='word_1_37' title='bbox 972 1034 1220 1104; x_wconf 86' lang='lat' dir='ltr'><strong>Paulus</strong></span> <span class='ocrx_word' id='word_1_38' title='bbox 1285 1057 1519 1125; x_wconf 89' lang='lat' dir='ltr'><strong>genere</strong></span> <span class='ocrx_word' id='word_1_39' title='bbox 1582 1033 1832 1102; x_wconf 81' lang='lat' dir='ltr'><strong>Gallus</strong></span> <span class='ocrx_word' id='word_1_40' title='bbox 1889 1060 1930 1102; x_wconf 88' lang='lat' dir='ltr'><strong>a</strong></span> <span class='ocrx_word' id='word_1_41' title='bbox 1985 1037 2273 1111; x_wconf 84' lang='lat' dir='ltr'><strong>Martino</strong></span> <span class='ocrx_word' id='word_1_42' title='bbox 2337 1038 2345 1045; x_wconf 70' lang='grc'><strong><em>’</em></strong></span> 
     </span>
     <span class='ocr_line' id='line_1_7' title="bbox 33 1147 2276 1224; baseline -0 -2"><span class='ocrx_word' id='word_1_43' title='bbox 33 1152 413 1224; x_wconf 79' lang='lat' dir='ltr'><strong>Pontifice</strong></span> <span class='ocrx_word' id='word_1_44' title='bbox 454 1174 677 1222; x_wconf 87' lang='lat' dir='ltr'><strong>comes</strong></span> <span class='ocrx_word' id='word_1_45' title='bbox 720 1150 1092 1220; x_wconf 75' lang='lat' dir='ltr'><strong>Flaminiae</strong></span> <span class='ocrx_word' id='word_1_46' title='bbox 1132 1162 1389 1223; x_wconf 82' lang='lat' dir='ltr'><strong>‚creatus</strong></span> <span class='ocrx_word' id='word_1_47' title='bbox 1431 1147 1735 1219; x_wconf 80' lang='lat' dir='ltr'><strong>Mentem</strong></span> <span class='ocrx_word' id='word_1_48' title='bbox 1783 1150 2106 1220; x_wconf 84' lang='lat' dir='ltr'><strong>Feltrium</strong></span> <span class='ocrx_word' id='word_1_49' title='bbox 2157 1156 2276 1224; x_wconf 92' lang='lat' dir='ltr'><strong>ob-</strong></span> 
     </span>
     <span class='ocr_line' id='line_1_8' title="bbox 37 1264 2277 1359; baseline -0.001 -18"><span class='ocrx_word' id='word_1_50' title='bbox 37 1270 375 1352; x_wconf 76' lang='lat' dir='ltr'><strong>sidebat,</strong></span> <span class='ocrx_word' id='word_1_51' title='bbox 422 1271 533 1336; x_wconf 92' lang='lat' dir='ltr'><strong>cui</strong></span> <span class='ocrx_word' id='word_1_52' title='bbox 574 1268 923 1359; x_wconf 87' lang='lat' dir='ltr'><strong>Regienses</strong></span> <span class='ocrx_word' id='word_1_53' title='bbox 981 1290 1177 1357; x_wconf 87' lang='lat' dir='ltr'><strong>opem</strong></span> <span class='ocrx_word' id='word_1_54' title='bbox 1236 1264 1528 1335; x_wconf 87' lang='lat' dir='ltr'><strong>ferentes</strong></span> <span class='ocrx_word' id='word_1_55' title='bbox 1584 1269 1656 1336; x_wconf 93' lang='lat' dir='ltr'><strong>in</strong></span> <span class='ocrx_word' id='word_1_56' title='bbox 1701 1266 2043 1337; x_wconf 89' lang='lat' dir='ltr'><strong>Pontificis</strong></span> <span class='ocrx_word' id='word_1_57' title='bbox 2091 1286 2277 1359; x_wconf 89' lang='lat' dir='ltr'><strong>pote-</strong></span> 
     </span>
     <span class='ocr_line' id='line_1_9' title="bbox 43 1382 2278 1476; baseline -0.001 -20"><span class='ocrx_word' id='word_1_58' title='bbox 43 1398 332 1456; x_wconf 60' lang='lat' dir='ltr'><strong>statem</strong></span> <span class='ocrx_word' id='word_1_59' title='bbox 397 1384 719 1476; x_wconf 87' lang='lat' dir='ltr'><strong>oppidum</strong></span> <span class='ocrx_word' id='word_1_60' title='bbox 767 1382 1176 1474; x_wconf 84' lang='lat' dir='ltr'><strong>redegerunt.</strong></span> <span class='ocrx_word' id='word_1_61' title='bbox 1223 1382 1411 1473; x_wconf 86' lang='lat' dir='ltr'><strong>Regii</strong></span> <span class='ocrx_word' id='word_1_62' title='bbox 1456 1406 1609 1452; x_wconf 82' lang='lat' dir='ltr'><strong>vcro</strong></span> <span class='ocrx_word' id='word_1_63' title='bbox 1653 1382 1816 1451; x_wconf 82' lang='lat' dir='ltr'><strong>Divi</strong></span> <span class='ocrx_word' id='word_1_64' title='bbox 1859 1383 2060 1451; x_wconf 83' lang='lat' dir='ltr'><strong>Blasii</strong></span> <span class='ocrx_word' id='word_1_65' title='bbox 2106 1397 2278 1453; x_wconf 90' lang='lat' dir='ltr'><strong>tem-</strong></span> 
     </span>
     <span class='ocr_line' id='line_1_10' title="bbox 47 1496 2275 1593; baseline -0 -23"><span class='ocrx_word' id='word_1_66' title='bbox 47 1501 279 1593; x_wconf 83' lang='lat' dir='ltr'><strong>plum</strong></span> <span class='ocrx_word' id='word_1_67' title='bbox 325 1512 521 1568; x_wconf 84' lang='lat' dir='ltr'><strong>extra</strong></span> <span class='ocrx_word' id='word_1_68' title='bbox 563 1511 823 1591; x_wconf 87' lang='lat' dir='ltr'><strong>portam</strong></span> <span class='ocrx_word' id='word_1_69' title='bbox 855 1498 1137 1567; x_wconf 78' lang='lat' dir='ltr'><strong>Sanctae</strong></span> <span class='ocrx_word' id='word_1_70' title='bbox 1159 1498 1433 1579; x_wconf 82' lang='lat' dir='ltr'><strong>Crucis,</strong></span> <span class='ocrx_word' id='word_1_71' title='bbox 1462 1497 1647 1589; x_wconf 88' lang='lat' dir='ltr'><strong>quod</strong></span> <span class='ocrx_word' id='word_1_72' title='bbox 1689 1500 1952 1566; x_wconf 90' lang='lat' dir='ltr'><strong>ruinam</strong></span> <span class='ocrx_word' id='word_1_73' title='bbox 1996 1496 2275 1583; x_wconf 80' lang='lat' dir='ltr'><strong>fecerat,</strong></span> 
     </span>
     <span class='ocr_line' id='line_1_11' title="bbox 53 1612 2276 1696; baseline -0.001 -9"><span class='ocrx_word' id='word_1_74' title='bbox 53 1631 166 1687; x_wconf 74' lang='lat' dir='ltr'><strong>est</strong></span> <span class='ocrx_word' id='word_1_75' title='bbox 213 1619 646 1696; x_wconf 77' lang='lat' dir='ltr'><strong>restitutum3</strong></span> <span class='ocrx_word' id='word_1_76' title='bbox 677 1626 747 1682; x_wconf 90' lang='lat' dir='ltr'><strong>et</strong></span> <span class='ocrx_word' id='word_1_77' title='bbox 774 1613 1157 1682; x_wconf 87' lang='lat' dir='ltr'><strong>Gulielmus</strong></span> <span class='ocrx_word' id='word_1_78' title='bbox 1200 1612 1555 1684; x_wconf 87' lang='lat' dir='ltr'><strong>Folleanus</strong></span> <span class='ocrx_word' id='word_1_79' title='bbox 1601 1617 1873 1682; x_wconf 91' lang='lat' dir='ltr'><strong>antistes</strong></span> <span class='ocrx_word' id='word_1_80' title='bbox 1917 1612 2276 1685; x_wconf 82' lang='lat' dir='ltr'><strong>defunctus</strong></span> 
     </span>
     <span class='ocr_line' id='line_1_12' title="bbox 55 1725 2280 1823; baseline -0.001 -21"><span class='ocrx_word' id='word_1_81' title='bbox 55 1736 142 1802; x_wconf 88' lang='lat' dir='ltr'><strong>in</strong></span> <span class='ocrx_word' id='word_1_82' title='bbox 218 1731 480 1820; x_wconf 83' lang='lat' dir='ltr'><strong>majore</strong></span> <span class='ocrx_word' id='word_1_83' title='bbox 545 1728 795 1821; x_wconf 89' lang='lat' dir='ltr'><strong>templo</strong></span> <span class='ocrx_word' id='word_1_84' title='bbox 868 1725 1189 1798; x_wconf 89' lang='lat' dir='ltr'><strong>humatus</strong></span> <span class='ocrx_word' id='word_1_85' title='bbox 1255 1727 1430 1811; x_wconf 86' lang='lat' dir='ltr'><strong>fuit,</strong></span> <span class='ocrx_word' id='word_1_86' title='bbox 1474 1732 1579 1801; x_wconf 77' lang='lat' dir='ltr'><strong>vir</strong></span> <span class='ocrx_word' id='word_1_87' title='bbox 1633 1733 1817 1823; x_wconf 91' lang='lat' dir='ltr'><strong>pacis</strong></span> <span class='ocrx_word' id='word_1_88' title='bbox 1870 1733 2161 1816; x_wconf 85' lang='lat' dir='ltr'><strong>amicus,</strong></span> <span class='ocrx_word' id='word_1_89' title='bbox 2207 1742 2280 1800; x_wconf 90' lang='lat' dir='ltr'><strong>et</strong></span> 
     </span>
     <span class='ocr_line' id='line_1_13' title="bbox 60 1843 1026 1936; baseline -0.007 -16"><span class='ocrx_word' id='word_1_90' title='bbox 60 1849 287 1920; x_wconf 83' lang='lat' dir='ltr'><strong>honis</strong></span> <span class='ocrx_word' id='word_1_91' title='bbox 329 1846 623 1916; x_wconf 88' lang='lat' dir='ltr'><strong>moribus</strong></span> <span class='ocrx_word' id='word_1_92' title='bbox 667 1843 1026 1936; x_wconf 87' lang='lat' dir='ltr'><strong>praeditus.</strong></span> 
     </span>
    </p>

    <p class='ocr_par' dir='ltr' id='par_1_3' title="bbox 65 1962 2307 4258">
     <span class='ocr_line' id='line_1_14' title="bbox 216 1962 2307 2055; baseline 0 -22"><span class='ocrx_word' id='word_1_93' title='bbox 216 1965 320 2033; x_wconf 78' lang='lat' dir='ltr'><strong>At</strong></span> <span class='ocrx_word' id='word_1_94' title='bbox 353 1967 624 2032; x_wconf 90' lang='lat' dir='ltr'><strong>ineunte</strong></span> <span class='ocrx_word' id='word_1_95' title='bbox 667 1987 841 2033; x_wconf 88' lang='lat' dir='ltr'><strong>anno</strong></span> <span class='ocrx_word' id='word_1_96' title='bbox 883 1985 1289 2030; x_wconf 75' lang='lat' dir='ltr'><strong>mccnxxxm</strong></span> <span class='ocrx_word' id='word_1_97' title='bbox 1335 1962 1715 2055; x_wconf 78' lang='lat' dir='ltr'><strong>respublica</strong></span> <span class='ocrx_word' id='word_1_98' title='bbox 1741 1962 2134 2034; x_wconf 85' lang='lat' dir='ltr'><strong>Mutinensis</strong></span> <span class='ocrx_word' id='word_1_99' title='bbox 2161 1965 2277 2035; x_wconf 84' lang='lat' dir='ltr'><strong>do·</strong></span> <span class='ocrx_word' id='word_1_100' title='bbox 2304 1979 2307 1980; x_wconf 72' lang='grc'>’</span> 
     </span>
     <span class='ocr_line' id='line_1_15' title="bbox 65 2078 2275 2167; baseline 0 -17"><span class='ocrx_word' id='word_1_101' title='bbox 65 2084 366 2150; x_wconf 65' lang='lat' dir='ltr'><strong>mettica</strong></span> <span class='ocrx_word' id='word_1_102' title='bbox 409 2080 803 2149; x_wconf 71' lang='lat' dir='ltr'><strong>dissensione</strong></span> <span class='ocrx_word' id='word_1_103' title='bbox 847 2078 1091 2147; x_wconf 87' lang='lat' dir='ltr'><strong>afflicta</strong></span> <span class='ocrx_word' id='word_1_104' title='bbox 1114 2131 1134 2162; x_wconf 95' lang='lat'><strong>,</strong></span> <span class='ocrx_word' id='word_1_105' title='bbox 1176 2081 1449 2148; x_wconf 88' lang='lat' dir='ltr'><strong>tandem</strong></span> <span class='ocrx_word' id='word_1_106' title='bbox 1501 2083 1604 2149; x_wconf 91' lang='lat' dir='ltr'><strong>sui</strong></span> <span class='ocrx_word' id='word_1_107' title='bbox 1656 2081 1818 2167; x_wconf 86' lang='lat' dir='ltr'><strong>juris</strong></span> <span class='ocrx_word' id='word_1_108' title='bbox 1874 2104 2011 2149; x_wconf 89' lang='lat' dir='ltr'><strong>esse</strong></span> <span class='ocrx_word' id='word_1_109' title='bbox 2055 2081 2275 2151; x_wconf 85' lang='lat' dir='ltr'><strong>desiit.</strong></span> 
     </span>
     <span class='ocr_line' id='line_1_16' title="bbox 67 2196 2281 2290; baseline -0 -23"><span class='ocrx_word' id='word_1_110' title='bbox 67 2197 258 2267; x_wconf 77' lang='lat' dir='ltr'><strong>odio</strong></span> <span class='ocrx_word' id='word_1_111' title='bbox 301 2196 636 2289; x_wconf 78' lang='lat' dir='ltr'><strong>siquidem</strong></span> <span class='ocrx_word' id='word_1_112' title='bbox 682 2197 923 2265; x_wconf 90' lang='lat' dir='ltr'><strong>acerbo</strong></span> <span class='ocrx_word' id='word_1_113' title='bbox 982 2199 1152 2264; x_wconf 90' lang='lat' dir='ltr'><strong>inter</strong></span> <span class='ocrx_word' id='word_1_114' title='bbox 1196 2196 1618 2290; x_wconf 85' lang='lat' dir='ltr'><strong>Boschettos,</strong></span> <span class='ocrx_word' id='word_1_115' title='bbox 1665 2196 2046 2287; x_wconf 78' lang='lat' dir='ltr'><strong>Bangenos,</strong></span> <span class='ocrx_word' id='word_1_116' title='bbox 2090 2196 2281 2266; x_wconf 81' lang='lat' dir='ltr'><strong>Savi-</strong></span> 
     </span>
     <span class='ocr_line' id='line_1_17' title="bbox 67 2312 2281 2407; baseline -0.002 -23"><span class='ocrx_word' id='word_1_117' title='bbox 67 2337 366 2407; x_wconf 81' lang='lat' dir='ltr'><strong>gnanos,</strong></span> <span class='ocrx_word' id='word_1_118' title='bbox 409 2324 481 2381; x_wconf 93' lang='lat' dir='ltr'><strong>et</strong></span> <span class='ocrx_word' id='word_1_119' title='bbox 521 2312 954 2395; x_wconf 79' lang='lat' dir='ltr'><strong>Saxolenses,</strong></span> <span class='ocrx_word' id='word_1_120' title='bbox 996 2313 1270 2403; x_wconf 84' lang='lat' dir='ltr'><strong>plurimi</strong></span> <span class='ocrx_word' id='word_1_121' title='bbox 1328 2316 1398 2381; x_wconf 91' lang='lat' dir='ltr'><strong>in</strong></span> <span class='ocrx_word' id='word_1_122' title='bbox 1467 2316 1616 2381; x_wconf 86' lang='lat' dir='ltr'><strong>rixa</strong></span> <span class='ocrx_word' id='word_1_123' title='bbox 1660 2327 1818 2381; x_wconf 87' lang='lat' dir='ltr'><strong>sunt</strong></span> <span class='ocrx_word' id='word_1_124' title='bbox 1863 2316 2098 2383; x_wconf 84' lang='lat' dir='ltr'><strong>occisi.</strong></span> <span class='ocrx_word' id='word_1_125' title='bbox 2145 2315 2281 2398; x_wconf 88' lang='lat' dir='ltr'><strong>Qui</strong></span> 
     </span>
     <span class='ocr_line' id='line_1_18' title="bbox 69 2428 2278 2522; baseline -0.001 -23"><span class='ocrx_word' id='word_1_126' title='bbox 69 2428 500 2522; x_wconf 81' lang='lat' dir='ltr'><strong>superfuere,</strong></span> <span class='ocrx_word' id='word_1_127' title='bbox 530 2453 685 2497; x_wconf 89' lang='lat' dir='ltr'><strong>cum</strong></span> <span class='ocrx_word' id='word_1_128' title='bbox 718 2453 838 2497; x_wconf 91' lang='lat' dir='ltr'><strong>nec</strong></span> <span class='ocrx_word' id='word_1_129' title='bbox 867 2430 1030 2497; x_wconf 86' lang='lat' dir='ltr'><strong>dum</strong></span> <span class='ocrx_word' id='word_1_130' title='bbox 1060 2453 1405 2499; x_wconf 89' lang='lat' dir='ltr'><strong>caesorum</strong></span> <span class='ocrx_word' id='word_1_131' title='bbox 1435 2432 1753 2521; x_wconf 83' lang='lat' dir='ltr'><strong>sanguine</strong></span> <span class='ocrx_word' id='word_1_132' title='bbox 1784 2432 2006 2498; x_wconf 88' lang='lat' dir='ltr'><strong>satiati</strong></span> <span class='ocrx_word' id='word_1_133' title='bbox 2037 2442 2278 2512; x_wconf 86' lang='lat' dir='ltr'><strong>essent,</strong></span> 
     </span>
     <span class='ocr_line' id='line_1_19' title="bbox 76 2544 2279 2636; baseline 0 -24"><span class='ocrx_word' id='word_1_134' title='bbox 76 2544 600 2636; x_wconf 73' lang='lat' dir='ltr'><strong>quampluribus</strong></span> <span class='ocrx_word' id='word_1_135' title='bbox 644 2544 1033 2624; x_wconf 86' lang='lat' dir='ltr'><strong>clientibus,</strong></span> <span class='ocrx_word' id='word_1_136' title='bbox 1076 2556 1537 2635; x_wconf 84' lang='lat' dir='ltr'><strong>quotcumque</strong></span> <span class='ocrx_word' id='word_1_137' title='bbox 1582 2545 1706 2612; x_wconf 88' lang='lat' dir='ltr'><strong>sibi</strong></span> <span class='ocrx_word' id='word_1_138' title='bbox 1753 2545 2103 2612; x_wconf 81' lang='lat' dir='ltr'><strong>adsciscere</strong></span> <span class='ocrx_word' id='word_1_139' title='bbox 2159 2567 2279 2633; x_wconf 91' lang='lat' dir='ltr'><strong>po-</strong></span> 
     </span>
     <span class='ocr_line' id='line_1_20' title="bbox 77 2660 2278 2751; baseline -0.001 -23"><span class='ocrx_word' id='word_1_140' title='bbox 77 2674 385 2743; x_wconf 87' lang='lat' dir='ltr'><strong>tuerunt,</strong></span> <span class='ocrx_word' id='word_1_141' title='bbox 414 2664 732 2751; x_wconf 85' lang='lat' dir='ltr'><strong>utrinque</strong></span> <span class='ocrx_word' id='word_1_142' title='bbox 775 2663 1029 2751; x_wconf 89' lang='lat' dir='ltr'><strong>stipati,</strong></span> <span class='ocrx_word' id='word_1_143' title='bbox 1073 2674 1386 2730; x_wconf 86' lang='lat' dir='ltr'><strong>renovato</strong></span> <span class='ocrx_word' id='word_1_144' title='bbox 1432 2660 1710 2751; x_wconf 89' lang='lat' dir='ltr'><strong>praelio,</strong></span> <span class='ocrx_word' id='word_1_145' title='bbox 1755 2664 1927 2728; x_wconf 91' lang='lat' dir='ltr'><strong>inter</strong></span> <span class='ocrx_word' id='word_1_146' title='bbox 1970 2684 2038 2727; x_wconf 91' lang='lat' dir='ltr'><strong>se</strong></span> <span class='ocrx_word' id='word_1_147' title='bbox 2082 2660 2278 2726; x_wconf 90' lang='lat' dir='ltr'><strong>dimi-</strong></span> 
     </span>
     <span class='ocr_line' id='line_1_21' title="bbox 81 2774 2278 2867; baseline -0.002 -23"><span class='ocrx_word' id='word_1_148' title='bbox 81 2789 348 2844; x_wconf 80' lang='lat' dir='ltr'><strong>carunt.</strong></span> <span class='ocrx_word' id='word_1_149' title='bbox 392 2776 662 2843; x_wconf 79' lang='lat' dir='ltr'><strong>Praeter</strong></span> <span class='ocrx_word' id='word_1_150' title='bbox 703 2774 1090 2845; x_wconf 83' lang='lat' dir='ltr'><strong>vulneratos</strong></span> <span class='ocrx_word' id='word_1_151' title='bbox 1119 2779 1466 2867; x_wconf 83' lang='lat' dir='ltr'><strong>quingenti</strong></span> <span class='ocrx_word' id='word_1_152' title='bbox 1508 2780 1582 2843; x_wconf 93' lang='lat' dir='ltr'><strong>in</strong></span> <span class='ocrx_word' id='word_1_153' title='bbox 1631 2799 1713 2843; x_wconf 90' lang='lat' dir='ltr'><strong>eo</strong></span> <span class='ocrx_word' id='word_1_154' title='bbox 1754 2774 2068 2843; x_wconf 89' lang='lat' dir='ltr'><strong>conflictu</strong></span> <span class='ocrx_word' id='word_1_155' title='bbox 2111 2776 2278 2840; x_wconf 88' lang='lat' dir='ltr'><strong>ceci-</strong></span> 
     </span>
     <span class='ocr_line' id='line_1_22' title="bbox 87 2887 2277 2982; baseline -0.001 -24"><span class='ocrx_word' id='word_1_156' title='bbox 87 2892 264 2959; x_wconf 82' lang='lat' dir='ltr'><strong>disse</strong></span> <span class='ocrx_word' id='word_1_157' title='bbox 307 2892 649 2959; x_wconf 84' lang='lat' dir='ltr'><strong>dicuntur.</strong></span> <span class='ocrx_word' id='word_1_158' title='bbox 702 2890 984 2981; x_wconf 85' lang='lat' dir='ltr'><strong>Expulsi</strong></span> <span class='ocrx_word' id='word_1_159' title='bbox 1030 2891 1422 2982; x_wconf 83' lang='lat' dir='ltr'><strong>Savignani,</strong></span> <span class='ocrx_word' id='word_1_160' title='bbox 1489 2901 1564 2957; x_wconf 90' lang='lat' dir='ltr'><strong>et</strong></span> <span class='ocrx_word' id='word_1_161' title='bbox 1629 2888 2013 2957; x_wconf 82' lang='lat' dir='ltr'><strong>Saxolenses</strong></span> <span class='ocrx_word' id='word_1_162' title='bbox 2079 2887 2277 2978; x_wconf 88' lang='lat' dir='ltr'><strong>plura</strong></span> 
     </span>
     <span class='ocr_line' id='line_1_23' title="bbox 91 3003 2279 3097; baseline -0.001 -24"><span class='ocrx_word' id='word_1_163' title='bbox 91 3007 356 3097; x_wconf 82' lang='lat' dir='ltr'><strong>patriae</strong></span> <span class='ocrx_word' id='word_1_164' title='bbox 403 3005 670 3074; x_wconf 85' lang='lat' dir='ltr'><strong>castella</strong></span> <span class='ocrx_word' id='word_1_165' title='bbox 736 3017 1228 3097; x_wconf 86' lang='lat' dir='ltr'><strong>oppugnarunt,</strong></span> <span class='ocrx_word' id='word_1_166' title='bbox 1274 3029 1352 3073; x_wconf 87' lang='lat' dir='ltr'><strong>ac</strong></span> <span class='ocrx_word' id='word_1_167' title='bbox 1394 3028 1551 3072; x_wconf 88' lang='lat' dir='ltr'><strong>cum</strong></span> <span class='ocrx_word' id='word_1_168' title='bbox 1596 3003 1921 3073; x_wconf 85' lang='lat' dir='ltr'><strong>Saxolum</strong></span> <span class='ocrx_word' id='word_1_169' title='bbox 1977 3027 2047 3072; x_wconf 89' lang='lat' dir='ltr'><strong>sc</strong></span> <span class='ocrx_word' id='word_1_170' title='bbox 2101 3026 2279 3070; x_wconf 87' lang='lat' dir='ltr'><strong>rece-</strong></span> 
     </span>
     <span class='ocr_line' id='line_1_24' title="bbox 89 3117 2277 3213; baseline -0.002 -23"><span class='ocrx_word' id='word_1_171' title='bbox 89 3125 361 3213; x_wconf 82' lang='lat' dir='ltr'><strong>pissent,</strong></span> <span class='ocrx_word' id='word_1_172' title='bbox 404 3145 482 3191; x_wconf 88' lang='lat' dir='ltr'><strong>eo</strong></span> <span class='ocrx_word' id='word_1_173' title='bbox 525 3145 885 3212; x_wconf 84' lang='lat' dir='ltr'><strong>progressos</strong></span> <span class='ocrx_word' id='word_1_174' title='bbox 928 3122 1150 3191; x_wconf 89' lang='lat' dir='ltr'><strong>hostes</strong></span> <span class='ocrx_word' id='word_1_175' title='bbox 1195 3146 1327 3189; x_wconf 93' lang='lat' dir='ltr'><strong>non</strong></span> <span class='ocrx_word' id='word_1_176' title='bbox 1373 3124 1602 3211; x_wconf 86' lang='lat' dir='ltr'><strong>paucis</strong></span> <span class='ocrx_word' id='word_1_177' title='bbox 1647 3124 1890 3211; x_wconf 91' lang='lat' dir='ltr'><strong>captis,</strong></span> <span class='ocrx_word' id='word_1_178' title='bbox 1923 3117 2077 3211; x_wconf 90' lang='lat' dir='ltr'><strong>plus</strong></span> <span class='ocrx_word' id='word_1_179' title='bbox 2106 3143 2277 3211; x_wconf 92' lang='lat' dir='ltr'><strong>qua-</strong></span> 
     </span>
     <span class='ocr_line' id='line_1_25' title="bbox 89 3236 2278 3329; baseline -0.001 -23"><span class='ocrx_word' id='word_1_180' title='bbox 89 3238 405 3329; x_wconf 83' lang='lat' dir='ltr'><strong>drigentis</strong></span> <span class='ocrx_word' id='word_1_181' title='bbox 449 3237 866 3320; x_wconf 88' lang='lat' dir='ltr'><strong>occiderunt,</strong></span> <span class='ocrx_word' id='word_1_182' title='bbox 910 3261 1031 3306; x_wconf 90' lang='lat' dir='ltr'><strong>nec</strong></span> <span class='ocrx_word' id='word_1_183' title='bbox 1077 3237 1293 3306; x_wconf 89' lang='lat' dir='ltr'><strong>multo</strong></span> <span class='ocrx_word' id='word_1_184' title='bbox 1336 3249 1488 3328; x_wconf 89' lang='lat' dir='ltr'><strong>post</strong></span> <span class='ocrx_word' id='word_1_185' title='bbox 1529 3260 1731 3328; x_wconf 87' lang='lat' dir='ltr'><strong>prope</strong></span> <span class='ocrx_word' id='word_1_186' title='bbox 1774 3236 2099 3304; x_wconf 87' lang='lat' dir='ltr'><strong>Sanctum</strong></span> <span class='ocrx_word' id='word_1_187' title='bbox 2144 3236 2278 3303; x_wconf 81' lang='lat' dir='ltr'><strong>Go-</strong></span> 
     </span>
     <span class='ocr_line' id='line_1_26' title="bbox 93 3353 2270 3446; baseline -0.001 -24"><span class='ocrx_word' id='word_1_188' title='bbox 93 3354 492 3423; x_wconf 86' lang='lat' dir='ltr'><strong>lumbanum</strong></span> <span class='ocrx_word' id='word_1_189' title='bbox 561 3355 806 3446; x_wconf 90' lang='lat' dir='ltr'><strong>praelio</strong></span> <span class='ocrx_word' id='word_1_190' title='bbox 872 3369 1216 3438; x_wconf 83' lang='lat' dir='ltr'><strong>renovato,</strong></span> <span class='ocrx_word' id='word_1_191' title='bbox 1284 3356 1476 3445; x_wconf 90' lang='lat' dir='ltr'><strong>longe</strong></span> <span class='ocrx_word' id='word_1_192' title='bbox 1545 3353 1765 3446; x_wconf 85' lang='lat' dir='ltr'><strong>plures</strong></span> <span class='ocrx_word' id='word_1_193' title='bbox 1830 3353 2270 3421; x_wconf 88' lang='lat' dir='ltr'><strong>trucidarunt.</strong></span> 
     </span>
     <span class='ocr_line' id='line_1_27' title="bbox 94 3468 2271 3565; baseline -0.002 -25"><span class='ocrx_word' id='word_1_194' title='bbox 94 3470 442 3565; x_wconf 75' lang='lat' dir='ltr'><strong>Regienses</strong></span> <span class='ocrx_word' id='word_1_195' title='bbox 488 3484 567 3538; x_wconf 90' lang='lat' dir='ltr'><strong>ut</strong></span> <span class='ocrx_word' id='word_1_196' title='bbox 613 3474 858 3540; x_wconf 80' lang='lat' dir='ltr'><strong>vicinos</strong></span> <span class='ocrx_word' id='word_1_197' title='bbox 924 3473 1350 3541; x_wconf 84' lang='lat' dir='ltr'><strong>conciliarent</strong></span> <span class='ocrx_word' id='word_1_198' title='bbox 1414 3469 1779 3562; x_wconf 82' lang='lat' dir='ltr'><strong>plurimum</strong></span> <span class='ocrx_word' id='word_1_199' title='bbox 1845 3468 2271 3539; x_wconf 86' lang='lat' dir='ltr'><strong>laborabant.</strong></span> 
     </span>
     <span class='ocr_line' id='line_1_28' title="bbox 97 3586 2276 3679; baseline -0.002 -24"><span class='ocrx_word' id='word_1_200' title='bbox 97 3587 382 3656; x_wconf 75' lang='lat' dir='ltr'><strong>Domum</strong></span> <span class='ocrx_word' id='word_1_201' title='bbox 431 3600 713 3679; x_wconf 90' lang='lat' dir='ltr'><strong>utraque</strong></span> <span class='ocrx_word' id='word_1_202' title='bbox 755 3611 905 3678; x_wconf 91' lang='lat' dir='ltr'><strong>pars</strong></span> <span class='ocrx_word' id='word_1_203' title='bbox 948 3588 1261 3678; x_wconf 88' lang='lat' dir='ltr'><strong>publicae</strong></span> <span class='ocrx_word' id='word_1_204' title='bbox 1306 3586 1784 3678; x_wconf 88' lang='lat' dir='ltr'><strong>tranquillitati</strong></span> <span class='ocrx_word' id='word_1_205' title='bbox 1826 3586 2088 3654; x_wconf 90' lang='lat' dir='ltr'><strong>studere</strong></span> <span class='ocrx_word' id='word_1_206' title='bbox 2135 3588 2276 3653; x_wconf 80' lang='lat' dir='ltr'><strong>visa</strong></span> 
     </span>
     <span class='ocr_line' id='line_1_29' title="bbox 101 3700 2276 3794; baseline -0.001 -24"><span class='ocrx_word' id='word_1_207' title='bbox 101 3725 244 3770; x_wconf 89' lang='lat' dir='ltr'><strong>cum</strong></span> <span class='ocrx_word' id='word_1_208' title='bbox 271 3704 562 3794; x_wconf 83' lang='lat' dir='ltr'><strong>Regium</strong></span> <span class='ocrx_word' id='word_1_209' title='bbox 594 3705 900 3784; x_wconf 81' lang='lat' dir='ltr'><strong>venisset,</strong></span> <span class='ocrx_word' id='word_1_210' title='bbox 929 3705 1112 3794; x_wconf 87' lang='lat' dir='ltr'><strong>pacis</strong></span> <span class='ocrx_word' id='word_1_211' title='bbox 1152 3703 1560 3773; x_wconf 89' lang='lat' dir='ltr'><strong>conditiones</strong></span> <span class='ocrx_word' id='word_1_212' title='bbox 1592 3705 1953 3770; x_wconf 87' lang='lat' dir='ltr'><strong>amicorum</strong></span> <span class='ocrx_word' id='word_1_213' title='bbox 2002 3700 2276 3768; x_wconf 88' lang='lat' dir='ltr'><strong>arbitrio</strong></span> 
     </span>
     <span class='ocr_line' id='line_1_30' title="bbox 106 3817 2274 3910; baseline -0.002 -25"><span class='ocrx_word' id='word_1_214' title='bbox 106 3823 371 3910; x_wconf 81' lang='lat' dir='ltr'><strong>accepit.</strong></span> <span class='ocrx_word' id='word_1_215' title='bbox 431 3819 562 3888; x_wconf 88' lang='lat' dir='ltr'><strong>Sed</strong></span> <span class='ocrx_word' id='word_1_216' title='bbox 585 3871 606 3901; x_wconf 89' lang='lat'><strong>,</strong></span> <span class='ocrx_word' id='word_1_217' title='bbox 648 3820 1009 3889; x_wconf 87' lang='lat' dir='ltr'><strong>Boschettis</strong></span> <span class='ocrx_word' id='word_1_218' title='bbox 1078 3833 1302 3909; x_wconf 88' lang='lat' dir='ltr'><strong>postea</strong></span> <span class='ocrx_word' id='word_1_219' title='bbox 1369 3844 1408 3888; x_wconf 89' lang='lat' dir='ltr'><strong>a</strong></span> <span class='ocrx_word' id='word_1_220' title='bbox 1475 3820 1737 3910; x_wconf 88' lang='lat' dir='ltr'><strong>placitis</strong></span> <span class='ocrx_word' id='word_1_221' title='bbox 1782 3817 2274 3894; x_wconf 77' lang='lat' dir='ltr'><strong>recedentibus,</strong></span> 
     </span>
     <span class='ocr_line' id='line_1_31' title="bbox 109 3933 2275 4026; baseline -0.001 -25"><span class='ocrx_word' id='word_1_222' title='bbox 109 3945 425 4003; x_wconf 75' lang='lat' dir='ltr'><strong>statutum</strong></span> <span class='ocrx_word' id='word_1_223' title='bbox 459 3948 590 4017; x_wconf 89' lang='lat' dir='ltr'><strong>est,</strong></span> <span class='ocrx_word' id='word_1_224' title='bbox 620 3960 740 4004; x_wconf 92' lang='lat' dir='ltr'><strong>nec</strong></span> <span class='ocrx_word' id='word_1_225' title='bbox 772 3940 922 4026; x_wconf 89' lang='lat' dir='ltr'><strong>quis</strong></span> <span class='ocrx_word' id='word_1_226' title='bbox 960 3936 1105 4023; x_wconf 86' lang='lat' dir='ltr'><strong>ejus</strong></span> <span class='ocrx_word' id='word_1_227' title='bbox 1148 3936 1478 4004; x_wconf 82' lang='lat' dir='ltr'><strong>auxilium</strong></span> <span class='ocrx_word' id='word_1_228' title='bbox 1512 3933 1710 4015; x_wconf 84' lang='lat' dir='ltr'><strong>ferre,</strong></span> <span class='ocrx_word' id='word_1_229' title='bbox 1734 3957 1900 4002; x_wconf 84' lang='lat' dir='ltr'><strong>neve</strong></span> <span class='ocrx_word' id='word_1_230' title='bbox 1932 3956 2017 3998; x_wconf 84' lang='lat' dir='ltr'><strong>ex</strong></span> <span class='ocrx_word' id='word_1_231' title='bbox 2048 3954 2275 4000; x_wconf 87' lang='lat' dir='ltr'><strong>eorum</strong></span> 
     </span>
     <span class='ocr_line' id='line_1_32' title="bbox 110 4048 2268 4141; baseline -0.002 -24"><span class='ocrx_word' id='word_1_232' title='bbox 110 4072 368 4122; x_wconf 80' lang='lat' dir='ltr'><strong>numero</strong></span> <span class='ocrx_word' id='word_1_233' title='bbox 399 4053 669 4121; x_wconf 84' lang='lat' dir='ltr'><strong>Praetor</strong></span> <span class='ocrx_word' id='word_1_234' title='bbox 698 4051 1153 4120; x_wconf 83' lang='lat' dir='ltr'><strong>Praefectusve</strong></span> <span class='ocrx_word' id='word_1_235' title='bbox 1199 4075 1241 4119; x_wconf 89' lang='lat' dir='ltr'><strong>a</strong></span> <span class='ocrx_word' id='word_1_236' title='bbox 1282 4054 1470 4122; x_wconf 89' lang='lat' dir='ltr'><strong>sociis</strong></span> <span class='ocrx_word' id='word_1_237' title='bbox 1516 4050 1778 4141; x_wconf 86' lang='lat' dir='ltr'><strong>populis</strong></span> <span class='ocrx_word' id='word_1_238' title='bbox 1825 4048 1976 4138; x_wconf 86' lang='lat' dir='ltr'><strong>eligi</strong></span> <span class='ocrx_word' id='word_1_239' title='bbox 2022 4057 2268 4137; x_wconf 87' lang='lat' dir='ltr'><strong>posset.</strong></span> 
     </span>
     <span class='ocr_line' id='line_1_33' title="bbox 113 4162 2275 4258; baseline -0.004 -20"><span class='ocrx_word' id='word_1_240' title='bbox 113 4162 276 4237; x_wconf 78' lang='lat' dir='ltr'><strong>‘l&#39;um</strong></span> <span class='ocrx_word' id='word_1_241' title='bbox 316 4173 495 4240; x_wconf 86' lang='lat' dir='ltr'><strong>enim</strong></span> <span class='ocrx_word' id='word_1_242' title='bbox 541 4166 796 4241; x_wconf 83' lang='lat' dir='ltr'><strong>foedere</strong></span> <span class='ocrx_word' id='word_1_243' title='bbox 838 4169 1226 4258; x_wconf 83' lang='lat' dir='ltr'><strong>conjunctae</strong></span> <span class='ocrx_word' id='word_1_244' title='bbox 1271 4169 1527 4240; x_wconf 84' lang='lat' dir='ltr'><strong>vicinae</strong></span> <span class='ocrx_word' id='word_1_245' title='bbox 1571 4169 1873 4237; x_wconf 82' lang='lat' dir='ltr'><strong>civitates</strong></span> <span class='ocrx_word' id='word_1_246' title='bbox 1911 4164 2275 4242; x_wconf 85' lang='lat' dir='ltr'><strong>Praetores,</strong></span> 
     </span>
    </p>
   </div>
  </div>
 </body>
</html>
