2950 5017
911 413 1112 462 usas
1157 413 1449 470 ommus
2154 397 2286 491 369

63 539 284 608 h-citer
331 544 484 606 se‘x'
525 531 725 603 mille
769 535 1337 630 subsequentibus
1366 536 1452 603 ad
1482 532 1824 620 „Pontificis
1853 535 2103 608 atrium
2134 561 2284 630 per-

63 657 240 733 enis,
297 653 440 722 ubi
504 655 812 748 spaciosa
857 678 1010 724 area
1053 657 1565 745 peripetasmate
1609 654 1912 746 u‘ndique
1955 667 2133 724 tecta
2171 656 2284 744 ju-

61 771 321 840 undum
370 772 548 839 visu
587 769 1045 861 spectaculum
1091 771 1482 862 praebebat.
1529 770 1868 842 Palatium
1916 783 2048 841 tres
2091 772 2283 846 aulas

60 887 473 957 nobilissimis
531 887 787 954 aulaeis
832 886 1174 969 obtentas,
1219 899 1289 954 et
1321 890 1768 979 ‘antiquorum
1814 912 1997 968 more
2034 889 2283 960 Corin·
2344 887 2353 896 ’

61 1007 185 1073 hiis
230 1005 606 1075 columnis
647 1007 1035 1095 ornatisque
1098 1005 1399 1096 epistiliis
1465 1005 1777 1076 suffultas
1827 1006 2155 1091 habebat,
2206 1011 2281 1078 in

60 1125 340 1190 nteriore
386 1133 631 1212 parte,
661 1121 783 1187 ubi
814 1123 1122 1190 coenatio
1165 1120 1449 1211 ludique
1495 1122 1874 1192 celebrandi
1917 1135 2133 1206 erant,
2170 1147 2284 1193 su-

60 1238 235 1306 »lime
280 1236 618 1321 tribunal
660 1250 957 1327 erectum
1021 1237 1157 1304 tela
1219 1261 1365 1306 rasa
1433 1262 1523 1308 ex
1586 1241 1896 1308 coccineo
1964 1239 2284 1310 bombice

60 1365 356 1422 tontexta
410 1351 781 1442 magnifice
823 1352 1213 1443 tegebatur,
1257 1376 1467 1443 quam
1514 1353 1673 1421 alba
1715 1377 1884 1421 crux
1935 1356 2006 1422 in
2058 1354 2282 1430 medio

60 1471 543 1561 listinguebat3
589 1471 692 1537 ibi
736 1483 871 1539 tres
916 1467 1112 1539 folles
1154 1472 1449 1556 vicissim
1495 1482 1776 1540 ventum
1827 1474 2280 1562 concipientes

59 1599 313 1657 latenter
358 1611 617 1657 auram
666 1586 750 1657 ad
797 1586 1316 1679 refrigerandum
1378 1586 1610 1662 locum
1682 1589 2122 1659 emittebant:
2185 1591 2275 1658 ab

58 1706 169 1773 alia
209 1718 404 1797 parte
453 1729 668 1798 supra
711 1705 1101 1775 columnam
1132 1729 1220 1773 ex
1258 1707 1566 1774 inaurata
1601 1708 1768 1775 nudi
1813 1710 2003 1798 pueri
2044 1718 2280 1777 statua

58 1822 453 1890 variantibus
530 1821 778 1890 fistulis
846 1845 1026 1911 aqua
1093 1820 1397 1902 saliebat.
1443 1821 1744 1890 Primam
1809 1846 1966 1894 vero
2032 1822 2275 1915 palatii

58 1936 254 2006 sulam
301 1939 851 2030 ingredientibus
894 1937 1260 2030 superbum
1306 1937 1480 2006 illud
1524 1941 1918 2029 peristroma
1956 1963 2090 2010 non
2133 1943 2276 2010 sinc

58 2056 338 2122 omnium
385 2056 844 2126 admiratione
889 2055 1257 2136 visebatur,
1300 2055 1423 2122 ubi
1466 2055 1707 2124 mundi
1752 2055 2017 2130 molitio
2063 2081 2107 2124 a
2146 2056 2272 2125 Ni-

58 2170 220 2241 oolao
263 2172 612 2244 Pontifice
656 2175 826 2242 mira
872 2184 1016 2241 arte
1059 2174 1329 2242 contexi
1369 2172 1554 2260 jussa
1599 2171 1843 2255 fuerat,
1889 2197 2028 2265 quo
2061 2172 2270 2242 Chri-

58 2290 286 2357 stianus
331 2291 519 2360 orbis
571 2289 842 2359 nullum
902 2288 1093 2358 aliud
1161 2314 1371 2381 aeque
1439 2290 1667 2359 nobile
1734 2290 1984 2358 habere
2051 2291 2273 2380 crede-

57 2402 257 2476 batur4
302 2407 503 2476 Lecti
553 2406 879 2498 stragulae
910 2405 1183 2476 Atalica
1227 2405 1721 2497 magnificentia
1767 2432 1931 2477 auro
1977 2412 2273 2478 intextas

60 2517 408 2591 habebant:
442 2526 520 2593 in
554 2523 715 2592 aula
747 2547 909 2592 auro
950 2535 1363 2615 argentoque
1394 2522 1674 2592 mirifice
1704 2525 1963 2592 caelato
1991 2525 2276 2594 instruo·

64 2647 193 2704 tum
235 2640 533 2710 abacum
584 2653 656 2707 et
697 2663 926 2708 mensa
971 2664 1059 2708 ex
1101 2639 1317 2710 solida
1347 2641 1416 2707 (¹)
1451 2664 1759 2730 cupresso
1804 2640 2108 2709 laborata
2152 2643 2272 2708 tri-

65 2752 175 2822 bus
212 2762 440 2827 cannis
485 2759 728 2850 longa,
780 2771 849 2827 et
911 2782 1047 2828 una
1091 2758 1236 2826 lata
1280 2761 1588 2848 apposita
1632 2769 1796 2825 erat.
1843 2757 2008 2826 Inde
2051 2761 2125 2827 in
2167 2781 2273 2827 sa·-

69 2870 284 2944 cellum
328 2876 564 2945 aditus
606 2876 913 2967 patebat,
957 2875 1081 2944 ubi
1125 2876 1308 2943 dives
1354 2898 1470 2942 ara
1515 2897 1679 2966 auro
1724 2874 2155 2956 vestiebatur,
2194 2878 2269 2946 in

69 3009 185 3076 quo
223 3016 306 3060 ex
349 2994 675 3064 bombice
719 3017 1080 3086 puerperae
1109 2993 1402 3083 Virginis
1434 2995 1719 3084 natique
1753 2996 1928 3060 inter
1955 2993 2270 3081 jumenta

72 3102 293 3176 Christi
325 3111 581 3204 effigies
612 3135 738 3180 acu
766 3111 1030 3203 depicta
1068 3121 1233 3179 erat.
1279 3110 1501 3201 Supra
1544 3111 1682 3180 duo
1726 3109 1944 3201 angeli
1985 3122 2056 3178 et
2098 3134 2266 3200 qua-

75 3232 203 3292 tuor
238 3251 324 3295 ex
365 3232 624 3322 obryzo
654 3254 816 3299 auro
851 3228 1009 3300 fusa
1039 3228 1443 3327 flandelabra
1471 3228 1994 3321 splendidissime
2037 3228 2271 3299 locum

73 3336 497 3418 illustrabant.
547 3348 800 3417 Contra
845 3372 1033 3416 aram
1077 3358 1158 3415 ut
1201 3347 1482 3438 genibus
1527 3347 1945 3418 commodius
1975 3349 2265 3416 niteren-

57 3445 203 3537 1ων,
237 3458 519 3534 leoninis
561 3463 853 3556 pellibus
898 3461 1259 3533 suffultum
1314 3463 1800 3534 lectisternium
1861 3464 2117 3544 stabat,
2165 3475 2268 3530 ta·

76 3568 232 3642 bulis
285 3582 538 3670 quibus
602 3565 860 3652 orantis·
920 3594 1159 3673 pectus
1223 3582 1643 3650 incumberet
1710 3584 2036 3673 argenteis
2107 3594 2265 3649 ante

80 3697 504 3781 mgentibus3
549 3710 774 3769 totum
846 3723 934 3767 ex
999 3698 1350 3793 pustulato
1417 3710 1689 3790 argento
1759 3700 2264 3788 super-inaurato

81 3806 410 3882 eouflamm
457 3840 629 3909 opus
673 3831 838 3887 erat.
869 3818 951 3886 In
985 3820 1189 3888 tertia
1223 3815 1379 3885 aula
1406 3814 1917 3907 quatuordecim
1947 3811 2266 3882 cubicula

86 3924 238 4011 regio
276 3928 443 4002 luxu
490 3937 816 4006 instructa
876 3948 947 4004 et
1008 3938 1341 4027 picturata
1359 3985 1381 4016 ,
1425 3932 1947 4025 versicolorique
1995 3942 2271 4002 textura

150 4151 224 4229 (ι)
253 4161 321 4213 D’
344 4183 417 4222 un
445 4188 625 4243 pem.
2053 4261 2086 4330 4

2019 4279 2050 4315 2
