2950 5017
654 417 787 503 34²
1403 432 1643 478 assum
1687 430 2109 477 ascrmsnm

653 569 879 628 trusus
922 553 1079 626 fnit.
1132 555 1263 624 Hic
1324 566 1470 623 erat
1523 551 1917 633 Bucialdus,
1962 555 2081 643 qui
2127 549 2515 619 Gabrielem
2537 603 2556 630 ,
2606 554 2891 629 Ioannis

651 672 986 743 Galleacii
1053 670 1276 742 filium
1341 673 1647 762 spurium
1669 722 1688 752 ,
1737 683 1816 738 ut
1856 670 2149 738 ducenta
2199 668 2415 736 millia
2467 668 2892 738 florenorum

653 794 1111 883 interciperet,
1154 790 1404 882 quibus
1448 790 1630 858 Pisas
1673 788 2062 859 Florentino
2113 790 2381 856 senatui
2436 787 2888 868 vendiderat,

656 911 941 977 immani
1001 901 1245 977 scelere
1310 906 1595 975 Genuae
1655 906 1887 998 gladio
1954 908 2280 997 percussit
2297 953 2316 972 .
2360 905 2675 996 laegatus
2737 930 2889 973 vero

657 1024 1048 1095 Pontificius
1085 1025 1251 1093 dum
1281 1025 1650 1095 Bononiam
1698 1022 1959 1094 obsidet
2003 1047 2044 1091 a
2087 1021 2668 1091 Cremonensibus
2716 1022 2894 1088 aliis-

653 1166 793 1234 que
836 1144 1156 1234 proximis
1211 1140 1694 1212 rebellantibus
1747 1138 2013 1231 populis
2068 1142 2415 1209 accersitus
2468 1163 2648 1207 cum
2699 1140 2885 1209 Petro

653 1260 898 1331 Roscio
926 1260 1046 1329 diu
1078 1260 1165 1328 ad
1194 1259 1457 1327 Padum
1490 1258 1683 1329 velut
1723 1261 1956 1350 copias
2000 1261 2503 1328 transmissurus
2548 1283 2705 1327 non
2752 1261 2886 1325 sine

571 1423 578 1426 -
655 1400 902 1471 magno
967 1378 1115 1466 ejus
1182 1379 1461 1469 regionis
1506 1377 1934 1448 incommodo
1976 1376 2218 1445 haesit.
2265 1377 2563 1445 Demum
2623 1375 2885 1445 difficili

655 1501 946 1566 transitu
975 1500 1250 1568 invento
1276 1495 1487 1565 classe
1517 1496 1606 1564 ad
1637 1495 2014 1566 Colurnum
2043 1508 2278 1565 vectus
2322 1521 2362 1563 a
2406 1519 2526 1563 sex
2572 1499 2886 1564 rostratis

658 1613 1159 1690 vicecomitum
1217 1614 1542 1697 navibus,
1592 1636 1762 1704 quas
1824 1612 2131 1705 galeones
2175 1626 2453 1694 vocant,
2498 1612 2889 1680 debellatus

654 1744 795 1814 est3
844 1731 1214 1823 multisque
1256 1755 1345 1798 ex
1387 1732 1527 1800 suis
1569 1733 1786 1821 captis
1807 1781 1827 1813 ,
1873 1728 2155 1821 aliisque
2206 1730 2562 1800 submersis
2616 1732 2694 1796 in
2741 1730 2886 1797 Mu·

653 1850 981 1916 tinensem
1023 1847 1438 1918 retrocedere
1483 1859 1756 1917 coactus
1795 1845 1957 1915 fuit.
1987 1846 2322 1916 Adversas
2352 1869 2628 1936 pugnae
2662 1845 2884 1914 clades

653 1963 1049 2035 Pontificem
1094 1964 1177 2033 ad
1222 1963 1584 2033 ineundem
1629 1988 1873 2056 pacem
1919 1962 2288 2034 faciliorem
2335 1960 2528 2044 fecit,
2556 1966 2696 2053 qui
2746 1975 2883 2051 post

650 2083 893 2171 viginti
922 2080 1088 2162 dies,
1115 2104 1323 2172 quam
1356 2082 1444 2149 de
1474 2079 1739 2150 foedere
1782 2083 2057 2149 tractari
2087 2093 2403 2170 coeptum
2435 2092 2563 2161 est,
2601 2080 2882 2145 tandem

653 2196 994 2280 Bononia,
1039 2197 1353 2283 Petusio,
1394 2210 1468 2265 et
1510 2200 1755 2269 Assisio
1816 2201 2132 2289 acceptis,
2178 2196 2733 2268 vicecomitibus
2791 2208 2881 2262 est

650 2313 1070 2383 conciliatus.

792 2433 1027 2502 Rebus
1079 2435 1178 2502 ita
1230 2436 1617 2525 compositis
1662 2432 2070 2504 Othobonus
2113 2433 2379 2501 Tertius
2422 2432 2879 2500 Dinatianum

648 2548 985 2640 profectus
1028 2550 1254 2621 Caroli
1299 2551 1603 2622 Folleani
1653 2551 1868 2620 filiam
1931 2575 2212 2621 uxorem
2266 2551 2504 2632 duxit,
2568 2562 2652 2617 et
2724 2574 2876 2618 cum

646 2666 974 2759 perfidum
1017 2668 1103 2737 de
1146 2670 1522 2742 invadendo
1565 2674 1850 2761 imperio
1908 2673 2216 2738 animum
2261 2669 2568 2739 nondum
2618 2666 2878 2759 patefe-

649 2787 847 2853 cisset
909 2808 1073 2853 cum
1133 2786 1391 2863 Iacobo
1440 2788 1723 2857 Ver-mio
1789 2790 2165 2879 principum
2234 2789 2503 2855 nomine
2571 2785 2877 2852 Brixiam

646 2902 856 2994 paulo
916 2918 1076 2972 ante
1121 2929 1164 2973 a
1206 2906 1559 3006 Francisco
1602 2906 1912 2977 Carrario
1973 2906 2306 2976 obsessam
2367 2907 2652 2994 recepit.
2703 2904 2877 2971 Tan-

648 3019 803 3087 dem
851 3045 1011 3089 cum
1058 3022 1423 3092 Mediolani
1478 3022 1769 3115 populus
1812 3048 1855 3091 a
1900 3023 2315 3091 tumultibus
2362 3047 2495 3090 non
2545 3033 2872 3099 cessaret,

645 3134 907 3228 ,aliique
946 3135 1256 3229 quotidie
1294 3163 1337 3207 a
1373 3140 1868 3210 Vicecomitum
1914 3140 2262 3209 dominatu
2310 3139 2708 3220 deficerent,
2754 3162 2867 3229 per

649 3276 799 3318 eam
847 3257 1261 3322 occasionem
1308 3279 1486 3323 anno
1529 3280 1816 3338 Μοῦσαν,
1861 3271 2014 3347 post
2057 3282 2263 3348 quam
2310 3257 2626 3323 Parmam
2678 3279 2872 3325 occu-

650 3372 869 3459 pavit,
900 3372 1106 3437 etiam
1139 3370 1330 3461 Regii
1376 3385 1603 3462 aperte
1651 3397 1722 3440 se
1769 3388 2133 3464 tyrannum
2178 3372 2571 3442 declaravit.
2619 3372 2865 3440 Adole-

647 3485 999 3554 scentibus
1041 3489 1221 3554 enim
1269 3491 1683 3581 principibus
1737 3491 2057 3583 neglectis
2099 3515 2252 3559 cum
2304 3515 2524 3559 novae
2568 3490 2863 3580 quotidie

649 3603 926 3685 turbae,
969 3627 1319 3696 novaeque
1364 3608 1854 3694 conjurationes
1915 3613 2279 3692 orirentur,
2331 3608 2667 3677 Nicolaus
2712 3608 2861 3674 Ate-

645 3723 862 3788 stinus
907 3719 1110 3790 facile
1177 3746 1248 3791 se
1313 3723 1668 3815 Regienses
1733 3729 2269 3817 interceptarum
2338 3738 2759 3817 speraverat,
2802 3735 2860 3789 et

643 3860 804 3904 cum
849 3862 1063 3928 nuper
1105 3840 1429 3911 Nicolaus
1471 3842 1830 3925 Robertus,
1875 3855 1944 3911 et
1988 3843 2328 3912 Gerardus
2371 3842 2709 3931 Bojardus
2753 3864 2855 3933 pa·

646 3956 847 4022 triam
892 3979 961 4023 se
1009 3959 1367 4028 tradituros
1411 3965 1888 4051 promisissent,
1928 3961 2385 4053 Uguccionem
2430 3962 2855 4030 Contrarium

643 4096 804 4141 cum
847 4073 1112 4144 duobus
1181 4077 1485 4147 millibus
1551 4080 1897 4170 peditum,
1940 4093 2010 4148 e‘t
2055 4082 2457 4172 octingentis
2516 4079 2852 4171 equitibus

646 4191 730 4266 ad
778 4216 928 4262 eam
978 4195 1213 4263 urbem
1261 4198 1721 4289 accipiendam
1754 4202 2050 4269 miserat.
2089 4197 2223 4268 Sed
2251 4222 2320 4267 re
2349 4199 2621 4267 detecta
2652 4195 2849 4265 otho·
