<?xml version="1.0" encoding="UTF-8"?>
<!DOCTYPE html PUBLIC "-//W3C//DTD XHTML 1.0 Transitional//EN"
    "http://www.w3.org/TR/xhtml1/DTD/xhtml1-transitional.dtd">
<html xmlns="http://www.w3.org/1999/xhtml" xml:lang="en" lang="en">
 <head>
  <title>
</title>
<meta http-equiv="Content-Type" content="text/html;charset=utf-8" />
  <meta name='ocr-system' content='tesseract 3.04.00' />
  <meta name='ocr-capabilities' content='ocr_page ocr_carea ocr_par ocr_line ocrx_word'/>
</head>
<body>
  <div class='ocr_page' id='page_1' title='image "./rerumhistoricar00unkngoog_0537.png"; bbox 0 0 2950 5017; ppageno 0'>
   <div class='ocr_carea' id='block_1_1' title="bbox 978 425 2345 494">
    <p class='ocr_par' dir='ltr' id='par_1_1' title="bbox 978 425 2345 494">
     <span class='ocr_line' id='line_1_1' title="bbox 978 425 2345 494; baseline 0.004 -6"><span class='ocrx_word' id='word_1_1' title='bbox 978 443 1179 490; x_wconf 71' lang='lat' dir='ltr'><strong>mam</strong></span> <span class='ocrx_word' id='word_1_2' title='bbox 1225 441 1544 490; x_wconf 65' lang='lat' dir='ltr'><strong>ocravus·</strong></span> <span class='ocrx_word' id='word_1_3' title='bbox 2214 425 2254 494; x_wconf 85' lang='lat'><strong>5</strong></span> <span class='ocrx_word' id='word_1_4' title='bbox 2268 447 2288 492; x_wconf 82' lang='grc' dir='ltr'><strong>ι</strong></span> <span class='ocrx_word' id='word_1_5' title='bbox 2304 426 2345 493; x_wconf 83' lang='lat'>5</span> 
     </span>
    </p>
   </div>
   <div class='ocr_carea' id='block_1_2' title="bbox 43 565 2348 1823">
    <p class='ocr_par' dir='ltr' id='par_1_2' title="bbox 43 565 2348 1823">
     <span class='ocr_line' id='line_1_2' title="bbox 230 565 2345 656; baseline -0.001 -19"><span class='ocrx_word' id='word_1_6' title='bbox 230 565 448 637; x_wconf 72' lang='lat' dir='ltr'><strong>Haec</strong></span> <span class='ocrx_word' id='word_1_7' title='bbox 491 566 726 656; x_wconf 85' lang='lat' dir='ltr'><strong>ingens</strong></span> <span class='ocrx_word' id='word_1_8' title='bbox 766 574 1047 634; x_wconf 82' lang='lat' dir='ltr'><strong>secutus.</strong></span> <span class='ocrx_word' id='word_1_9' title='bbox 1079 574 1513 634; x_wconf 71' lang='lat' dir='ltr'><strong>terraemotus</strong></span> <span class='ocrx_word' id='word_1_10' title='bbox 1553 584 1871 655; x_wconf 86' lang='lat' dir='ltr'><strong>magnas,</strong></span> <span class='ocrx_word' id='word_1_11' title='bbox 1914 583 2093 655; x_wconf 82' lang='lat' dir='ltr'><strong>qnae</strong></span> <span class='ocrx_word' id='word_1_12' title='bbox 2140 587 2345 635; x_wconf 77' lang='lat' dir='ltr'><strong>vene·</strong></span> 
     </span>
     <span class='ocr_line' id='line_1_3' title="bbox 43 678 2346 774; baseline -0 -22"><span class='ocrx_word' id='word_1_13' title='bbox 43 695 311 774; x_wconf 78' lang='lat' dir='ltr'><strong>mut,</strong></span> <span class='ocrx_word' id='word_1_14' title='bbox 341 683 876 774; x_wconf 72' lang='lat' dir='ltr'><strong>perturbationes</strong></span> <span class='ocrx_word' id='word_1_15' title='bbox 906 682 1314 773; x_wconf 69' lang='lat' dir='ltr'><strong>portendisse</strong></span> <span class='ocrx_word' id='word_1_16' title='bbox 1341 679 1708 750; x_wconf 83' lang='lat' dir='ltr'><strong>ferebatur.</strong></span> <span class='ocrx_word' id='word_1_17' title='bbox 1729 678 2079 774; x_wconf 83' lang='lat' dir='ltr'><strong>Siquidem</strong></span> <span class='ocrx_word' id='word_1_18' title='bbox 2108 682 2346 751; x_wconf 88' lang='lat' dir='ltr'><strong>multis</strong></span> 
     </span>
     <span class='ocr_line' id='line_1_4' title="bbox 44 798 2345 891; baseline 0 -23"><span class='ocrx_word' id='word_1_19' title='bbox 44 800 431 891; x_wconf 76' lang='lat' dir='ltr'><strong>quotidie·</strong></span> <span class='ocrx_word' id='word_1_20' title='bbox 473 798 803 867; x_wconf 85' lang='lat' dir='ltr'><strong>militibus</strong></span> <span class='ocrx_word' id='word_1_21' title='bbox 847 798 1150 868; x_wconf 79' lang='lat' dir='ltr'><strong>Bononia</strong></span> <span class='ocrx_word' id='word_1_22' title='bbox 1193 798 1601 866; x_wconf 84' lang='lat' dir='ltr'><strong>exeuntibus</strong></span> <span class='ocrx_word' id='word_1_23' title='bbox 1665 819 1824 866; x_wconf 88' lang='lat' dir='ltr'><strong>cum</strong></span> <span class='ocrx_word' id='word_1_24' title='bbox 1891 801 2051 868; x_wconf 85' lang='lat' dir='ltr'><strong>novi</strong></span> <span class='ocrx_word' id='word_1_25' title='bbox 2118 823 2345 868; x_wconf 87' lang='lat' dir='ltr'><strong>rerum</strong></span> 
     </span>
     <span class='ocr_line' id='line_1_5' title="bbox 46 914 2342 1005; baseline 0 -21"><span class='ocrx_word' id='word_1_26' title='bbox 46 929 353 986; x_wconf 81' lang='lat' dir='ltr'><strong>motus</strong></span> <span class='ocrx_word' id='word_1_27' title='bbox 397 918 828 997; x_wconf 81' lang='lat' dir='ltr'><strong>timerentur,</strong></span> <span class='ocrx_word' id='word_1_28' title='bbox 871 914 1257 1005; x_wconf 87' lang='lat' dir='ltr'><strong>Alphonsus</strong></span> <span class='ocrx_word' id='word_1_29' title='bbox 1300 927 1650 984; x_wconf 87' lang='lat' dir='ltr'><strong>sexcentos</strong></span> <span class='ocrx_word' id='word_1_30' title='bbox 1713 915 1786 981; x_wconf 90' lang='lat' dir='ltr'><strong>in</strong></span> <span class='ocrx_word' id='word_1_31' title='bbox 1856 917 2024 982; x_wconf 87' lang='lat' dir='ltr'><strong>urbe</strong></span> <span class='ocrx_word' id='word_1_32' title='bbox 2090 915 2342 985; x_wconf 81' lang='lat' dir='ltr'><strong>milites</strong></span> 
     </span>
     <span class='ocr_line' id='line_1_6' title="bbox 46 1030 2347 1124; baseline 0 -25"><span class='ocrx_word' id='word_1_33' title='bbox 46 1034 553 1123; x_wconf 76' lang='lat' dir='ltr'><strong>conscripsit,</strong></span> <span class='ocrx_word' id='word_1_34' title='bbox 594 1043 667 1100; x_wconf 88' lang='lat' dir='ltr'><strong>et</strong></span> <span class='ocrx_word' id='word_1_35' title='bbox 711 1030 1087 1101; x_wconf 88' lang='lat' dir='ltr'><strong>Sertorium</strong></span> <span class='ocrx_word' id='word_1_36' title='bbox 1130 1030 1706 1122; x_wconf 82' lang='lat' dir='ltr'><strong>Neapolitanum,</strong></span> <span class='ocrx_word' id='word_1_37' title='bbox 1746 1033 1869 1123; x_wconf 87' lang='lat' dir='ltr'><strong>qui</strong></span> <span class='ocrx_word' id='word_1_38' title='bbox 1914 1030 2107 1101; x_wconf 87' lang='lat' dir='ltr'><strong>firmo</strong></span> <span class='ocrx_word' id='word_1_39' title='bbox 2158 1056 2347 1124; x_wconf 87' lang='lat' dir='ltr'><strong>prae-</strong></span> 
     </span>
     <span class='ocr_line' id='line_1_7' title="bbox 56 1146 2343 1239; baseline -0 -21"><span class='ocrx_word' id='word_1_40' title='bbox 56 1150 277 1219; x_wconf 83' lang='lat' dir='ltr'><strong>sidio</strong></span> <span class='ocrx_word' id='word_1_41' title='bbox 338 1149 579 1218; x_wconf 86' lang='lat' dir='ltr'><strong>urbem</strong></span> <span class='ocrx_word' id='word_1_42' title='bbox 629 1149 1294 1239; x_wconf 86' lang='lat' dir='ltr'><strong>tueretur,&#39;Regium</strong></span> <span class='ocrx_word' id='word_1_43' title='bbox 1341 1149 1547 1216; x_wconf 80' lang='lat' dir='ltr'><strong>misit.</strong></span> <span class='ocrx_word' id='word_1_44' title='bbox 1610 1146 1744 1215; x_wconf 86' lang='lat' dir='ltr'><strong>Sed</strong></span> <span class='ocrx_word' id='word_1_45' title='bbox 1807 1170 1967 1216; x_wconf 89' lang='lat' dir='ltr'><strong>cum</strong></span> <span class='ocrx_word' id='word_1_46' title='bbox 2038 1148 2123 1216; x_wconf 87' lang='lat' dir='ltr'><strong>ad</strong></span> <span class='ocrx_word' id='word_1_47' title='bbox 2188 1173 2343 1217; x_wconf 85' lang='lat' dir='ltr'><strong>suas</strong></span> 
     </span>
     <span class='ocr_line' id='line_1_8' title="bbox 58 1264 2347 1357; baseline 0 -24"><span class='ocrx_word' id='word_1_48' title='bbox 58 1289 185 1333; x_wconf 74' lang='lat' dir='ltr'><strong>res</strong></span> <span class='ocrx_word' id='word_1_49' title='bbox 238 1264 722 1335; x_wconf 81' lang='lat' dir='ltr'><strong>defendendas</strong></span> <span class='ocrx_word' id='word_1_50' title='bbox 768 1266 1046 1357; x_wconf 78' lang='lat' dir='ltr'><strong>aliquod</strong></span> <span class='ocrx_word' id='word_1_51' title='bbox 1098 1265 1224 1332; x_wconf 86' lang='lat' dir='ltr'><strong>sibi</strong></span> <span class='ocrx_word' id='word_1_52' title='bbox 1282 1276 1715 1333; x_wconf 81' lang='lat' dir='ltr'><strong>externorum</strong></span> <span class='ocrx_word' id='word_1_53' title='bbox 1759 1264 2097 1333; x_wconf 82' lang='lat' dir='ltr'><strong>auxilium</strong></span> <span class='ocrx_word' id='word_1_54' title='bbox 2140 1289 2347 1357; x_wconf 88' lang='lat' dir='ltr'><strong>qnae-</strong></span> 
     </span>
     <span class='ocr_line' id='line_1_9' title="bbox 64 1379 2346 1471; baseline -0 -22"><span class='ocrx_word' id='word_1_55' title='bbox 64 1382 405 1450; x_wconf 85' lang='lat' dir='ltr'><strong>rendum</strong></span> <span class='ocrx_word' id='word_1_56' title='bbox 450 1382 732 1464; x_wconf 86' lang='lat' dir='ltr'><strong>videret,</strong></span> <span class='ocrx_word' id='word_1_57' title='bbox 772 1405 933 1451; x_wconf 89' lang='lat' dir='ltr'><strong>cum</strong></span> <span class='ocrx_word' id='word_1_58' title='bbox 978 1382 1336 1450; x_wconf 86' lang='lat' dir='ltr'><strong>Francisco</strong></span> <span class='ocrx_word' id='word_1_59' title='bbox 1366 1379 1726 1449; x_wconf 72' lang='lat' dir='ltr'><strong>Gallorum</strong></span> <span class='ocrx_word' id='word_1_60' title='bbox 1757 1379 1943 1470; x_wconf 84' lang='lat' dir='ltr'><strong>Rege</strong></span> <span class='ocrx_word' id='word_1_61' title='bbox 1961 1430 1982 1462; x_wconf 93' lang='lat'><strong>,</strong></span> <span class='ocrx_word' id='word_1_62' title='bbox 2012 1383 2138 1471; x_wconf 90' lang='lat' dir='ltr'><strong>qui</strong></span> <span class='ocrx_word' id='word_1_63' title='bbox 2166 1380 2346 1448; x_wconf 88' lang='lat' dir='ltr'><strong>Tici-</strong></span> 
     </span>
     <span class='ocr_line' id='line_1_10' title="bbox 64 1496 2348 1590; baseline -0.001 -23"><span class='ocrx_word' id='word_1_64' title='bbox 64 1523 271 1567; x_wconf 79' lang='lat' dir='ltr'><strong>num</strong></span> <span class='ocrx_word' id='word_1_65' title='bbox 332 1499 712 1581; x_wconf 84' lang='lat' dir='ltr'><strong>obsidebat,</strong></span> <span class='ocrx_word' id='word_1_66' title='bbox 742 1496 978 1568; x_wconf 83' lang='lat' dir='ltr'><strong>foedus</strong></span> <span class='ocrx_word' id='word_1_67' title='bbox 1022 1500 1383 1590; x_wconf 83' lang='lat' dir='ltr'><strong>percussit3</strong></span> <span class='ocrx_word' id='word_1_68' title='bbox 1412 1497 1501 1565; x_wconf 90' lang='lat' dir='ltr'><strong>ad</strong></span> <span class='ocrx_word' id='word_1_69' title='bbox 1533 1521 1738 1589; x_wconf 86' lang='lat' dir='ltr'><strong>quem</strong></span> <span class='ocrx_word' id='word_1_70' title='bbox 1780 1509 2115 1566; x_wconf 86' lang='lat' dir='ltr'><strong>trecentas</strong></span> <span class='ocrx_word' id='word_1_71' title='bbox 2154 1520 2348 1565; x_wconf 61' lang='lat' dir='ltr'><strong>sexa-⁴</strong></span> 
     </span>
     <span class='ocr_line' id='line_1_11' title="bbox 73 1613 2343 1707; baseline -0.001 -23"><span class='ocrx_word' id='word_1_72' title='bbox 73 1638 315 1705; x_wconf 80' lang='lat' dir='ltr'><strong>genas</strong></span> <span class='ocrx_word' id='word_1_73' title='bbox 365 1618 788 1686; x_wconf 88' lang='lat' dir='ltr'><strong>tormentarii</strong></span> <span class='ocrx_word' id='word_1_74' title='bbox 845 1614 1141 1707; x_wconf 85' lang='lat' dir='ltr'><strong>pulveris</strong></span> <span class='ocrx_word' id='word_1_75' title='bbox 1193 1637 1400 1705; x_wconf 88' lang='lat' dir='ltr'><strong>cupas</strong></span> <span class='ocrx_word' id='word_1_76' title='bbox 1456 1616 1849 1684; x_wconf 74' lang='lat' dir='ltr'><strong>transmisit.</strong></span> <span class='ocrx_word' id='word_1_77' title='bbox 1920 1614 2105 1682; x_wconf 86' lang='lat' dir='ltr'><strong>Inter</strong></span> <span class='ocrx_word' id='word_1_78' title='bbox 2140 1613 2343 1683; x_wconf 89' lang='lat' dir='ltr'><strong>·haec</strong></span> 
     </span>
     <span class='ocr_line' id='line_1_12' title="bbox 83 1723 2342 1823; baseline 0 -24"><span class='ocrx_word' id='word_1_79' title='bbox 83 1723 460 1800; x_wconf 77' lang='lat' dir='ltr'><strong>Albaniae</strong></span> <span class='ocrx_word' id='word_1_80' title='bbox 504 1732 706 1814; x_wconf 79' lang='lat' dir='ltr'><strong>Dux,</strong></span> <span class='ocrx_word' id='word_1_81' title='bbox 749 1735 872 1822; x_wconf 90' lang='lat' dir='ltr'><strong>qui</strong></span> <span class='ocrx_word' id='word_1_82' title='bbox 915 1755 1073 1800; x_wconf 87' lang='lat' dir='ltr'><strong>cum</strong></span> <span class='ocrx_word' id='word_1_83' title='bbox 1135 1755 1256 1802; x_wconf 79' lang='lat' dir='ltr'><strong>sex</strong></span> <span class='ocrx_word' id='word_1_84' title='bbox 1313 1730 1619 1801; x_wconf 87' lang='lat' dir='ltr'><strong>millibus</strong></span> <span class='ocrx_word' id='word_1_85' title='bbox 1676 1731 1979 1823; x_wconf 84' lang='lat' dir='ltr'><strong>peditum</strong></span> <span class='ocrx_word' id='word_1_86' title='bbox 1997 1782 2019 1813; x_wconf 93' lang='lat'><strong>,</strong></span> <span class='ocrx_word' id='word_1_87' title='bbox 2059 1742 2132 1800; x_wconf 86' lang='lat' dir='ltr'><strong>et</strong></span> <span class='ocrx_word' id='word_1_88' title='bbox 2172 1754 2342 1822; x_wconf 42' lang='lat' dir='ltr'><strong>quae</strong></span> 
     </span>
    </p>
   </div>
   <div class='ocr_carea' id='block_1_3' title="bbox 74 1836 2492 1939">
    <p class='ocr_par' dir='ltr' id='par_1_3' title="bbox 74 1836 2492 1939">
     <span class='ocr_line' id='line_1_13' title="bbox 74 1836 2492 1939; baseline -0 -25"><span class='ocrx_word' id='word_1_89' title='bbox 74 1847 480 1939; x_wconf 84' lang='lat' dir='ltr'><strong>dringentis</strong></span> <span class='ocrx_word' id='word_1_90' title='bbox 535 1836 882 1939; x_wconf 86' lang='lat' dir='ltr'><strong>equitibus</strong></span> <span class='ocrx_word' id='word_1_91' title='bbox 926 1850 997 1920; x_wconf 85' lang='lat' dir='ltr'><strong>iu</strong></span> <span class='ocrx_word' id='word_1_92' title='bbox 1042 1848 1388 1918; x_wconf 86' lang='lat' dir='ltr'><strong>montibus</strong></span> <span class='ocrx_word' id='word_1_93' title='bbox 1440 1847 1633 1939; x_wconf 86' lang='lat' dir='ltr'><strong>Regii</strong></span> <span class='ocrx_word' id='word_1_94' title='bbox 1690 1846 2220 1937; x_wconf 83' lang='lat' dir='ltr'><strong>hybernaverat,</strong></span> <span class='ocrx_word' id='word_1_95' title='bbox 2259 1858 2346 1914; x_wconf 85' lang='lat' dir='ltr'><strong>ut</strong></span> <span class='ocrx_word' id='word_1_96' title='bbox 2486 1846 2492 1852; x_wconf 80' lang='grc'><em>“</em></span> 
     </span>
    </p>
   </div>
   <div class='ocr_carea' id='block_1_4' title="bbox 80 1962 2341 2760">
    <p class='ocr_par' dir='ltr' id='par_1_4' title="bbox 80 1962 2341 2760">
     <span class='ocr_line' id='line_1_14' title="bbox 80 1962 2341 2056; baseline -0 -23"><span class='ocrx_word' id='word_1_97' title='bbox 80 1963 477 2056; x_wconf 85' lang='lat' dir='ltr'><strong>Neapolim</strong></span> <span class='ocrx_word' id='word_1_98' title='bbox 539 1977 962 2056; x_wconf 88' lang='lat' dir='ltr'><strong>oppugnaret</strong></span> <span class='ocrx_word' id='word_1_99' title='bbox 1018 1967 1087 2032; x_wconf 90' lang='lat' dir='ltr'><strong>in</strong></span> <span class='ocrx_word' id='word_1_100' title='bbox 1133 1964 1579 2056; x_wconf 86' lang='lat' dir='ltr'><strong>Campaniam</strong></span> <span class='ocrx_word' id='word_1_101' title='bbox 1646 1962 2221 2055; x_wconf 78' lang='lat' dir='ltr'><strong>proficiscebatur,</strong></span> <span class='ocrx_word' id='word_1_102' title='bbox 2265 1966 2341 2032; x_wconf 87' lang='lat' dir='ltr'><strong>in</strong></span> 
     </span>
     <span class='ocr_line' id='line_1_15' title="bbox 80 2082 2339 2174; baseline 0 -25"><span class='ocrx_word' id='word_1_103' title='bbox 80 2082 475 2173; x_wconf 84' lang='lat' dir='ltr'><strong>Regienscs</strong></span> <span class='ocrx_word' id='word_1_104' title='bbox 539 2104 783 2174; x_wconf 88' lang='lat' dir='ltr'><strong>magno</strong></span> <span class='ocrx_word' id='word_1_105' title='bbox 848 2106 1007 2150; x_wconf 89' lang='lat' dir='ltr'><strong>cum</strong></span> <span class='ocrx_word' id='word_1_106' title='bbox 1077 2083 1332 2151; x_wconf 79' lang='lat' dir='ltr'><strong>civium</strong></span> <span class='ocrx_word' id='word_1_107' title='bbox 1401 2082 1808 2153; x_wconf 81' lang='lat' dir='ltr'><strong>detrimento</strong></span> <span class='ocrx_word' id='word_1_108' title='bbox 1872 2084 2110 2163; x_wconf 77' lang='lat' dir='ltr'><strong>venit-,-</strong></span> <span class='ocrx_word' id='word_1_109' title='bbox 2175 2105 2339 2162; x_wconf 77' lang='lat' dir='ltr'><strong>nam</strong></span> 
     </span>
     <span class='ocr_line' id='line_1_16' title="bbox 84 2202 2332 2293; baseline 0 -24"><span class='ocrx_word' id='word_1_110' title='bbox 84 2214 374 2293; x_wconf 89' lang='lat' dir='ltr'><strong>praeter</strong></span> <span class='ocrx_word' id='word_1_111' title='bbox 418 2204 722 2291; x_wconf 86' lang='lat' dir='ltr'><strong>rapinas,</strong></span> <span class='ocrx_word' id='word_1_112' title='bbox 765 2224 934 2293; x_wconf 87' lang='lat' dir='ltr'><strong>quas</strong></span> <span class='ocrx_word' id='word_1_113' title='bbox 980 2202 1234 2292; x_wconf 74' lang='lat' dir='ltr'><strong>ubique</strong></span> <span class='ocrx_word' id='word_1_114' title='bbox 1293 2203 1677 2270; x_wconf 83' lang='lat' dir='ltr'><strong>avarissime</strong></span> <span class='ocrx_word' id='word_1_115' title='bbox 1744 2203 2076 2283; x_wconf 85' lang='lat' dir='ltr'><strong>exercuit,</strong></span> <span class='ocrx_word' id='word_1_116' title='bbox 2121 2203 2332 2269; x_wconf 86' lang='lat' dir='ltr'><strong>etiam</strong></span> 
     </span>
     <span class='ocr_line' id='line_1_17' title="bbox 90 2316 2336 2409; baseline -0.001 -22"><span class='ocrx_word' id='word_1_117' title='bbox 90 2319 561 2409; x_wconf 80' lang='lat' dir='ltr'><strong>quadraginta</strong></span> <span class='ocrx_word' id='word_1_118' title='bbox 626 2318 861 2388; x_wconf 86' lang='lat' dir='ltr'><strong>domos</strong></span> <span class='ocrx_word' id='word_1_119' title='bbox 903 2321 973 2387; x_wconf 90' lang='lat' dir='ltr'><strong>in</strong></span> <span class='ocrx_word' id='word_1_120' title='bbox 1019 2317 1189 2387; x_wconf 85' lang='lat' dir='ltr'><strong>villa</strong></span> <span class='ocrx_word' id='word_1_121' title='bbox 1232 2318 1572 2409; x_wconf 87' lang='lat' dir='ltr'><strong>Ligoncii,</strong></span> <span class='ocrx_word' id='word_1_122' title='bbox 1626 2316 1926 2409; x_wconf 87' lang='lat' dir='ltr'><strong>aliasque</strong></span> <span class='ocrx_word' id='word_1_123' title='bbox 1979 2316 2203 2408; x_wconf 87' lang='lat' dir='ltr'><strong>plures</strong></span> <span class='ocrx_word' id='word_1_124' title='bbox 2262 2319 2336 2385; x_wconf 90' lang='lat' dir='ltr'><strong>in</strong></span> 
     </span>
     <span class='ocr_line' id='line_1_18' title="bbox 90 2418 2339 2526; baseline 0 -25"><span class='ocrx_word' id='word_1_125' title='bbox 90 2436 464 2505; x_wconf 86' lang='lat' dir='ltr'><strong>montibus</strong></span> <span class='ocrx_word' id='word_1_126' title='bbox 506 2418 786 2504; x_wconf 75' lang='lat' dir='ltr'><strong>exussit.</strong></span> <span class='ocrx_word' id='word_1_127' title='bbox 833 2434 1136 2503; x_wconf 84' lang='lat' dir='ltr'><strong>Assiduis</strong></span> <span class='ocrx_word' id='word_1_128' title='bbox 1181 2458 1458 2526; x_wconf 85' lang='lat' dir='ltr'><strong>quoque</strong></span> <span class='ocrx_word' id='word_1_129' title='bbox 1505 2433 1756 2526; x_wconf 84' lang='lat' dir='ltr'><strong>pluviis</strong></span> <span class='ocrx_word' id='word_1_130' title='bbox 1806 2458 1965 2502; x_wconf 87' lang='lat' dir='ltr'><strong>cum</strong></span> <span class='ocrx_word' id='word_1_131' title='bbox 2022 2437 2162 2523; x_wconf 85' lang='lat' dir='ltr'><strong>agri</strong></span> <span class='ocrx_word' id='word_1_132' title='bbox 2207 2433 2339 2501; x_wconf 54' lang='lat' dir='ltr'><strong>R‘e-</strong></span> 
     </span>
     <span class='ocr_line' id='line_1_19' title="bbox 92 2547 2333 2643; baseline -0.001 -24"><span class='ocrx_word' id='word_1_133' title='bbox 92 2553 287 2641; x_wconf 86' lang='lat' dir='ltr'><strong>gium</strong></span> <span class='ocrx_word' id='word_1_134' title='bbox 338 2574 558 2643; x_wconf 83' lang='lat' dir='ltr'><strong>usque</strong></span> <span class='ocrx_word' id='word_1_135' title='bbox 601 2551 695 2619; x_wconf 91' lang='lat' dir='ltr'><strong>ab</strong></span> <span class='ocrx_word' id='word_1_136' title='bbox 739 2553 931 2642; x_wconf 89' lang='lat' dir='ltr'><strong>aquis</strong></span> <span class='ocrx_word' id='word_1_137' title='bbox 983 2552 1314 2620; x_wconf 82' lang='lat' dir='ltr'><strong>submersi</strong></span> <span class='ocrx_word' id='word_1_138' title='bbox 1368 2555 1876 2641; x_wconf 84' lang='lat' dir='ltr'><strong>navigarentur,</strong></span> <span class='ocrx_word' id='word_1_139' title='bbox 1921 2573 2056 2617; x_wconf 88' lang='lat' dir='ltr'><strong>non</strong></span> <span class='ocrx_word' id='word_1_140' title='bbox 2113 2547 2333 2617; x_wconf 88' lang='lat' dir='ltr'><strong>multo</strong></span> 
     </span>
     <span class='ocr_line' id='line_1_20' title="bbox 90 2666 2333 2760; baseline -0.004 -23"><span class='ocrx_word' id='word_1_141' title='bbox 90 2682 247 2758; x_wconf 86' lang='lat' dir='ltr'><strong>post</strong></span> <span class='ocrx_word' id='word_1_142' title='bbox 291 2693 503 2738; x_wconf 85' lang='lat' dir='ltr'><strong>saeva</strong></span> <span class='ocrx_word' id='word_1_143' title='bbox 563 2672 766 2760; x_wconf 85' lang='lat' dir='ltr'><strong>pestis</strong></span> <span class='ocrx_word' id='word_1_144' title='bbox 828 2670 1068 2738; x_wconf 85' lang='lat' dir='ltr'><strong>urbem</strong></span> <span class='ocrx_word' id='word_1_145' title='bbox 1131 2667 1404 2737; x_wconf 80' lang='lat' dir='ltr'><strong>afflixit.</strong></span> <span class='ocrx_word' id='word_1_146' title='bbox 1459 2666 1797 2758; x_wconf 87' lang='lat' dir='ltr'><strong>Sequente</strong></span> <span class='ocrx_word' id='word_1_147' title='bbox 1846 2683 2000 2734; x_wconf 85' lang='lat' dir='ltr'><strong>vero</strong></span> <span class='ocrx_word' id='word_1_148' title='bbox 2046 2679 2224 2736; x_wconf 78' lang='lat' dir='ltr'><strong>anno</strong></span> <span class='ocrx_word' id='word_1_149' title='bbox 2261 2666 2333 2730; x_wconf 79' lang='lat'><strong>(¹)</strong></span> 
     </span>
    </p>
   </div>
   <div class='ocr_carea' id='block_1_5' title="bbox 95 2781 2476 2864">
    <p class='ocr_par' dir='ltr' id='par_1_5' title="bbox 95 2781 2476 2864">
     <span class='ocr_line' id='line_1_21' title="bbox 95 2781 2476 2864; baseline -0.001 -12"><span class='ocrx_word' id='word_1_150' title='bbox 95 2807 257 2856; x_wconf 83' lang='lat' dir='ltr'><strong>cum</strong></span> <span class='ocrx_word' id='word_1_151' title='bbox 322 2788 721 2858; x_wconf 85' lang='lat' dir='ltr'><strong>Franciscus</strong></span> <span class='ocrx_word' id='word_1_152' title='bbox 764 2786 1125 2856; x_wconf 83' lang='lat' dir='ltr'><strong>Gallorum</strong></span> <span class='ocrx_word' id='word_1_153' title='bbox 1179 2785 1332 2854; x_wconf 85' lang='lat' dir='ltr'><strong>Rex</strong></span> <span class='ocrx_word' id='word_1_154' title='bbox 1376 2784 1692 2852; x_wconf 84' lang='lat' dir='ltr'><strong>Ticinum</strong></span> <span class='ocrx_word' id='word_1_155' title='bbox 1746 2782 2116 2863; x_wconf 87' lang='lat' dir='ltr'><strong>obsideret,</strong></span> <span class='ocrx_word' id='word_1_156' title='bbox 2160 2781 2333 2851; x_wconf 83' lang='lat' dir='ltr'><strong>Cae·</strong></span> <span class='ocrx_word' id='word_1_157' title='bbox 2471 2857 2476 2864; x_wconf 19' lang='lat'>⁸</span> 
     </span>
    </p>
   </div>
   <div class='ocr_carea' id='block_1_6' title="bbox 98 2898 2426 4056">
    <p class='ocr_par' dir='ltr' id='par_1_6' title="bbox 98 2898 2426 4056">
     <span class='ocr_line' id='line_1_22' title="bbox 98 2898 2333 2994; baseline -0.002 -24"><span class='ocrx_word' id='word_1_158' title='bbox 98 2904 378 2985; x_wconf 83' lang='lat' dir='ltr'><strong>sariani,</strong></span> <span class='ocrx_word' id='word_1_159' title='bbox 407 2906 530 2994; x_wconf 89' lang='lat' dir='ltr'><strong>qui</strong></span> <span class='ocrx_word' id='word_1_160' title='bbox 572 2927 661 2971; x_wconf 80' lang='lat' dir='ltr'><strong>cx</strong></span> <span class='ocrx_word' id='word_1_161' title='bbox 708 2905 950 2994; x_wconf 85' lang='lat' dir='ltr'><strong>viginti</strong></span> <span class='ocrx_word' id='word_1_162' title='bbox 992 2912 1288 2993; x_wconf 85' lang='lat' dir='ltr'><strong>quatuor</strong></span> <span class='ocrx_word' id='word_1_163' title='bbox 1334 2899 1641 2970; x_wconf 86' lang='lat' dir='ltr'><strong>millibus</strong></span> <span class='ocrx_word' id='word_1_164' title='bbox 1686 2899 2020 2990; x_wconf 86' lang='lat' dir='ltr'><strong>peditum,</strong></span> <span class='ocrx_word' id='word_1_165' title='bbox 2063 2910 2137 2966; x_wconf 90' lang='lat' dir='ltr'><strong>et</strong></span> <span class='ocrx_word' id='word_1_166' title='bbox 2178 2898 2333 2966; x_wconf 89' lang='lat' dir='ltr'><strong>mil-</strong></span> 
     </span>
     <span class='ocr_line' id='line_1_23' title="bbox 98 3001 2332 3111; baseline 0.001 -28"><span class='ocrx_word' id='word_1_167' title='bbox 98 3017 280 3089; x_wconf 88' lang='lat' dir='ltr'><strong>libus</strong></span> <span class='ocrx_word' id='word_1_168' title='bbox 332 3024 646 3089; x_wconf 85' lang='lat' dir='ltr'><strong>treoentis</strong></span> <span class='ocrx_word' id='word_1_169' title='bbox 698 3001 1185 3111; x_wconf 74' lang='lat' dir='ltr'><strong>cataphractis,</strong></span> <span class='ocrx_word' id='word_1_170' title='bbox 1248 3030 1318 3086; x_wconf 88' lang='lat' dir='ltr'><strong>et</strong></span> <span class='ocrx_word' id='word_1_171' title='bbox 1378 3017 1531 3086; x_wconf 84' lang='lat' dir='ltr'><strong>aliis</strong></span> <span class='ocrx_word' id='word_1_172' title='bbox 1559 3029 1566 3034; x_wconf 78' lang='grc'><strong>“</strong></span> <span class='ocrx_word' id='word_1_173' title='bbox 1591 3017 1895 3085; x_wconf 86' lang='lat' dir='ltr'><strong>millibus</strong></span> <span class='ocrx_word' id='word_1_174' title='bbox 1946 3017 2332 3108; x_wconf 84' lang='lat' dir='ltr'><strong>quingentis</strong></span> 
     </span>
     <span class='ocr_line' id='line_1_24' title="bbox 105 3133 2327 3229; baseline 0 -28"><span class='ocrx_word' id='word_1_175' title='bbox 105 3134 374 3208; x_wconf 81' lang='lat' dir='ltr'><strong>levioris</strong></span> <span class='ocrx_word' id='word_1_176' title='bbox 440 3149 822 3207; x_wconf 85' lang='lat' dir='ltr'><strong>armaturae</strong></span> <span class='ocrx_word' id='word_1_177' title='bbox 890 3138 1234 3229; x_wconf 88' lang='lat' dir='ltr'><strong>equitibus</strong></span> <span class='ocrx_word' id='word_1_178' title='bbox 1301 3135 1740 3218; x_wconf 88' lang='lat' dir='ltr'><strong>constabant,</strong></span> <span class='ocrx_word' id='word_1_179' title='bbox 1811 3137 2027 3204; x_wconf 88' lang='lat' dir='ltr'><strong>sancti</strong></span> <span class='ocrx_word' id='word_1_180' title='bbox 2083 3133 2327 3226; x_wconf 83' lang='lat' dir='ltr'><strong>Angeli</strong></span> 
     </span>
     <span class='ocr_line' id='line_1_25' title="bbox 104 3249 2326 3347; baseline -0 -25"><span class='ocrx_word' id='word_1_181' title='bbox 104 3256 354 3346; x_wconf 85' lang='lat' dir='ltr'><strong>oppido</strong></span> <span class='ocrx_word' id='word_1_182' title='bbox 374 3255 383 3260; x_wconf 59' lang='grc'><strong>”</strong></span> <span class='ocrx_word' id='word_1_183' title='bbox 400 3269 626 3347; x_wconf 89' lang='lat' dir='ltr'><strong>capto,</strong></span> <span class='ocrx_word' id='word_1_184' title='bbox 674 3278 907 3326; x_wconf 85' lang='lat' dir='ltr'><strong>omnes</strong></span> <span class='ocrx_word' id='word_1_185' title='bbox 937 3252 1175 3323; x_wconf 86' lang='lat' dir='ltr'><strong>Gallos</strong></span> <span class='ocrx_word' id='word_1_186' title='bbox 1220 3252 1671 3321; x_wconf 86' lang='lat' dir='ltr'><strong>trucidarunt.</strong></span> <span class='ocrx_word' id='word_1_187' title='bbox 1703 3249 2052 3343; x_wconf 85' lang='lat' dir='ltr'><strong>Gregarios</strong></span> <span class='ocrx_word' id='word_1_188' title='bbox 2094 3265 2326 3321; x_wconf 85' lang='lat' dir='ltr'><strong>autem</strong></span> 
     </span>
     <span class='ocr_line' id='line_1_26' title="bbox 106 3369 2328 3466; baseline 0.001 -29"><span class='ocrx_word' id='word_1_189' title='bbox 106 3371 349 3457; x_wconf 86' lang='lat' dir='ltr'><strong>Italos,</strong></span> <span class='ocrx_word' id='word_1_190' title='bbox 396 3378 662 3466; x_wconf 89' lang='lat' dir='ltr'><strong>proprio</strong></span> <span class='ocrx_word' id='word_1_191' title='bbox 722 3373 1044 3442; x_wconf 89' lang='lat' dir='ltr'><strong>idiomate</strong></span> <span class='ocrx_word' id='word_1_192' title='bbox 1105 3374 1398 3462; x_wconf 88' lang='lat' dir='ltr'><strong>agnitos,</strong></span> <span class='ocrx_word' id='word_1_193' title='bbox 1462 3369 1829 3440; x_wconf 85' lang='lat' dir='ltr'><strong>incolumes</strong></span> <span class='ocrx_word' id='word_1_194' title='bbox 1895 3370 2328 3453; x_wconf 87' lang='lat' dir='ltr'><strong>dimiserunt,</strong></span> 
     </span>
     <span class='ocr_line' id='line_1_27' title="bbox 114 3481 2332 3581; baseline -0 -25"><span class='ocrx_word' id='word_1_195' title='bbox 114 3501 181 3556; x_wconf 89' lang='lat' dir='ltr'><strong>et</strong></span> <span class='ocrx_word' id='word_1_196' title='bbox 221 3492 605 3575; x_wconf 87' lang='lat' dir='ltr'><strong>nobiliores,</strong></span> <span class='ocrx_word' id='word_1_197' title='bbox 649 3493 825 3559; x_wconf 90' lang='lat' dir='ltr'><strong>inter</strong></span> <span class='ocrx_word' id='word_1_198' title='bbox 866 3512 1037 3581; x_wconf 87' lang='lat' dir='ltr'><strong>quos</strong></span> <span class='ocrx_word' id='word_1_199' title='bbox 1068 3488 1327 3581; x_wconf 86' lang='lat' dir='ltr'><strong>Gaspar</strong></span> <span class='ocrx_word' id='word_1_200' title='bbox 1371 3487 1633 3558; x_wconf 83' lang='lat' dir='ltr'><strong>Sessius</strong></span> <span class='ocrx_word' id='word_1_201' title='bbox 1675 3486 1837 3572; x_wconf 79' lang='lat' dir='ltr'><strong>fuit,</strong></span> <span class='ocrx_word' id='word_1_202' title='bbox 1880 3492 2183 3579; x_wconf 85' lang='lat' dir='ltr'><strong>captivos</strong></span> <span class='ocrx_word' id='word_1_203' title='bbox 2229 3481 2332 3556; x_wconf 82' lang='lat' dir='ltr'><strong>fe-</strong></span> 
     </span>
     <span class='ocr_line' id='line_1_28' title="bbox 113 3607 2327 3701; baseline -0.002 -25"><span class='ocrx_word' id='word_1_204' title='bbox 113 3623 371 3679; x_wconf 83' lang='lat' dir='ltr'><strong>cerunt.</strong></span> <span class='ocrx_word' id='word_1_205' title='bbox 415 3610 482 3679; x_wconf 84' lang='lat' dir='ltr'><strong>Is</strong></span> <span class='ocrx_word' id='word_1_206' title='bbox 526 3621 761 3701; x_wconf 88' lang='lat' dir='ltr'><strong>postea</strong></span> <span class='ocrx_word' id='word_1_207' title='bbox 789 3608 1234 3698; x_wconf 86' lang='lat' dir='ltr'><strong>Piccighitoni</strong></span> <span class='ocrx_word' id='word_1_208' title='bbox 1271 3607 1512 3679; x_wconf 87' lang='lat' dir='ltr'><strong>morbo</strong></span> <span class='ocrx_word' id='word_1_209' title='bbox 1540 3611 1906 3688; x_wconf 80' lang='lat' dir='ltr'><strong>extinctus,</strong></span> <span class='ocrx_word' id='word_1_210' title='bbox 1936 3621 2007 3674; x_wconf 90' lang='lat' dir='ltr'><strong>et</strong></span> <span class='ocrx_word' id='word_1_211' title='bbox 2031 3608 2327 3696; x_wconf 81' lang='lat' dir='ltr'><strong>Regium</strong></span> 
     </span>
     <span class='ocr_line' id='line_1_29' title="bbox 116 3722 2326 3818; baseline -0 -27"><span class='ocrx_word' id='word_1_212' title='bbox 116 3722 373 3796; x_wconf 80' lang='lat' dir='ltr'><strong>delatus</strong></span> <span class='ocrx_word' id='word_1_213' title='bbox 436 3729 511 3796; x_wconf 88' lang='lat' dir='ltr'><strong>in</strong></span> <span class='ocrx_word' id='word_1_214' title='bbox 578 3727 674 3796; x_wconf 88' lang='lat' dir='ltr'><strong>D.</strong></span> <span class='ocrx_word' id='word_1_215' title='bbox 731 3727 1074 3797; x_wconf 90' lang='lat' dir='ltr'><strong>Dominici</strong></span> <span class='ocrx_word' id='word_1_216' title='bbox 1142 3725 1310 3794; x_wconf 85' lang='lat' dir='ltr'><strong>aede</strong></span> <span class='ocrx_word' id='word_1_217' title='bbox 1374 3725 1680 3818; x_wconf 88' lang='lat' dir='ltr'><strong>sepultus</strong></span> <span class='ocrx_word' id='word_1_218' title='bbox 1741 3736 1861 3792; x_wconf 88' lang='lat' dir='ltr'><strong>est.</strong></span> <span class='ocrx_word' id='word_1_219' title='bbox 1909 3723 2071 3792; x_wconf 89' lang='lat' dir='ltr'><strong>Post</strong></span> <span class='ocrx_word' id='word_1_220' title='bbox 2121 3722 2326 3805; x_wconf 87' lang='lat' dir='ltr'><strong>haec,</strong></span> 
     </span>
     <span class='ocr_line' id='line_1_30' title="bbox 118 3839 2327 3931; baseline -0.001 -22"><span class='ocrx_word' id='word_1_221' title='bbox 118 3857 388 3914; x_wconf 78' lang='lat' dir='ltr'><strong>cruento</strong></span> <span class='ocrx_word' id='word_1_222' title='bbox 430 3842 751 3915; x_wconf 84' lang='lat' dir='ltr'><strong>conflictu</strong></span> <span class='ocrx_word' id='word_1_223' title='bbox 792 3844 1004 3926; x_wconf 84' lang='lat' dir='ltr'><strong>edito,</strong></span> <span class='ocrx_word' id='word_1_224' title='bbox 1048 3843 1441 3913; x_wconf 85' lang='lat' dir='ltr'><strong>Franciscus</strong></span> <span class='ocrx_word' id='word_1_225' title='bbox 1483 3840 1843 3912; x_wconf 85' lang='lat' dir='ltr'><strong>Gallorum</strong></span> <span class='ocrx_word' id='word_1_226' title='bbox 1888 3839 2044 3907; x_wconf 80' lang='lat' dir='ltr'><strong>Rex</strong></span> <span class='ocrx_word' id='word_1_227' title='bbox 2084 3850 2327 3931; x_wconf 84' lang='lat' dir='ltr'><strong>captus</strong></span> 
     </span>
     <span class='ocr_line' id='line_1_31' title="bbox 125 3955 2426 4056; baseline -0 -32"><span class='ocrx_word' id='word_1_228' title='bbox 125 3958 245 4027; x_wconf 85' lang='lat' dir='ltr'><strong>sub</strong></span> <span class='ocrx_word' id='word_1_229' title='bbox 285 3960 417 4031; x_wconf 87' lang='lat' dir='ltr'><strong>fide</strong></span> <span class='ocrx_word' id='word_1_230' title='bbox 460 3961 763 4056; x_wconf 85' lang='lat' dir='ltr'><strong>Proregis</strong></span> <span class='ocrx_word' id='word_1_231' title='bbox 804 3960 1099 4054; x_wconf 85' lang='lat' dir='ltr'><strong>Apuliae</strong></span> <span class='ocrx_word' id='word_1_232' title='bbox 1132 3959 1229 4029; x_wconf 74' lang='lat' dir='ltr'><strong>&#39;et</strong></span> <span class='ocrx_word' id='word_1_233' title='bbox 1288 3963 1428 4052; x_wconf 85' lang='lat' dir='ltr'><strong>ipse</strong></span> <span class='ocrx_word' id='word_1_234' title='bbox 1484 3956 2025 4051; x_wconf 77' lang='lat' dir='ltr'><strong>Piccighitonum</strong></span> <span class='ocrx_word' id='word_1_235' title='bbox 2069 3969 2172 4025; x_wconf 90' lang='lat' dir='ltr'><strong>est</strong></span> <span class='ocrx_word' id='word_1_236' title='bbox 2213 3955 2330 4024; x_wconf 90' lang='lat' dir='ltr'><strong>de-</strong></span> <span class='ocrx_word' id='word_1_237' title='bbox 2417 3959 2426 3974; x_wconf 65' lang='lat'>⁸</span> 
     </span>
    </p>
   </div>
   <div class='ocr_carea' id='block_1_7' title="bbox 194 4211 514 4279">
    <p class='ocr_par' dir='ltr' id='par_1_7' title="bbox 194 4211 514 4279">
     <span class='ocr_line' id='line_1_32' title="bbox 194 4211 514 4279; baseline 0 0"><span class='ocrx_word' id='word_1_238' title='bbox 194 4211 275 4279; x_wconf 67' lang='grc' dir='ltr'><strong>(ι)</strong></span> <span class='ocrx_word' id='word_1_239' title='bbox 305 4231 514 4272; x_wconf 67' lang='lat' dir='ltr'><strong>mxxv.</strong></span> 
     </span>
    </p>
   </div>
  </div>
 </body>
</html>
