2950 5017
886 415 1085 460 mm
1129 385 1406 467 rannus
2110 419 2227 487 ¹7¹
2301 434 2306 438 ·

61 536 196 606 albo
245 537 498 625 posita,
543 557 752 624 quam
794 533 914 601 diu
955 546 1281 602 retentam
1327 536 1532 601 etiam
1593 529 1677 601 ad
1737 534 1982 605 liberos
2027 541 2237 605 trans-

55 654 394 718 miserunt.
469 651 562 716 Hi
632 662 770 715 tam
840 646 1079 717 fortem
1154 661 1381 740 postea
1448 649 1903 739 Andegavensi
1969 674 2237 741 operam
2272 638 2277 643 ’

55 771 556 858 praestiterunt,
594 777 710 845 ut,
752 754 1095 833 Manfredo
1140 766 1318 855 apud
1362 766 1818 842 Beneventum
1862 791 2077 848 caeso,
2121 791 2239 857 po·

55 886 292 950 fissima
321 881 566 949 Gallis
624 882 938 948 victoriae
1003 904 1206 948 causa
1272 878 1470 948 fuisse
1538 882 1916 950 ereduntur.
1974 884 2236 952 Caeteri

55 989 417 1066 Floren'tini
465 992 556 1063 ad
597 994 860 1063 bellum
903 995 1194 1084 inutiles
1204 994 1398 1086 Regii
1434 995 1647 1064 relicti
1676 996 1896 1087 plures
1923 1012 2239 1087 posteros,
2274 1015 2291 1020 ”

54 1116 168 1205 qui
211 1117 566 1202 antiquum
613 1110 835 1179 adhue
878 1134 1120 1180 nomen
1165 1122 1434 1188 servant
1455 1162 1475 1192 ,
1506 1125 1737 1201 postea
1754 1123 2235 1203 propagarunt.
2333 1133 2342 1143 '

57 1229 231 1298 Inter
270 1253 380 1298 eos
429 1225 616 1296 fuere
657 1226 1012 1307 Bonciani,
1054 1227 1438 1308 Aurimani,
1483 1228 1913 1310 Montenarii,
1954 1230 2241 1312 Donati,

59 1345 281 1426 Pactii,
323 1356 398 1409 et
440 1340 558 1410 alii
602 1365 889 1432 quorum
933 1344 1205 1410 nomina
1247 1354 1584 1410 vetustate
1630 1347 1982 1433 antiquata
2028 1342 2238 1412 fuere.

61 1461 142 1526 Hi
181 1463 438 1549 magnis
473 1457 968 1526 Gibellinorum
1005 1459 1378 1544 ejectorum
1425 1459 1664 1548 opibus
1711 1460 1978 1527 adaucti
2021 1464 2243 1552 oriun-

67 1575 172 1644 dos
213 1575 385 1643 cives
429 1573 669 1642 crebris
705 1555 974 1664 ⁴injuriis
1029 1571 1304 1642 affectos
1368 1578 1627 1663 ingrato
1696 1578 1919 1643 animo
1980 1579 2243 1665 saepius

69 1694 418 1781 opprimere
484 1702 914 1759 tentaverunt
959 1693 1055 1760 (τ).
1102 1691 1340 1781 Itaqne
1379 1670 1755 1782 .Regienses
1773 1743 1793 1773 ,
1835 1695 1954 1781 qui
2017 1716 2244 1781 graves

75 1808 590 1878 Florentinomm
638 1807 920 1876 exulum
966 1808 1409 1877 contumelias
1454 1832 1643 1898 aegre
1687 1808 2022 1890 ferebant,
2065 1809 2241 1878 elam

73 1947 182 2013 per
208 1928 438 1994 amicos
463 1947 696 2015 pacem
738 1946 895 1992 eum
942 1927 1317 2013 proscriptis
1347 1925 1659 2015 prudenti
1691 1924 1963 1993 oonsilio
1996 1923 2243 1995 facien·

75 2042 216 2108 dam
277 2067 412 2110 esse
477 2055 911 2123 censuerunt,
953 2065 1132 2132 quae
1200 2046 1461 2131 saepius
1530 2054 1826 2122 tentata,
1872 2042 2105 2110 multis
2171 2067 2244 2111 se

78 2157 517 2232 obiicientibus
574 2159 1104 2248 impedimentis,
1152 2156 1411 2224 felicem
1458 2162 1722 2224 exitum
1768 2182 1901 2225 non
1948 2141 2239 2226 invenit.

79 2271 538 2363 Superveniunt
569 2277 841 2344 interim
869 2260 1354 2358 Mutinensium
1383 2274 1655 2362 Legati,
1679 2277 1796 2363 qui
1828 2275 1917 2341 ob
1950 2277 2243 2343 civitatis

81 2390 606 2480 tranquillitatem
647 2389 1167 2478 gratulati,-sibi
1201 2394 1457 2469 amieis,
1507 2404 1575 2455 et
1622 2393 1856 2458 vicinis
1901 2390 2242 2462 auxilium

83 2519 280 2576 eontra
321 2507 540 2575 hostes
593 2510 910 2602 praestari
972 2506 1341 2597 postulant.
1389 2507 1445 2572 Ii
1495 2489 1793 2574 montem
1842 2506 2251 2589 Ursanium,

84 2623 286 2704 eiectis
327 2624 588 2692 Alherti
630 2622 944 2713 Guigiae,
990 2623 1122 2704 vel,
1169 2636 1248 2690 ut
1293 2624 1405 2690 alii
1451 2622 1743 2702 malunt,
1790 2623 2113 2703 Guerrae,
2159 2624 2242 2690 li-

86 2737 256 2821 beris,
293 2741 576 2831 Ugolino
622 2740 825 2810 fratre
870 2742 1238 2830 prodente,
1260 2743 1670 2821 invaserant,
1717 2763 2007 2830 agroque
2034 2722 2244 2806 Muti-

85 2857 250 2920 nensi
287 2857 571 2946 undique
615 2856 905 2945 direpto,
950 2857 1263 2946 praedam
1299 2859 1403 2926 ,in
1473 2868 1766 2922 castrum
1834 2853 2245 2934 referebant,

91 2969 168 3035 ad
218 2995 365 3060 quos
419 2974 898 3066 oppugnandos
948 2977 1177 3063 copias
1225 2973 1354 3040 sibi
1400 2973 1559 3038 dare
1603 2972 1924 3061 petebant
1966 2974 2070 3043 ζ’).
2114 2973 2245 3040 Re-

90 3087 312 3172 gienses
349 3093 572 3158 accitis
601 3089 1185 3170 Parmensibusad
1212 3113 1364 3158 eam
1395 3087 1882 3177 expeditionem
1931 3111 2242 3177 magnam

90 3202 344 3273 militum
410 3231 691 3274 manum
758 3207 884 3274 sub
927 3206 1184 3284 Jaeobo
1228 3207 1470 3275 Rubeo
1534 3206 1841 3274 Praetore
1884 3209 2243 3287 miserunt,

93 3322 221 3405 qui,
259 3322 555 3410 pluribus
605 3323 936 3392 machinis
994 3327 1258 3403 erectis,
1304 3347 1423 3413 per
1466 3323 1633 3391 duos
1676 3346 1930 3390 menses
1984 3323 2243 3392 hostem

94 3438 552 3526 oppugnarunt.
611 3438 783 3518 sed,
829 3437 1288 3506 deficientibus
1353 3443 1423 3506 in
1491 3453 1703 3507 castro
1756 3444 1984 3528 aquis,
2041 3440 2329 3530 multi⁴>
2443 3432 2448 3440 ’

96 3550 182 3614 siti
233 3555 825 3643 extinguebantur,
895 3557 1096 3643 atque
1165 3553 1277 3619 alii
1350 3566 1521 3621 tetro
1590 3553 1840 3623 faetore
1912 3556 2240 3642 peribant.

93 3661 284 3753 Aliqui
322 3682 614 3735 castrum
660 3668 728 3738 id
774 3667 1148 3736 Vallarium
1195 3668 1564 3758 appellant,
1610 3669 1725 3735 alii
1771 3694 1890 3759 pro
1940 3669 2242 3736 Vallario

95 3773 534 3850 &Bassianum
563 3785 884 3852 scribunt.
932 3784 1169 3853 Castro
1216 3791 1598 3873 expugnato
1626 3784 1897 3875 soloque
1929 3796 2242 3875 aequato,

155 4059 221 4128 (ι)
249 4061 427 4118 Blond.
459 4031 558 4117 libi
588 4081 712 4132 vm,
745 4025 851 4118 (lec.
886 4084 934 4117 a.

157 4151 228 4219 (t)
255 4153 432 4209 Cutius
461 4158 522 4210 in
558 4159 778 4211 secunda
810 4167 966 4227 perte.
1052 4187 1063 4200 ·
