2950 5017
950 418 1147 463 arana
1191 416 1436 463 ramus
2198 400 2281 487 57

84 543 371 614 Caesare
414 541 690 609 decreta
735 535 976 618 fuerat,
1020 562 1091 606 se
1134 535 1442 607 contulit.
1488 534 1738 605 Verum
1782 537 2043 607 Marcus
2072 539 2284 610 Anto-

74 664 230 728 nias
276 656 553 728 Consul
571 707 593 738 ,
637 658 755 745 qui
798 654 1131 742 tyrannidi
1174 634 1455 743 superbe
1500 653 1836 736 inhiabat,
1866 655 2282 739 Macedonia,

74 799 289 866 qnam
340 774 755 865 provinciam
800 774 1073 838 sortitus
1118 782 1283 870 erat,
1332 768 1501 856 Cajo
1534 770 1748 838 Fratri
1795 772 2085 858 Praetori
2130 797 2287 841 con-

72 913 285 971 cessa,
316 888 629 956 Galliam
656 885 1060 975 Cisalpinam
1088 885 1295 954 Bruto
1325 889 1747 975 assignatam,
1781 886 1970 974 velut
1998 887 2286 958 consiliis

72 1008 215 1074 suis
256 1016 720 1096 opportunam
770 1002 1082 1071 invadere
1139 1003 1500 1091 cogitavit.
1565 1000 1698 1070 Sed
1761 1026 1916 1070 cum
1985 1003 2071 1071 ad
2134 1028 2284 1074 eam

78 1120 561 1212 occupandam
604 1120 803 1186 armis
846 1142 1014 1209 opus
1055 1141 1190 1185 esse
1241 1130 1563 1200 cerneret,
1610 1121 1972 1187 exercitum
1989 1171 2009 1202 ,
2052 1123 2170 1211 qui
2212 1124 2284 1188 in

80 1237 495 1307 Macedonia·
517 1236 602 1302 ad
632 1234 887 1302 bellum
919 1235 1309 1303 Parthicum
1335 1237 1821 1316 instruebatur,
1852 1235 1938 1303 ad
1965 1259 2033 1303 se
2062 1249 2286 1307 vocat.

82 1355 415 1423 Decimus
444 1353 691 1421 Brutus
719 1355 1010 1420 venienti
1040 1351 1309 1446 obviam
1355 1350 1574 1422 factus
1618 1353 1867 1444 praelio
1911 1365 2288 1444 superatur,

84 1474 155 1539 in
197 1495 342 1562 quo
388 1494 525 1539 non
553 1470 783 1559 paucis
816 1471 1093 1549 amissis,
1122 1467 1243 1535 ubi
1278 1469 1348 1537 in
1378 1492 1616 1560 campo
1658 1493 1725 1538 se
1767 1493 2005 1559 parurn
2054 1480 2285 1537 tutum

90 1586 276 1654 videt
303 1636 325 1668 ,
368 1608 527 1654 cum
578 1584 792 1651 tribus
842 1582 1214 1674 legionibus
1242 1634 1262 1666 ,
1306 1585 1743 1675 pluribusque
1809 1584 2286 1676 gladiatoribus

92 1701 433 1769 Mutinam
478 1723 547 1774 se
587 1697 904 1768 contulit.
949 1699 1285 1769 Antonius
1331 1723 1488 1767 eum
1526 1712 1791 1768 secutus
1830 1700 2062 1767 urbem
2095 1723 2290 1768 muro

102 1829 179 1884 et
226 1815 400 1885 fossa
439 1819 721 1884 cinctam
755 1818 999 1883 arctius
1027 1815 1312 1885 obsedit.
1346 1816 1679 1895 Bononia,
1709 1816 1991 1906 Regium
2020 1813 2290 1906 Lepidi,

101 1943 173 1998 et
214 1931 452 1999 Parma
494 1932 788 1999 Antonio
829 1928 1195 2012 favebant3
1239 1942 1498 2023 caetera
1551 1931 1778 1998 Gallia
1829 1954 1950 2020 pro
1990 1931 2292 2000 Decimo
2324 1945 2336 1956 “

97 2046 340 2116 stabat.

232 2162 503 2231 Interea
544 2160 753 2250 Gaius
796 2161 1120 2232 Octavius
1183 2187 1270 2231 ex
1322 2164 1522 2230 Actia
1586 2161 1711 2230 cai
1766 2164 1806 2241 J
1809 2161 1929 2230 ulii
1995 2160 2290 2231 Caesaris

100 2301 348 2361 acrore,
393 2278 505 2350 vel
546 2291 628 2345 ut
668 2278 785 2346 alii
827 2278 1094 2349 malunt
1132 2292 1363 2370 nepte,
1401 2282 1660 2370 genitus
1703 2302 1771 2347 se
1818 2280 1906 2347 ab
1951 2277 2288 2349 avunculo
2348 2290 2352 2295 ’

104 2394 445 2464 haeredem
508 2396 864 2485 scriptum,
918 2411 986 2463 et
1040 2396 1450 2486 adoptatum·
1475 2395 1849 2486 intelligens
1892 2394 2291 2485 opulentam

108 2509 579 2600 haereditatem
633 2512 971 2594 adiverat„
1004 2515 1551 2602 arrogationeque
1596 2536 1637 2579 a
1681 2512 1938 2602 Populo
1988 2512 2291 2582 Romano

107 2626 493 2696 confirmata
556 2627 778 2718 plures
830 2630 951 2719 qni
1006 2628 1133 2695 sub
1199 2640 1436 2720 patruo
1493 2628 1940 2701 militaverant
1995 2628 2292 2718 quotidie

112 2747 439 2834 excipiens
459 2793 483 2825 ,
543 2721 860 2833 magnum
925 2743 1065 2828 jam
1132 2747 1498 2810 exercitum
1563 2754 2005 2811 contraxerat.
2072 2744 2294 2826 Quare

114 2855 408 2929 hostibus
450 2856 889 2929 formidabilis
932 2856 1152 2927 factus
1199 2859 1509 2928 adversus
1549 2859 1854 2927 Marcum
1897 2859 2296 2939 Antonium,

133 2996 175 3040 a
215 2998 353 3064 quo
391 2975 574 3043 velut
604 2999 768 3067 puer
781 2974 1136 3066 neglectus
1164 2973 1407 3064 fuerat,
1439 2984 1741 3066 acceptas
1770 2976 2041 3042 iniurias
2068 2973 2295 3040 ultum

118 3089 563 3179 proficiscitur.
631 3090 922 3159 Senatus
963 3114 1232 3182 quoqne
1280 3090 1569 3159 labentis
1611 3090 2044 3181 Reipublicae
2096 3090 2297 3158 rebus

114 3206 536 3276 consulturus
578 3207 876 3277 Antonio
940 3207 1334 3289 denunciat,
1383 3218 1466 3274 ut
1518 3206 1785 3276 dimisso
1849 3208 2143 3274 exercitu
2209 3230 2297 3274 ex

113 3321 331 3392 Gallia
361 3327 433 3393 in
461 3323 919 3393 Macedoniam
962 3325 1091 3391 sibi
1137 3335 1290 3391 ante
1333 3325 1651 3391 creditam
1697 3326 2106 3415 provinciam
2146 3347 2298 3414 pro-

118 3435 465 3508 ficiscatur.
521 3438 658 3508 Sed
698 3463 858 3507 cum
919 3439 1005 3506 ad
1064 3438 1478 3509 dominatum
1523 3442 1922 3529 impotenter
1978 3439 2296 3508 anhelans

114 3555 434 3647 imperata
476 3554 689 3623 facere
730 3554 974 3637 nollet,
1004 3556 1223 3624 Hirtio
1257 3568 1328 3623 et
1353 3557 1568 3623 Pansa
1613 3555 1758 3623 aliis
1803 3556 1985 3623 Coss.
2030 3558 2299 3637 creatis,

114 3667 307 3741 hostis
374 3671 811 3762 Reipublicae
877 3670 1274 3740 declaratur.
1335 3672 1603 3739 Praeter
1662 3683 1953 3762 spretam
2012 3670 2300 3739 Senatus

114 3791 569 3857 anctoritatem
612 3788 683 3854 id
726 3788 791 3855 ei
834 3789 1041 3856 etiam
1088 3786 1567 3874 objiciebatur,
1612 3787 1794 3876 quod
1838 3785 2138 3853 Galliam
2183 3785 2298 3853 alii

115 3905 521 3972 commissam
550 3904 690 3970 sine
719 3904 984 3973 decreto
1015 3903 1337 3972 violenter
1367 3905 1747 3984 invasisset3
1790 3917 1860 3970 et
1902 3902 2301 3992 legionibus,

117 4040 268 4106 quae
312 4023 388 4090 in
432 4020 715 4089 Parthos
745 4020 1086 4090 ducendae
1129 4029 1351 4101 erant,
1382 4019 1465 4088 in
1510 4018 1776 4087 Italiam
1821 4020 2139 4088 traductis
2185 4020 2300 4087 do·

118 4154 287 4204 mum
354 4135 612 4206 Romae
679 4139 876 4206 armis
940 4148 1171 4208 contra
1232 4134 1413 4227 leges
1477 4137 1872 4205 instructam
1938 4137 2257 4204 tenuisset
2276 4183 2297 4200 .
2425 4225 2436 4234 Ι
