2950 5017
891 439 898 446 .
986 407 1189 452 mana
1232 407 1523 463 emm-us
2217 393 2346 459 383

101 526 466 626 Rhodigiq
529 549 686 594 oum
758 527 1224 615 adjacentibus
1280 528 1646 619 paludibus
1700 541 1988 624 retento,
2033 554 2075 600 a
2118 532 2348 601 Ferra-

107 647 332 713 riensi
387 644 570 713 bello
611 644 1062 727 discederent;
1109 646 1245 714 alia
1289 671 1445 717 vero
1500 647 1658 715 hine
1708 648 1861 716 inde
1911 661 2112 739 capta
2161 653 2348 720 resti-

109 776 506 832 tuerentur.
551 763 668 831 ob
700 787 879 832 -eam
939 769 1453 835 conventionem
1500 767 1819 835 Hercules
1860 763 2169 853 Adriam,
2212 768 2351 837 Ad-

103 882 445 960 rianum,
497 879 959 962 comaclium,
1011 880 1355 958 Melariam
1378 931 1398 962 ,
1454 882 2113 967 Castellumnovum,
2156 886 2352 954 Fica·

103 995 388 1077 tolum,
420 995 792 1064 Castellum
823 993 1275 1078 Gulielmurn,
1321 998 1590 1067 Zanioli
1634 999 1955 1082 Bastiam,
1997 1023 2160 1067 eum
2204 1013 2352 1070 tota

107 1112 273 1180 Fili
317 1138 470 1196 ora,
510 1138 724 1205 quam
769 1095 1013 1184 Veneti
1058 1128 1588 1205 occupaverant,
1633 1120 1908 1208 recepit.
1954 1116 2193 1186 Eidem
2235 1142 2354 1210 pa·

113 1229 412 1313 latium,
471 1233 655 1323 quod
709 1231 1004 1308 Venetiis
1048 1232 1451 1323 possidebat,
1497 1255 1653 1301 oum
1703 1237 1887 1304 omni
1933 1237 2221 1326 pristina
2257 1236 2356 1303 di-

117 1351 400 1438 gnitate
447 1363 546 1416 est
589 1354 999 1417 restitutum.
1047 1349 1399 1440 Regienses
1440 1361 1718 1442 quoque
1774 1354 2110 1421 continuis
2161 1352 2356 1422 bellis

120 1469 408 1542 attritos
454 1470 800 1536 miseratus
854 1466 1167 1537 Pontifex
1229 1471 1324 1536 eis
1371 1470 1829 1552 decimarum,
1878 1493 2048 1561 quas
2098 1468 2360 1561 flagita*-

121 1597 354 1664 νει-αι,
401 1591 815 1654 exactionem
862 1588 1139 1655 remisit.
1187 1584 1504 1654 Solutam
1550 1592 1904 1677 pecuniam
1960 1588 2140 1679 apud
2185 1588 2359 1657 Bon·

123 1697 539 1768 franciscum
587 1706 955 1769 antistitem
1005 1716 1422 1793 sequestrum
1466 1704 1708 1795 deponi
1765 1708 2001 1771 sacrati
2056 1707 2182 1772 viri
2242 1701 2358 1795 po-

121 1817 520 1899 stulabant,
549 1841 757 1910 quam
789 1843 948 1886 oum
983 1841 1226 1888 avarus
1256 1833 1567 1911 quaestor
1598 1824 1942 1889 restituere
1971 1832 2363 1902 recusasset,

126 1936 432 2025 religiosi
500 1940 569 2004 in
620 1936 862 2025 majus
930 1937 1263 2027 templum
1311 1942 1704 2019 convocati,
1751 1961 1992 2029 magno
2054 1938 2360 2022 tumultu

125 2055 465 2135 excitato,
511 2052 704 2120 illum
753 2054 943 2122 bonis
987 2053 1298 2122 omnibus
1342 2055 1760 2122 denudatum
1807 2058 1878 2123 in
1926 2054 2204 2123 celerem
2252 2052 2360 2123 fue

124 2193 297 2260 gam
351 2170 856 2261 compulerunt.
910 2169 1013 2239 Eo
1070 2193 1245 2240 anno
1298 2172 1858 2262 christophorus,
1907 2172 2234 2255 Iacobus,
2291 2184 2362 2243 et

129 2286 508 2355 Leonellus
551 2287 791 2356 Zoboli
812 2338 851 2372 ,‚
875 2287 1181 2355 millibus
1234 2311 1590 2370 aureorum
1646 2313 1764 2379 pro
1807 2289 2078 2358 donario
2120 2292 2362 2360 eonsti-

123 2407 345 2486 tutis,
405 2402 584 2472 Sixti
651 2403 919 2471 Summi
986 2402 1332 2473 Pontificis
1399 2410 1798 2474 auctoritate
1867 2406 2028 2473 Divi
2094 2406 2363 2475 Nicolai

135 2519 484 2612 templum
537 2544 736 2590 suum
789 2521 1291 2613 juspatronatus
1344 2519 1657 2589 futurum
1713 2522 2203 2603 condiderunt3
2246 2521 2364 2589 sed

125 2659 372 2720 ouum,
416 2638 597 2728 quod
642 2640 709 2706 in
756 2618 1057 2729 eligendo
1108 2639 1404 2730 praesule
1450 2638 1772 2718 habebat,
1817 2637 2162 2711 caleulum
2192 2639 2365 2707 Leo*-

137 2753 367 2824 nellus
412 2755 716 2847 Regiensi
759 2759 1078 2835 antistiti,
1123 2769 1195 2823 et
1240 2755 1360 2824 ille
1406 2779 1630 2824 rursus
1669 2754 1913 2823 Carolo
1944 2753 2203 2824 Zobolo
2249 2754 2367 2824 do-

133 2876 362 2943 navit.
410 2873 502 2941 Hi
549 2889 775 2942 autem
822 2898 909 2941 ex
953 2875 1353 2955 Franoonia,
1397 2873 1522 2940 ubi
1570 2872 1790 2941 adhue
1822 2872 2064 2942 Zoboli
2109 2875 2176 2940 in
2222 2896 2368 2940 ma-

147 3014 278 3081 gna
323 2992 651 3082 dignitate
696 2992 1077 3072 habentur,
1131 2994 1360 3059 venire
1413 2991 1809 3071 creduntur,
1876 3015 1917 3057 a
1983 2989 2368 3082 zobolisque

140 3105 468 3199 pellibus,
510 3131 679 3199 quas
724 3109 930 3199 vulgo
977 3107 1346 3198 gebellinas
1391 3130 1745 3187 vocamus,
1778 3104 2076 3174 familiae
2119 3129 2368 3179 nomen

141 3225 447 3293 inditum
493 3223 725 3293 ”fuisse
793 3225 1007 3316 aliqui
1074 3237 1461 3292 autumant.
1524 3223 1868 3315 Siquidem
1940 3220 2068 3291 hae
2119 3236 2369 3306 vestes,

141 3367 330 3435 quae
381 3346 661 3411 summis
722 3357 986 3412 tanturn
1036 3346 1192 3412 viris
1240 3346 1308 3411 in
1355 3343 1717 3413 Germania
1765 3342 2195 3462 tribuuntur,
2248 3366 2368 3433 pro

145 3485 426 3530 summo
473 3461 718 3531 honore
763 3464 920 3552 ipsis
954 3471 1313 3532 ‘concessae
1358 3459 1565 3529 fuisse
1595 3462 1931 3528 dicuntur.
1977 3460 2136 3529 Post
2181 3460 2372 3540 haec,

143 3581 410 3669 ingenti
465 3590 873 3647 terraemotu
943 3578 1112 3645 urbe
1179 3599 1543 3660 concussa,
1590 3581 1796 3646 etiam
1848 3576 2227 3668 pestilentia
2269 3587 2375 3644 est

148 3697 591 3779 laboratum3
636 3709 707 3766 et
751 3713 910 3764 oum
956 3696 1045 3765 ab
1087 3698 1288 3766 initio
1334 3699 1576 3765 mensis
1630 3697 1855 3763 martii
1908 3717 2123 3785 usque
2168 3691 2252 3760 ad
2296 3686 2375 3759 fi-

148 3834 311 3885 nem
356 3818 520 3888 anni
565 3838 914 3906 nunquam
964 3814 1265 3906 pluisset,
1296 3827 1600 3883 extrema
1628 3818 1833 3882 etiam
1870 3814 2147 3905 penuria
2179 3814 2375 3879 time-

151 3934 399 4003 batur:
449 3956 628 4026 quae
673 3936 855 4001 enim
914 3944 1126 4001 terrae
1191 3933 1512 4001 mandata
1577 3945 1768 3999 erant
1833 3933 2089 3999 semina
2154 3928 2376 3998 adhue

149 4052 282 4121 sub
324 4051 544 4121 humo
591 4063 981 4121 conservata
1024 4047 1325 4121 nondum
1371 4074 1444 4120 se
1490 4045 2075 4131 ostenderant,»ut
2111 4047 2194 4114 de
2238 4045 2376 4115 fru-

151 4170 351 4260 gibus
400 4165 652 4240 futuris
694 4169 1186 4261 desperaretur:
1233 4169 1506 4237 demum
1555 4181 1745 4237 tanta
1798 4169 1969 4236 nivis
2022 4165 2218 4257 eopia
2261 4163 2375 4233 de-
