2950 5017
633 426 763 492 382
1374 439 1614 488 samm
1658 403 2082 488 sacrarismm

631 567 847 633 dicem
891 567 1156 654 cognita
1199 587 1426 633 omnes
1472 562 1783 633 facinoris
1826 568 2120 632 conscios
2161 564 2501 633 custodiae
2549 565 2860 647 tradidit,

628 685 1057 773 quosgentis
1103 684 1434 772 impetum
1481 683 1733 747 veritus
1802 679 2007 770 paulo
2073 693 2224 770 post
2276 704 2507 749 omnes
2567 681 2855 750 dimisit.

632 799 727 865 At
772 801 1107 867 montanis
1138 800 1206 864 in
1242 798 1621 887 regionibus
1653 821 1782 864 non
1816 795 1980 865 levis
2015 800 2334 864 momenti
2380 820 2477 864 res
2525 801 2851 888 contigit3

629 914 956 1004 siquidem
1004 914 1202 981 Baisii
1233 914 1533 1004 Baptista
1577 913 1754 980 filius
1786 913 2138 979 'l'artaleae
2170 905 2214 1000 (
2233 914 2323 981 ob
2370 913 2848 981 haesitantiam

628 1031 919 1120 linguae,
953 1030 1465 1120 tumultumque
1497 1031 1651 1109 oris,
1697 1029 1764 1095 id
1810 1032 1872 1096 ei
1918 1053 2163 1102 nomen
2210 1029 2605 1121 impositum
2661 1037 2851 1119 erat)

629 1161 980 1218 montanos
1024 1173 1065 1216 a
1109 1148 1439 1216 solvendis
1489 1150 1785 1239 antiquis
1820 1143 2262 1238 vectigalibus
2311 1151 2579 1217 avertit.
2621 1149 2707 1215 Id
2738 1151 2849 1216 ubi

628 1265 1059 1357 Regien'sibus
1105 1268 1503 1334 nunciatum
1551 1280 1653 1334 est
1701 1268 1893 1333 tertio
1939 1266 2091 1332 idus
2137 1268 2403 1354 augusti
2451 1268 2580 1334 sub
2626 1287 2851 1357 vespe·

625 1405 767 1451 ram
834 1382 1023 1480 J'ussu
1069 1382 1262 1449 Pauli
1311 1376 1591 1452 Antonii
1640 1380 1862 1450 Trotti
1934 1382 2117 1449 urbis
2185 1380 2501 1471 praefecti
2569 1382 2846 1451 ducenti

629 1499 885 1591 pedites
927 1523 1087 1568 cum
1135 1503 1450 1590 praetoris
1491 1499 1899 1567 satellitibus
1930 1523 2010 1568 eo
2042 1500 2375 1590 perducti,
2403 1504 2667 1568 oriente
2697 1500 2853 1581 sole,

627 1618 829 1685 domo
873 1618 1169 1698 obsessa,
1214 1618 1589 1708 Baptistam
1647 1640 1803 1683 cum
1851 1616 2115 1685 duobus
2177 1615 2332 1683 filiis
2400 1617 2851 1685 trucidarunt.

628 1733 900 1801 Tertius
952 1734 1381 1814 vulneratus,
1452 1737 1694 1801 amisso
1758 1733 1990 1814 oculo,
2035 1733 2454 1824 Regiumque
2512 1733 2849 1802 deductus

629 1856 862 1920 misere
894 1850 1391 1922 vitamfinivit.
1437 1852 1659 1920 Tanta
1706 1875 1788 1922 eo
1837 1866 2134 1943 tempore
2177 1849 2391 1919 fames
2439 1852 2680 1919 urbem
2736 1878 2854 1921 no·

627 1981 833 2036 stram
877 1973 1232 2047 invaserat,
1281 1981 1359 2036 ut
1404 1969 1621 2036 baccis
1669 1966 1990 2036 ruborum
2039 1967 2261 2059 plures
2297 1981 2751 2049 vescerentur,
2789 1980 2852 2035 et

626 2089 952 2153 sextarius
1005 2089 1435 2177 putaminum
1490 2085 1919 2176 iuglandium
1973 2086 2199 2154 solidis
2245 2084 2699 2176 Regiensibus
2748 2087 2850 2153 de·

627 2213 774 2268 ce'm
828 2201 1257 2282 venderetur,
1313 2226 1489 2293 quae
1554 2226 1711 2269 cum
1784 2202 2141 2293 glandibus
2209 2203 2294 2270 ad
2360 2201 2851 2271 conficiendum

629 2341 867 2409 panem
916 2344 1286 2411 pauperum
1335 2321 1777 2389 molebantur.
1811 2320 2154 2389 Sextarius
2183 2344 2455 2413 quoque
2486 2318 2769 2389 frumen
2788 2323 2847 2400 ti,

625 2436 813 2527 quod
859 2461 1209 2529 nunquam
1254 2451 1452 2507 antea
1499 2439 1809 2506 auditum
1869 2437 2123 2520 fuerat,
2180 2438 2367 2506 libris
2411 2439 2852 2528 Regiensihus

517 2610 522 2614 .
624 2568 918 2645 quatuor
961 2556 1396 2625 vendebatur.
1444 2558 1521 2625 In
1567 2581 1647 2624 ea
1693 2560 1968 2648 penuria
2015 2558 2336 2624 Hercules
2381 2558 2675 2648 Regium
2732 2579 2846 2626 ve*

626 2676 766 2751 nit,
811 2658 1271 2741 Mediolanum
1340 2675 1429 2742 ob
1500 2675 1875 2743 renovanda
1941 2687 2176 2743 contra
2225 2673 2516 2743 Venetos
2563 2671 2848 2743 foedera

627 2788 714 2856 ad
769 2793 1043 2870 comitia
1105 2790 1540 2882 profecturus.
1587 2790 1769 2859 Eum
1814 2793 2118 2870 Joannes’
2145 2790 2534 2860 Bentiv‘olus
2588 2803 2707 2858 est'
2747 2815 2849 2859 se-

625 2920 827 2974 cutus
845 2930 873 2987 ς4
909 2909 1005 2975 ibi
1050 2933 1137 2974 ex
1181 2913 1522 2978 communi
1569 2912 1873 2977 omnium
1919 2907 2194 2978 consilio
2255 2908 2519 3000 placuit
2563 2907 2847 2975 Frideri-

625 3048 780 3090 cum
826 3023 1219 3115 Gonzagum
1271 3026 1805 3094 cum·tredecim
1864 3024 2163 3093 millibus
2218 3037 2286 3092 et
2335 3025 2846 3116 ,quadringentis

621 3135 1000 3233 equitibus,
1056 3158 1125 3210 et
1179 3168 1297 3211 sex
1344 3145 1644 3212 millibus
1700 3157 1770 3212 et
1822 3148 2157 3212 sexcentis
2205 3143 2546 3235 peditibus
2590 3147 2663 3210 in
2713 3145 2843 3210 Bri-

626 3264 885 3340 xianos‚
929 3265 1047 3349 qui
1096 3259 1373 3328 Venetis
1418 3261 1765 3348 parebant,
1810 3285 1967 3328 cum
2017 3260 2359 3351 Alphonso
2408 3261 2607 3326 Duce
2656 3260 2841 3327 Cala'-

627 3375 813 3442 briae
865 3380 1196 3465 impetum
1248 3375 1480 3444 facere.
1531 3378 1634 3444 Ad
1682 3403 1793 3447 eos
1843 3382 2078 3445 missae
2128 3363 2179 3445 a'
2214 3378 2405 3445 Duce
2451 3377 2704 3444 Urbini
2750 3401 2842 3444 co-

631 3494 779 3584 piae
812 3495 881 3559 in
913 3492 1348 3583 Regiensibus
1391 3518 1708 3584 magnum
1751 3497 2060 3587 agricolis
2088 3496 2409 3563 damnum
2446 3494 2837 3562 intulerunt.

624 3610 981 3692 Ceterum,
1040 3609 1240 3679 Sixto
1302 3610 1626 3680 Pontifioe
1698 3628 1983 3703 augusto
2053 3634 2277 3680 mense
2346 3624 2651 3692 mortuo,
2709 3631 2840 3679 cum

628 3729 1057 3798 Innocentius
1102 3742 1387 3798 octavus
1436 3733 1616 3822 pacis
1665 3734 1920 3801 amicus
1965 3733 2414 3811 successisset,
2446 3732 2671 3798 omnis
2702 3723 2839 3796 belli

630 3869 792 3915 cura
861 3833 981 3915 ests
1024 3850 1334 3930 remissa;
1402 3851 1501 3916 et'
1543 3853 1797 3939 primus
1852 3824 2300 3929 Ludovicus:
2320 3850 2444 3938 qui
2492 3845 2838 3915 Mediolani

625 3965 998 4054 imperium
1035 3963 1422 4046 affectabat,
1466 3987 1509 4033 a
1555 3964 1906 4034 foederatis
1952 3968 2235 4033 recessit.
2283 3964 2528 4032 Veneti
2578 3985 2836 4055 quoque

633 4079 865 4149 multis
909 4081 1212 4150 cladibus
1259 4086 1471 4151 attriti
1524 4082 1631 4150 his
1675 4083 2167 4152 conditionibus
2200 4082 2502 4163 Herculi,
2544 4094 2621 4149 et
2667 4078 2833 4149 Sfor·

634 4201 768 4266 tiae
811 4223 881 4268 se
925 4200 1392 4282 conciliarunt,
1443 4215 1547 4285 ut,
1595 4200 2040 4271 vicedomino
2088 4201 2459 4270 Ferrariam
2504 4201 2732 4280 misso,
2772 4207 2831 4264 et

1111 4303 1116 4332 ‚
2034 4311 2039 4318 .
