<?xml version="1.0" encoding="UTF-8"?>
<!DOCTYPE html PUBLIC "-//W3C//DTD XHTML 1.0 Transitional//EN"
    "http://www.w3.org/TR/xhtml1/DTD/xhtml1-transitional.dtd">
<html xmlns="http://www.w3.org/1999/xhtml" xml:lang="en" lang="en">
 <head>
  <title>
</title>
<meta http-equiv="Content-Type" content="text/html;charset=utf-8" />
  <meta name='ocr-system' content='tesseract 3.04.00' />
  <meta name='ocr-capabilities' content='ocr_page ocr_carea ocr_par ocr_line ocrx_word'/>
</head>
<body>
  <div class='ocr_page' id='page_1' title='image "./rerumhistoricar00unkngoog_0093.png"; bbox 0 0 2950 5017; ppageno 0'>
   <div class='ocr_carea' id='block_1_1' title="bbox 924 409 2302 496">
    <p class='ocr_par' dir='ltr' id='par_1_1' title="bbox 924 409 2302 496">
     <span class='ocr_line' id='line_1_1' title="bbox 924 409 2302 496; baseline 0.009 -33"><span class='ocrx_word' id='word_1_1' title='bbox 924 419 1123 470; x_wconf 70' lang='lat' dir='ltr'>mam</span> <span class='ocrx_word' id='word_1_2' title='bbox 1167 420 1504 468; x_wconf 74' lang='lat' dir='ltr'>sactmnus</span> <span class='ocrx_word' id='word_1_3' title='bbox 2216 409 2302 496; x_wconf 76' lang='lat'>87</span> 
     </span>
    </p>
   </div>
   <div class='ocr_carea' id='block_1_2' title="bbox 72 535 2307 1774">
    <p class='ocr_par' dir='ltr' id='par_1_2' title="bbox 72 535 2307 1662">
     <span class='ocr_line' id='line_1_2' title="bbox 84 535 2301 629; baseline 0.003 -21"><span class='ocrx_word' id='word_1_4' title='bbox 84 536 448 629; x_wconf 60' lang='lat' dir='ltr'>templum</span> <span class='ocrx_word' id='word_1_5' title='bbox 496 535 921 619; x_wconf 81' lang='lat' dir='ltr'>aedificasset,</span> <span class='ocrx_word' id='word_1_6' title='bbox 950 537 1268 608; x_wconf 88' lang='lat' dir='ltr'>ultimum</span> <span class='ocrx_word' id='word_1_7' title='bbox 1297 543 1476 608; x_wconf 83' lang='lat' dir='ltr'>vitae</span> <span class='ocrx_word' id='word_1_8' title='bbox 1505 539 1679 608; x_wconf 83' lang='lat' dir='ltr'>diem</span> <span class='ocrx_word' id='word_1_9' title='bbox 1725 542 1967 610; x_wconf 86' lang='lat' dir='ltr'>instare</span> <span class='ocrx_word' id='word_1_10' title='bbox 2009 546 2301 616; x_wconf 85' lang='lat' dir='ltr'>sentiens</span> 
     </span>
     <span class='ocr_line' id='line_1_3' title="bbox 76 647 2303 746; baseline 0.004 -22"><span class='ocrx_word' id='word_1_11' title='bbox 76 678 165 723; x_wconf 73' lang='grc' dir='ltr'>ιο</span> <span class='ocrx_word' id='word_1_12' title='bbox 218 658 299 724; x_wconf 86' lang='lat' dir='ltr'>in</span> <span class='ocrx_word' id='word_1_13' title='bbox 343 677 427 724; x_wconf 74' lang='lat' dir='ltr'>co</span> <span class='ocrx_word' id='word_1_14' title='bbox 468 654 735 722; x_wconf 86' lang='lat' dir='ltr'>humari</span> <span class='ocrx_word' id='word_1_15' title='bbox 779 657 1135 745; x_wconf 86' lang='lat' dir='ltr'>praecepit.</span> <span class='ocrx_word' id='word_1_16' title='bbox 1183 655 1373 723; x_wconf 86' lang='lat' dir='ltr'><strong>Obiit</strong></span> <span class='ocrx_word' id='word_1_17' title='bbox 1416 659 1614 726; x_wconf 87' lang='lat' dir='ltr'>tertio</span> <span class='ocrx_word' id='word_1_18' title='bbox 1656 657 1962 726; x_wconf 86' lang='lat' dir='ltr'>calendas</span> <span class='ocrx_word' id='word_1_19' title='bbox 1990 647 2303 746; x_wconf 83' lang='lat' dir='ltr'>octobris,</span> 
     </span>
     <span class='ocr_line' id='line_1_4' title="bbox 76 768 2299 861; baseline 0.003 -22"><span class='ocrx_word' id='word_1_20' title='bbox 76 771 379 840; x_wconf 71' lang='lat' dir='ltr'>civibus</span> <span class='ocrx_word' id='word_1_21' title='bbox 445 773 519 838; x_wconf 91' lang='lat' dir='ltr'>in</span> <span class='ocrx_word' id='word_1_22' title='bbox 585 768 862 860; x_wconf 85' lang='lat' dir='ltr'>publico</span> <span class='ocrx_word' id='word_1_23' title='bbox 919 769 1105 838; x_wconf 86' lang='lat' dir='ltr'>luctu</span> <span class='ocrx_word' id='word_1_24' title='bbox 1155 771 1432 852; x_wconf 84' lang='lat' dir='ltr'>relictis,</span> <span class='ocrx_word' id='word_1_25' title='bbox 1475 795 1518 838; x_wconf 91' lang='lat' dir='ltr'>a</span> <span class='ocrx_word' id='word_1_26' title='bbox 1560 772 1803 861; x_wconf 87' lang='lat' dir='ltr'>quibus</span> <span class='ocrx_word' id='word_1_27' title='bbox 1864 776 1936 841; x_wconf 89' lang='lat' dir='ltr'>in</span> <span class='ocrx_word' id='word_1_28' title='bbox 1981 776 2194 857; x_wconf 67' lang='lat' dir='ltr'>aede,</span> <span class='ocrx_word' id='word_1_29' title='bbox 2216 789 2299 845; x_wconf 90' lang='lat' dir='ltr'>ut</span> 
     </span>
     <span class='ocr_line' id='line_1_5' title="bbox 72 884 2299 975; baseline 0.003 -22"><span class='ocrx_word' id='word_1_30' title='bbox 72 884 396 972; x_wconf 71' lang='lat' dir='ltr'>jusserat</span> <span class='ocrx_word' id='word_1_31' title='bbox 414 933 438 965; x_wconf 93' lang='lat'>,</span> <span class='ocrx_word' id='word_1_32' title='bbox 479 884 571 954; x_wconf 81' lang='lat' dir='ltr'>ab</span> <span class='ocrx_word' id='word_1_33' title='bbox 610 909 689 953; x_wconf 88' lang='lat' dir='ltr'>eo</span> <span class='ocrx_word' id='word_1_34' title='bbox 733 895 1036 953; x_wconf 82' lang='lat' dir='ltr'>extructa</span> <span class='ocrx_word' id='word_1_35' title='bbox 1078 885 1409 975; x_wconf 88' lang='lat' dir='ltr'>sepultus.</span> <span class='ocrx_word' id='word_1_36' title='bbox 1454 885 1717 954; x_wconf 88' lang='lat' dir='ltr'>Deinde</span> <span class='ocrx_word' id='word_1_37' title='bbox 1760 885 1939 956; x_wconf 86' lang='lat' dir='ltr'>furto</span> <span class='ocrx_word' id='word_1_38' title='bbox 1988 890 2299 960; x_wconf 85' lang='lat' dir='ltr'>sublatus</span> 
     </span>
     <span class='ocr_line' id='line_1_6' title="bbox 76 991 2302 1080; baseline 0.003 -13"><span class='ocrx_word' id='word_1_39' title='bbox 76 991 460 1079; x_wconf 65' lang='lat' dir='ltr'>venetias,</span> <span class='ocrx_word' id='word_1_40' title='bbox 504 998 648 1079; x_wconf 83' lang='lat' dir='ltr'>vel,</span> <span class='ocrx_word' id='word_1_41' title='bbox 690 1009 769 1064; x_wconf 88' lang='lat' dir='ltr'>ut</span> <span class='ocrx_word' id='word_1_42' title='bbox 813 997 930 1066; x_wconf 89' lang='lat' dir='ltr'>alii</span> <span class='ocrx_word' id='word_1_43' title='bbox 976 998 1272 1080; x_wconf 83' lang='lat' dir='ltr'>malunt,</span> <span class='ocrx_word' id='word_1_44' title='bbox 1300 1002 1371 1067; x_wconf 89' lang='lat' dir='ltr'>in</span> <span class='ocrx_word' id='word_1_45' title='bbox 1400 998 1658 1067; x_wconf 84' lang='lat' dir='ltr'>Gallias</span> <span class='ocrx_word' id='word_1_46' title='bbox 1704 1001 2057 1070; x_wconf 83' lang='lat' dir='ltr'>translatus</span> <span class='ocrx_word' id='word_1_47' title='bbox 2102 1003 2302 1073; x_wconf 86' lang='lat' dir='ltr'>fuisse</span> 
     </span>
     <span class='ocr_line' id='line_1_7' title="bbox 79 1108 2307 1203; baseline 0.004 -23"><span class='ocrx_word' id='word_1_48' title='bbox 79 1111 387 1181; x_wconf 64' lang='lat' dir='ltr'>«linitur.</span> <span class='ocrx_word' id='word_1_49' title='bbox 431 1108 566 1179; x_wconf 84' lang='lat' dir='ltr'>Sed</span> <span class='ocrx_word' id='word_1_50' title='bbox 610 1111 723 1178; x_wconf 85' lang='lat' dir='ltr'>alii</span> <span class='ocrx_word' id='word_1_51' title='bbox 763 1114 983 1202; x_wconf 85' lang='lat' dir='ltr'>ipsum</span> <span class='ocrx_word' id='word_1_52' title='bbox 1014 1113 1218 1203; x_wconf 84' lang='lat' dir='ltr'>Regio</span> <span class='ocrx_word' id='word_1_53' title='bbox 1247 1113 1606 1184; x_wconf 70' lang='lat' dir='ltr'>discessisse</span> <span class='ocrx_word' id='word_1_54' title='bbox 1634 1116 1797 1182; x_wconf 88' lang='lat' dir='ltr'>etin</span> <span class='ocrx_word' id='word_1_55' title='bbox 1828 1114 2055 1184; x_wconf 86' lang='lat' dir='ltr'>Gallia</span> <span class='ocrx_word' id='word_1_56' title='bbox 2098 1129 2307 1188; x_wconf 83' lang='lat' dir='ltr'>trans-</span> 
     </span>
     <span class='ocr_line' id='line_1_8' title="bbox 92 1226 2303 1318; baseline 0.005 -23"><span class='ocrx_word' id='word_1_57' title='bbox 92 1226 350 1318; x_wconf 69' lang='lat' dir='ltr'>alpina</span> <span class='ocrx_word' id='word_1_58' title='bbox 379 1229 457 1295; x_wconf 89' lang='lat' dir='ltr'>in</span> <span class='ocrx_word' id='word_1_59' title='bbox 483 1226 886 1296; x_wconf 82' lang='lat' dir='ltr'>Temanensi</span> <span class='ocrx_word' id='word_1_60' title='bbox 931 1231 1273 1310; x_wconf 86' lang='lat' dir='ltr'>territorio,</span> <span class='ocrx_word' id='word_1_61' title='bbox 1318 1229 1438 1298; x_wconf 85' lang='lat' dir='ltr'>uhi</span> <span class='ocrx_word' id='word_1_62' title='bbox 1483 1230 1752 1310; x_wconf 89' lang='lat' dir='ltr'>colitur,</span> <span class='ocrx_word' id='word_1_63' title='bbox 1796 1230 2142 1302; x_wconf 73' lang='lat' dir='ltr'>decessisse</span> <span class='ocrx_word' id='word_1_64' title='bbox 2184 1259 2303 1305; x_wconf 84' lang='lat' dir='ltr'>vo-</span> 
     </span>
     <span class='ocr_line' id='line_1_9' title="bbox 86 1340 2305 1433; baseline 0.003 -24"><span class='ocrx_word' id='word_1_65' title='bbox 86 1340 297 1409; x_wconf 81' lang='lat' dir='ltr'>lunt.</span> <span class='ocrx_word' id='word_1_66' title='bbox 340 1341 523 1409; x_wconf 82' lang='lat' dir='ltr'>Huic</span> <span class='ocrx_word' id='word_1_67' title='bbox 564 1341 849 1411; x_wconf 77' lang='lat' dir='ltr'>Faustus</span> <span class='ocrx_word' id='word_1_68' title='bbox 893 1346 1162 1411; x_wconf 85' lang='lat' dir='ltr'>antistes</span> <span class='ocrx_word' id='word_1_69' title='bbox 1204 1346 1540 1424; x_wconf 85' lang='lat' dir='ltr'>successit,</span> <span class='ocrx_word' id='word_1_70' title='bbox 1568 1347 1687 1433; x_wconf 88' lang='lat' dir='ltr'>qui</span> <span class='ocrx_word' id='word_1_71' title='bbox 1717 1357 1864 1433; x_wconf 91' lang='lat' dir='ltr'>post</span> <span class='ocrx_word' id='word_1_72' title='bbox 1896 1369 2054 1412; x_wconf 88' lang='lat' dir='ltr'>eum</span> <span class='ocrx_word' id='word_1_73' title='bbox 2100 1349 2305 1416; x_wconf 85' lang='lat' dir='ltr'>etiam</span> 
     </span>
     <span class='ocr_line' id='line_1_10' title="bbox 84 1454 2307 1551; baseline 0.004 -29"><span class='ocrx_word' id='word_1_74' title='bbox 84 1454 443 1523; x_wconf 79' lang='lat' dir='ltr'>Lirinensi</span> <span class='ocrx_word' id='word_1_75' title='bbox 488 1456 804 1525; x_wconf 86' lang='lat' dir='ltr'>coenobio</span> <span class='ocrx_word' id='word_1_76' title='bbox 847 1455 1244 1545; x_wconf 72' lang='lat' dir='ltr'>praefuerat,</span> <span class='ocrx_word' id='word_1_77' title='bbox 1271 1458 1454 1548; x_wconf 85' lang='lat' dir='ltr'>quod</span> <span class='ocrx_word' id='word_1_78' title='bbox 1501 1472 1570 1525; x_wconf 89' lang='lat' dir='ltr'>et</span> <span class='ocrx_word' id='word_1_79' title='bbox 1617 1458 1871 1528; x_wconf 87' lang='lat' dir='ltr'>Sidonii</span> <span class='ocrx_word' id='word_1_80' title='bbox 1902 1460 2307 1551; x_wconf 79' lang='lat' dir='ltr'>Apollinaris</span> 
     </span>
     <span class='ocr_line' id='line_1_11' title="bbox 90 1568 1818 1662; baseline 0.003 -26"><span class='ocrx_word' id='word_1_81' title='bbox 90 1568 197 1635; x_wconf 67' lang='lat' dir='ltr'>nd</span> <span class='ocrx_word' id='word_1_82' title='bbox 241 1569 577 1638; x_wconf 81' lang='lat' dir='ltr'>Faustum</span> <span class='ocrx_word' id='word_1_83' title='bbox 618 1570 906 1638; x_wconf 85' lang='lat' dir='ltr'>scribens</span> <span class='ocrx_word' id='word_1_84' title='bbox 949 1570 1079 1639; x_wconf 90' lang='lat' dir='ltr'>hoc</span> <span class='ocrx_word' id='word_1_85' title='bbox 1124 1575 1413 1639; x_wconf 84' lang='lat' dir='ltr'>carmine</span> <span class='ocrx_word' id='word_1_86' title='bbox 1453 1571 1818 1662; x_wconf 71' lang='lat' dir='ltr'>significate</span> 
     </span>
    </p>

    <p class='ocr_par' dir='ltr' id='par_1_3' title="bbox 872 1683 1860 1774">
     <span class='ocr_line' id='line_1_12' title="bbox 872 1683 1860 1774; baseline 0.006 -22"><span class='ocrx_word' id='word_1_87' title='bbox 872 1683 1108 1752; x_wconf 80' lang='lat' dir='ltr'>Fuerit</span> <span class='ocrx_word' id='word_1_88' title='bbox 1151 1691 1303 1774; x_wconf 82' lang='lat' dir='ltr'>quis</span> <span class='ocrx_word' id='word_1_89' title='bbox 1348 1686 1702 1758; x_wconf 77' lang='lat' dir='ltr'>Maximus</span> <span class='ocrx_word' id='word_1_90' title='bbox 1746 1690 1860 1758; x_wconf 74' lang='lat' dir='ltr'>ille</span> 
     </span>
    </p>
   </div>
   <div class='ocr_carea' id='block_1_3' title="bbox 294 1797 2143 2002">
    <p class='ocr_par' dir='ltr' id='par_1_4' title="bbox 294 1797 2143 2002">
     <span class='ocr_line' id='line_1_13' title="bbox 311 1797 2143 1890; baseline 0.003 -24"><span class='ocrx_word' id='word_1_91' title='bbox 311 1797 553 1866; x_wconf 82' lang='lat' dir='ltr'>Urbem</span> <span class='ocrx_word' id='word_1_92' title='bbox 597 1811 675 1880; x_wconf 80' lang='lat' dir='ltr'>tu</span> <span class='ocrx_word' id='word_1_93' title='bbox 717 1802 917 1886; x_wconf 80' lang='lat' dir='ltr'>cujus</span> <span class='ocrx_word' id='word_1_94' title='bbox 960 1800 1446 1890; x_wconf 78' lang='lat' dir='ltr'>monachosque</span> <span class='ocrx_word' id='word_1_95' title='bbox 1490 1806 1778 1869; x_wconf 71' lang='lat' dir='ltr'>antistes</span> <span class='ocrx_word' id='word_1_96' title='bbox 1822 1815 1889 1870; x_wconf 76' lang='lat' dir='ltr'>et</span> <span class='ocrx_word' id='word_1_97' title='bbox 1933 1802 2143 1871; x_wconf 78' lang='lat' dir='ltr'>abbas</span> 
     </span>
     <span class='ocr_line' id='line_1_14' title="bbox 294 1910 1026 2002; baseline 0.003 -24"><span class='ocrx_word' id='word_1_98' title='bbox 294 1910 432 1978; x_wconf 80' lang='lat' dir='ltr'>Bis</span> <span class='ocrx_word' id='word_1_99' title='bbox 471 1932 816 1984; x_wconf 75' lang='lat' dir='ltr'>successor</span> <span class='ocrx_word' id='word_1_100' title='bbox 854 1918 1026 2002; x_wconf 76' lang='lat' dir='ltr'>agis,</span> 
     </span>
    </p>
   </div>
   <div class='ocr_carea' id='block_1_4' title="bbox 95 2024 2310 3961">
    <p class='ocr_par' dir='ltr' id='par_1_5' title="bbox 95 2024 2310 2580">
     <span class='ocr_line' id='line_1_15' title="bbox 95 2024 2306 2119; baseline 0.004 -26"><span class='ocrx_word' id='word_1_101' title='bbox 95 2024 173 2093; x_wconf 78' lang='lat' dir='ltr'>Is</span> <span class='ocrx_word' id='word_1_102' title='bbox 214 2026 484 2093; x_wconf 85' lang='lat' dir='ltr'>circiter</span> <span class='ocrx_word' id='word_1_103' title='bbox 527 2049 702 2098; x_wconf 77' lang='lat' dir='ltr'>auno</span> <span class='ocrx_word' id='word_1_104' title='bbox 753 2026 987 2094; x_wconf 86' lang='lat' dir='ltr'>salutis</span> <span class='ocrx_word' id='word_1_105' title='bbox 1036 2049 1282 2095; x_wconf 85' lang='lat' dir='ltr'>ccccxc</span> <span class='ocrx_word' id='word_1_106' title='bbox 1339 2031 1410 2096; x_wconf 87' lang='lat' dir='ltr'>in</span> <span class='ocrx_word' id='word_1_107' title='bbox 1466 2027 1967 2119; x_wconf 85' lang='lat' dir='ltr'>Pelagianorum</span> <span class='ocrx_word' id='word_1_108' title='bbox 2022 2054 2306 2101; x_wconf 87' lang='lat' dir='ltr'>errorem</span> 
     </span>
     <span class='ocr_line' id='line_1_16' title="bbox 98 2139 2309 2232; baseline 0.003 -24"><span class='ocrx_word' id='word_1_109' title='bbox 98 2139 389 2220; x_wconf 73' lang='lat' dir='ltr'>incidit,</span> <span class='ocrx_word' id='word_1_110' title='bbox 431 2139 552 2208; x_wconf 78' lang='lat' dir='ltr'>sed</span> <span class='ocrx_word' id='word_1_111' title='bbox 597 2141 990 2210; x_wconf 83' lang='lat' dir='ltr'>emendatus</span> <span class='ocrx_word' id='word_1_112' title='bbox 1033 2165 1074 2209; x_wconf 91' lang='lat' dir='ltr'>a</span> <span class='ocrx_word' id='word_1_113' title='bbox 1118 2142 1504 2232; x_wconf 84' lang='lat' dir='ltr'>Fulgentio,</span> <span class='ocrx_word' id='word_1_114' title='bbox 1548 2143 1631 2210; x_wconf 86' lang='lat' dir='ltr'>de</span> <span class='ocrx_word' id='word_1_115' title='bbox 1673 2142 1886 2213; x_wconf 85' lang='lat' dir='ltr'>libero</span> <span class='ocrx_word' id='word_1_116' title='bbox 1925 2145 2195 2214; x_wconf 81' lang='lat' dir='ltr'>arbitrio</span> <span class='ocrx_word' id='word_1_117' title='bbox 2238 2159 2309 2215; x_wconf 89' lang='lat' dir='ltr'>et</span> 
     </span>
     <span class='ocr_line' id='line_1_17' title="bbox 96 2254 2307 2351; baseline 0.004 -29"><span class='ocrx_word' id='word_1_118' title='bbox 96 2254 235 2323; x_wconf 88' lang='lat' dir='ltr'>Dei</span> <span class='ocrx_word' id='word_1_119' title='bbox 280 2258 507 2346; x_wconf 79' lang='lat' dir='ltr'>gratia</span> <span class='ocrx_word' id='word_1_120' title='bbox 551 2258 844 2346; x_wconf 81' lang='lat' dir='ltr'>scripsit3</span> <span class='ocrx_word' id='word_1_121' title='bbox 888 2257 1002 2323; x_wconf 89' lang='lat' dir='ltr'>hic</span> <span class='ocrx_word' id='word_1_122' title='bbox 1043 2257 1209 2324; x_wconf 88' lang='lat' dir='ltr'>liber</span> <span class='ocrx_word' id='word_1_123' title='bbox 1253 2271 1483 2325; x_wconf 85' lang='lat' dir='ltr'>tamen</span> <span class='ocrx_word' id='word_1_124' title='bbox 1555 2270 1751 2326; x_wconf 88' lang='lat' dir='ltr'>caute</span> <span class='ocrx_word' id='word_1_125' title='bbox 1816 2259 2130 2351; x_wconf 87' lang='lat' dir='ltr'>legendus</span> <span class='ocrx_word' id='word_1_126' title='bbox 2174 2279 2307 2331; x_wconf 88' lang='lat' dir='ltr'>est.</span> 
     </span>
     <span class='ocr_line' id='line_1_18' title="bbox 104 2372 2310 2464; baseline 0.004 -24"><span class='ocrx_word' id='word_1_127' title='bbox 104 2372 367 2442; x_wconf 82' lang='lat' dir='ltr'>Fausto</span> <span class='ocrx_word' id='word_1_128' title='bbox 411 2372 702 2441; x_wconf 81' lang='lat' dir='ltr'>Urbicus</span> <span class='ocrx_word' id='word_1_129' title='bbox 762 2377 1074 2442; x_wconf 87' lang='lat' dir='ltr'>successit</span> <span class='ocrx_word' id='word_1_130' title='bbox 1096 2424 1116 2454; x_wconf 95' lang='lat'>,</span> <span class='ocrx_word' id='word_1_131' title='bbox 1170 2374 1254 2442; x_wconf 86' lang='lat' dir='ltr'>ad</span> <span class='ocrx_word' id='word_1_132' title='bbox 1312 2398 1514 2464; x_wconf 88' lang='lat' dir='ltr'>quem</span> <span class='ocrx_word' id='word_1_133' title='bbox 1573 2376 1926 2444; x_wconf 88' lang='lat' dir='ltr'>Dinamius</span> <span class='ocrx_word' id='word_1_134' title='bbox 1985 2377 2310 2448; x_wconf 35' lang='lat' dir='ltr'>Patricius*</span> 
     </span>
     <span class='ocr_line' id='line_1_19' title="bbox 104 2486 1341 2580; baseline 0.001 -24"><span class='ocrx_word' id='word_1_135' title='bbox 104 2486 191 2556; x_wconf 77' lang='lat' dir='ltr'>de</span> <span class='ocrx_word' id='word_1_136' title='bbox 231 2490 436 2580; x_wconf 75' lang='lat' dir='ltr'>gestis</span> <span class='ocrx_word' id='word_1_137' title='bbox 478 2488 573 2556; x_wconf 88' lang='lat' dir='ltr'>D.</span> <span class='ocrx_word' id='word_1_138' title='bbox 617 2488 898 2556; x_wconf 78' lang='lat' dir='ltr'>Maximi</span> <span class='ocrx_word' id='word_1_139' title='bbox 940 2490 1226 2579; x_wconf 84' lang='lat' dir='ltr'>scripsit.</span> <span class='ocrx_word' id='word_1_140' title='bbox 1340 2525 1341 2528; x_wconf 35' lang='lat'>¹</span> 
     </span>
    </p>

    <p class='ocr_par' dir='ltr' id='par_1_6' title="bbox 104 2599 2310 3961">
     <span class='ocr_line' id='line_1_20' title="bbox 251 2599 2306 2688; baseline 0.002 -18"><span class='ocrx_word' id='word_1_141' title='bbox 251 2603 522 2670; x_wconf 77' lang='lat' dir='ltr'>Interea</span> <span class='ocrx_word' id='word_1_142' title='bbox 563 2599 804 2683; x_wconf 83' lang='lat' dir='ltr'>Gothi,</span> <span class='ocrx_word' id='word_1_143' title='bbox 847 2602 1119 2671; x_wconf 84' lang='lat' dir='ltr'>absente</span> <span class='ocrx_word' id='word_1_144' title='bbox 1170 2601 1481 2672; x_wconf 83' lang='lat' dir='ltr'>Belisario</span> <span class='ocrx_word' id='word_1_145' title='bbox 1496 2654 1518 2686; x_wconf 96' lang='lat'>,</span> <span class='ocrx_word' id='word_1_146' title='bbox 1567 2605 1822 2672; x_wconf 83' lang='lat' dir='ltr'>viribus</span> <span class='ocrx_word' id='word_1_147' title='bbox 1887 2607 2306 2688; x_wconf 84' lang='lat' dir='ltr'>instauratis,</span> 
     </span>
     <span class='ocr_line' id='line_1_21' title="bbox 109 2717 2306 2810; baseline 0.003 -26"><span class='ocrx_word' id='word_1_148' title='bbox 109 2739 189 2784; x_wconf 69' lang='lat' dir='ltr'>ac</span> <span class='ocrx_word' id='word_1_149' title='bbox 228 2717 533 2799; x_wconf 81' lang='lat' dir='ltr'>duobus,</span> <span class='ocrx_word' id='word_1_150' title='bbox 575 2740 743 2807; x_wconf 86' lang='lat' dir='ltr'>quos</span> <span class='ocrx_word' id='word_1_151' title='bbox 786 2732 1195 2800; x_wconf 82' lang='lat' dir='ltr'>creaverant,</span> <span class='ocrx_word' id='word_1_152' title='bbox 1237 2721 1412 2786; x_wconf 87' lang='lat' dir='ltr'>intra</span> <span class='ocrx_word' id='word_1_153' title='bbox 1457 2742 1700 2809; x_wconf 87' lang='lat' dir='ltr'>paucos</span> <span class='ocrx_word' id='word_1_154' title='bbox 1746 2743 1999 2788; x_wconf 89' lang='lat' dir='ltr'>menses</span> <span class='ocrx_word' id='word_1_155' title='bbox 2041 2722 2306 2810; x_wconf 80' lang='lat' dir='ltr'>regibus</span> 
     </span>
     <span class='ocr_line' id='line_1_22' title="bbox 110 2829 2308 2923; baseline 0.001 -24"><span class='ocrx_word' id='word_1_156' title='bbox 110 2829 358 2900; x_wconf 81' lang='lat' dir='ltr'>funere</span> <span class='ocrx_word' id='word_1_157' title='bbox 399 2832 618 2913; x_wconf 77' lang='lat' dir='ltr'>elatis,</span> <span class='ocrx_word' id='word_1_158' title='bbox 647 2832 906 2902; x_wconf 85' lang='lat' dir='ltr'>Totilae</span> <span class='ocrx_word' id='word_1_159' title='bbox 938 2857 1131 2923; x_wconf 86' lang='lat' dir='ltr'>opera</span> <span class='ocrx_word' id='word_1_160' title='bbox 1161 2837 1528 2902; x_wconf 81' lang='lat' dir='ltr'>maximam</span> <span class='ocrx_word' id='word_1_161' title='bbox 1560 2833 1790 2903; x_wconf 81' lang='lat' dir='ltr'>Italiae</span> <span class='ocrx_word' id='word_1_162' title='bbox 1821 2847 2073 2922; x_wconf 87' lang='lat' dir='ltr'>partem</span> <span class='ocrx_word' id='word_1_163' title='bbox 2120 2858 2308 2903; x_wconf 88' lang='lat' dir='ltr'>recu-</span> 
     </span>
     <span class='ocr_line' id='line_1_23' title="bbox 109 2948 2306 3039; baseline 0.001 -23"><span class='ocrx_word' id='word_1_164' title='bbox 109 2960 391 3039; x_wconf 76' lang='lat' dir='ltr'>perant.</span> <span class='ocrx_word' id='word_1_165' title='bbox 432 2949 761 3017; x_wconf 82' lang='lat' dir='ltr'>Adversus</span> <span class='ocrx_word' id='word_1_166' title='bbox 824 2949 974 3018; x_wconf 87' lang='lat' dir='ltr'>illos</span> <span class='ocrx_word' id='word_1_167' title='bbox 1037 2953 1282 3018; x_wconf 87' lang='lat' dir='ltr'>iterum</span> <span class='ocrx_word' id='word_1_168' title='bbox 1352 2973 1392 3016; x_wconf 92' lang='lat' dir='ltr'>a</span> <span class='ocrx_word' id='word_1_169' title='bbox 1459 2948 1830 3026; x_wconf 88' lang='lat' dir='ltr'>Justiniano</span> <span class='ocrx_word' id='word_1_170' title='bbox 1901 2974 2076 3019; x_wconf 87' lang='lat' dir='ltr'>anno</span> <span class='ocrx_word' id='word_1_171' title='bbox 2141 2973 2306 3019; x_wconf 79' lang='lat' dir='ltr'>nmv</span> 
     </span>
     <span class='ocr_line' id='line_1_24' title="bbox 104 3063 2304 3154; baseline 0.001 -22"><span class='ocrx_word' id='word_1_172' title='bbox 104 3063 361 3132; x_wconf 73' lang='lat' dir='ltr'>Names</span> <span class='ocrx_word' id='word_1_173' title='bbox 400 3086 690 3132; x_wconf 86' lang='lat' dir='ltr'>eunucus</span> <span class='ocrx_word' id='word_1_174' title='bbox 733 3063 1005 3132; x_wconf 86' lang='lat' dir='ltr'>inclitus</span> <span class='ocrx_word' id='word_1_175' title='bbox 1033 3065 1176 3132; x_wconf 81' lang='lat' dir='ltr'>dux</span> <span class='ocrx_word' id='word_1_176' title='bbox 1220 3068 1456 3132; x_wconf 83' lang='lat' dir='ltr'>missus</span> <span class='ocrx_word' id='word_1_177' title='bbox 1500 3065 1727 3134; x_wconf 87' lang='lat' dir='ltr'>decem</span> <span class='ocrx_word' id='word_1_178' title='bbox 1776 3064 1988 3131; x_wconf 89' lang='lat' dir='ltr'>millia</span> <span class='ocrx_word' id='word_1_179' title='bbox 2031 3064 2304 3154; x_wconf 84' lang='lat' dir='ltr'>Longo-</span> 
     </span>
     <span class='ocr_line' id='line_1_25' title="bbox 105 3179 2300 3274; baseline 0 -25"><span class='ocrx_word' id='word_1_180' title='bbox 105 3179 475 3250; x_wconf 73' lang='lat' dir='ltr'>hardorum</span> <span class='ocrx_word' id='word_1_181' title='bbox 494 3231 515 3261; x_wconf 93' lang='lat'>,</span> <span class='ocrx_word' id='word_1_182' title='bbox 557 3204 724 3270; x_wconf 87' lang='lat' dir='ltr'>quos</span> <span class='ocrx_word' id='word_1_183' title='bbox 790 3206 877 3248; x_wconf 81' lang='lat' dir='ltr'>ex</span> <span class='ocrx_word' id='word_1_184' title='bbox 941 3182 1282 3251; x_wconf 85' lang='lat' dir='ltr'>Pannonia</span> <span class='ocrx_word' id='word_1_185' title='bbox 1351 3185 1711 3262; x_wconf 83' lang='lat' dir='ltr'>acciverat,</span> <span class='ocrx_word' id='word_1_186' title='bbox 1751 3184 1836 3274; x_wconf 34' lang='lat' dir='ltr'>„in</span> <span class='ocrx_word' id='word_1_187' title='bbox 1888 3180 2183 3263; x_wconf 84' lang='lat' dir='ltr'>Brixilli,</span> <span class='ocrx_word' id='word_1_188' title='bbox 2228 3194 2300 3249; x_wconf 86' lang='lat' dir='ltr'>et</span> 
     </span>
     <span class='ocr_line' id='line_1_26' title="bbox 108 3277 2301 3386; baseline -0 -22"><span class='ocrx_word' id='word_1_189' title='bbox 108 3294 352 3364; x_wconf 75' lang='lat' dir='ltr'>Caneti</span> <span class='ocrx_word' id='word_1_190' title='bbox 397 3296 722 3386; x_wconf 84' lang='lat' dir='ltr'>praesidio</span> <span class='ocrx_word' id='word_1_191' title='bbox 779 3298 1032 3385; x_wconf 84' lang='lat' dir='ltr'>posuit:</span> <span class='ocrx_word' id='word_1_192' title='bbox 1102 3320 1214 3386; x_wconf 86' lang='lat' dir='ltr'>per</span> <span class='ocrx_word' id='word_1_193' title='bbox 1272 3296 1539 3366; x_wconf 85' lang='lat' dir='ltr'>eosdem</span> <span class='ocrx_word' id='word_1_194' title='bbox 1605 3319 1837 3386; x_wconf 84' lang='lat' dir='ltr'>agrum</span> <span class='ocrx_word' id='word_1_195' title='bbox 1881 3277 2301 3365; x_wconf 74' lang='lat' dir='ltr'>Pax-mensem</span> 
     </span>
     <span class='ocr_line' id='line_1_27' title="bbox 108 3410 2308 3503; baseline 0 -24"><span class='ocrx_word' id='word_1_196' title='bbox 108 3410 501 3500; x_wconf 72' lang='lat' dir='ltr'>praedatus,</span> <span class='ocrx_word' id='word_1_197' title='bbox 563 3411 832 3478; x_wconf 87' lang='lat' dir='ltr'>demum</span> <span class='ocrx_word' id='word_1_198' title='bbox 877 3410 1173 3479; x_wconf 88' lang='lat' dir='ltr'>Totilam</span> <span class='ocrx_word' id='word_1_199' title='bbox 1228 3434 1432 3501; x_wconf 86' lang='lat' dir='ltr'>prope</span> <span class='ocrx_word' id='word_1_200' title='bbox 1475 3411 1807 3484; x_wconf 77' lang='lat' dir='ltr'>Canetum</span> <span class='ocrx_word' id='word_1_201' title='bbox 1861 3410 2138 3480; x_wconf 82' lang='lat' dir='ltr'>feliciter</span> <span class='ocrx_word' id='word_1_202' title='bbox 2190 3435 2308 3503; x_wconf 90' lang='lat' dir='ltr'>op-</span> 
     </span>
     <span class='ocr_line' id='line_1_28' title="bbox 110 3526 2305 3617; baseline 0 -23"><span class='ocrx_word' id='word_1_203' title='bbox 110 3529 385 3616; x_wconf 78' lang='lat' dir='ltr'>pressit3</span> <span class='ocrx_word' id='word_1_204' title='bbox 418 3549 543 3594; x_wconf 84' lang='lat' dir='ltr'>nec</span> <span class='ocrx_word' id='word_1_205' title='bbox 590 3526 807 3596; x_wconf 88' lang='lat' dir='ltr'>multo</span> <span class='ocrx_word' id='word_1_206' title='bbox 837 3538 987 3616; x_wconf 87' lang='lat' dir='ltr'>post</span> <span class='ocrx_word' id='word_1_207' title='bbox 1018 3527 1248 3613; x_wconf 86' lang='lat' dir='ltr'>Tejam</span> <span class='ocrx_word' id='word_1_208' title='bbox 1283 3552 1323 3593; x_wconf 88' lang='lat' dir='ltr'>a</span> <span class='ocrx_word' id='word_1_209' title='bbox 1353 3526 1628 3617; x_wconf 87' lang='lat' dir='ltr'>reliquis</span> <span class='ocrx_word' id='word_1_210' title='bbox 1657 3526 2034 3595; x_wconf 85' lang='lat' dir='ltr'>Gothorum</span> <span class='ocrx_word' id='word_1_211' title='bbox 2064 3527 2305 3596; x_wconf 86' lang='lat' dir='ltr'>ducem</span> 
     </span>
     <span class='ocr_line' id='line_1_29' title="bbox 112 3640 2307 3731; baseline 0 -23"><span class='ocrx_word' id='word_1_212' title='bbox 112 3641 534 3710; x_wconf 76' lang='lat' dir='ltr'>declaratum</span> <span class='ocrx_word' id='word_1_213' title='bbox 601 3664 840 3731; x_wconf 80' lang='lat' dir='ltr'>magua</span> <span class='ocrx_word' id='word_1_214' title='bbox 905 3655 1118 3731; x_wconf 87' lang='lat' dir='ltr'>strage</span> <span class='ocrx_word' id='word_1_215' title='bbox 1169 3641 1449 3710; x_wconf 85' lang='lat' dir='ltr'>delevit.</span> <span class='ocrx_word' id='word_1_216' title='bbox 1517 3642 1737 3711; x_wconf 88' lang='lat' dir='ltr'>Locus</span> <span class='ocrx_word' id='word_1_217' title='bbox 1802 3640 2147 3710; x_wconf 86' lang='lat' dir='ltr'>conflictus</span> <span class='ocrx_word' id='word_1_218' title='bbox 2215 3642 2307 3708; x_wconf 87' lang='lat' dir='ltr'>ab</span> 
     </span>
     <span class='ocr_line' id='line_1_30' title="bbox 114 3752 2305 3847; baseline 0 -26"><span class='ocrx_word' id='word_1_219' title='bbox 114 3752 426 3823; x_wconf 78' lang='lat' dir='ltr'>hostibus</span> <span class='ocrx_word' id='word_1_220' title='bbox 462 3757 659 3823; x_wconf 84' lang='lat' dir='ltr'>victis</span> <span class='ocrx_word' id='word_1_221' title='bbox 685 3755 1016 3847; x_wconf 86' lang='lat' dir='ltr'>Gothegia</span> <span class='ocrx_word' id='word_1_222' title='bbox 1060 3757 1159 3823; x_wconf 79' lang='lat' dir='ltr'>es&#39;t</span> <span class='ocrx_word' id='word_1_223' title='bbox 1203 3768 1477 3826; x_wconf 81' lang='lat' dir='ltr'>vocatus</span> <span class='ocrx_word' id='word_1_224' title='bbox 1508 3757 1603 3823; x_wconf 66' lang='grc' dir='ltr'><strong>(ι).</strong></span> <span class='ocrx_word' id='word_1_225' title='bbox 1649 3755 1883 3846; x_wconf 82' lang='lat' dir='ltr'>Itaque</span> <span class='ocrx_word' id='word_1_226' title='bbox 1912 3754 2156 3824; x_wconf 87' lang='lat' dir='ltr'>Gothis</span> <span class='ocrx_word' id='word_1_227' title='bbox 2185 3758 2305 3846; x_wconf 83' lang='lat' dir='ltr'>qui</span> 
     </span>
     <span class='ocr_line' id='line_1_31' title="bbox 115 3868 2310 3961; baseline 0.001 -23"><span class='ocrx_word' id='word_1_228' title='bbox 115 3872 307 3939; x_wconf 75' lang='lat' dir='ltr'>mnis</span> <span class='ocrx_word' id='word_1_229' title='bbox 350 3892 499 3936; x_wconf 67' lang='lat' dir='ltr'>Lxx</span> <span class='ocrx_word' id='word_1_230' title='bbox 550 3868 816 3940; x_wconf 85' lang='lat' dir='ltr'>Italiam</span> <span class='ocrx_word' id='word_1_231' title='bbox 873 3883 1222 3940; x_wconf 88' lang='lat' dir='ltr'>tenuerant</span> <span class='ocrx_word' id='word_1_232' title='bbox 1285 3870 1611 3961; x_wconf 77' lang='lat' dir='ltr'>expulsis,</span> <span class='ocrx_word' id='word_1_233' title='bbox 1655 3893 1774 3940; x_wconf 88' lang='lat' dir='ltr'>nos</span> <span class='ocrx_word' id='word_1_234' title='bbox 1836 3868 2310 3941; x_wconf 82' lang='lat' dir='ltr'>Constantino-</span> 
     </span>
    </p>
   </div>
   <div class='ocr_carea' id='block_1_5' title="bbox 192 4125 974 4193">
    <p class='ocr_par' dir='ltr' id='par_1_7' title="bbox 192 4125 974 4193">
     <span class='ocr_line' id='line_1_32' title="bbox 192 4125 974 4193; baseline 0.008 -18"><span class='ocrx_word' id='word_1_235' title='bbox 192 4127 216 4190; x_wconf 88' lang='lat'><strong>(</strong></span> <span class='ocrx_word' id='word_1_236' title='bbox 228 4125 277 4193; x_wconf 82' lang='grc' dir='ltr'>ι)</span> <span class='ocrx_word' id='word_1_237' title='bbox 310 4125 501 4192; x_wconf 61' lang='lat' dir='ltr'>utone.</span> <span class='ocrx_word' id='word_1_238' title='bbox 535 4125 628 4178; x_wconf 74' lang='lat' dir='ltr'>lib.</span> <span class='ocrx_word' id='word_1_239' title='bbox 660 4143 765 4192; x_wconf 80' lang='lat' dir='ltr'>vu,</span> <span class='ocrx_word' id='word_1_240' title='bbox 807 4143 827 4176; x_wconf 71' lang='grc' dir='ltr'><strong>ι</strong></span> <span class='ocrx_word' id='word_1_241' title='bbox 867 4129 974 4181; x_wconf 81' lang='lat' dir='ltr'>dec.</span> 
     </span>
    </p>
   </div>
  </div>
 </body>
</html>
