2950 5017
944 420 1141 465 mnan
1185 420 1429 467 ramus
2188 404 2273 469 63

66 540 465 612 Ecclesiam
505 549 972 631 persequente,
1016 543 1231 631 primo
1274 526 1676 631 flagellatus,
1702 538 1951 610 deinde
1990 533 2282 634 equuleo

62 672 341 742 tortus,
382 672 538 750 post
579 660 942 749 septimum
994 657 1177 725 diem
1226 682 1434 749 quam
1485 662 1681 748 virgis
1733 682 1961 728 caesus
2011 673 2153 742 est,
2196 672 2293 728 nt,

60 776 482 846 Ambrosius
526 784 877 855 memorat,
921 771 1195 863 gloriose
1237 775 1575 843 occubuit.
1620 773 1979 845 Caeterum
2007 776 2276 845 Nerone

62 897 333 976 occisO,
373 916 515 1014 quo
560 915 721 959 cum
760 891 1123 960 Caesarum
1167 895 1357 982 stirps
1401 863 1674 973 defecit,
1701 904 1769 959 et
1797 891 2025 984 Sergio
2055 893 2281 961 Galba

65 1009 229 1096 ejus
282 1032 664 1078 successore
704 1006 958 1076 Romae
1013 1008 1374 1087 trucidato,
1442 1031 1483 1074 a
1549 1011 1975 1097 praetorianis
2019 1010 2282 1077 Marcus

70 1122 362 1193 Salvius
407 1124 596 1192 Otho
637 1123 1009 1213 Imperator
1051 1136 1151 1189 est
1194 1121 1589 1213 appellatus.
1625 1124 1758 1199 2Ah
1819 1122 2028 1190 altera
2091 1135 2280 1216 parte
2319 1202 2324 1208 p

74 1238 496 1308 Germaniae
538 1241 864 1306 exercitus
901 1251 971 1305 et
1007 1241 1149 1327 ipse
1192 1242 1372 1306 avari
1425 1241 1737 1327 principis
1783 1253 2141 1307 scommate
2163 1239 2286 1309 ,of-

80 1352 349 1436 fensus,
377 1357 500 1446 qui
528 1379 614 1423 ne
642 1353 1033 1423 donativum
1080 1377 1122 1420 a
1167 1352 1860 1442 tribunis‘legionibus
1891 1358 2292 1443 promissum·

83 1469 386 1540 solveret
409 1520 432 1553 ,
469 1494 539 1538 se
581 1469 795 1560 legere
840 1469 1122 1537 militem
1140 1518 1160 1550 ,
1202 1493 1337 1538 non
1381 1492 1602 1536 emere
1647 1472 2054 1536 consuevisse
2097 1470 2294 1539 dicti-

89 1584 331 1667 tabat,
371 1583 653 1655 solemni
705 1584 834 1652 cal.
875 1584 1165 1672 januarii
1225 1594 1632 1652 sacramento
1678 1608 1795 1673 pro
1842 1583 2065 1652 Galba
2108 1608 2294 1652 recu-

90 1713 281 1782 sato,
312 1702 399 1769 A.
421 1700 775 1768 Vitellium
807 1723 1005 1768 suum
1034 1697 1491 1781 Praefectum,
1518 1700 1902 1789 Augustum
1947 1699 2292 1770 salutavit.

95 1816 207 1898 Is,
249 1829 337 1884 ut
376 1816 652 1885 alterum
697 1818 952 1885 Romae
997 1820 1430 1906 imperantem
1476 1819 1849 1905 principatu
1880 1816 2294 1899 deturbaret,

99 1932 275 2000 dum
300 1931 594 2001 validum
618 1933 703 2001 ad
726 1944 985 2002 tantam
1016 1932 1511 2023 expeditionem
1532 1935 1896 1999 exercitum
1915 1928 2291 2015 instrueret,

99 2050 189 2118 A.
252 2049 619 2118 Caecinam
672 2052 888 2140 patria
949 2048 1379 2118 vicentinum
1433 2054 1596 2117 cum'
1638 2051 1839 2139 copiis
1883 2049 2180 2139 legatum
2224 2052 2324 2118 in·

105 2165 373 2235 Italiam
421 2170 784 2259 praemisit,
813 2169 932 2257 qui
964 2166 1457 2256 opulentissima
1483 2164 1721 2236 Italiae
1768 2165 2058 2256 regione,
2088 2191 2306 2257 quan-

107 2294 259 2351 tum
278 2287 482 2351 -inter
509 2283 769 2351 Padum
813 2297 882 2350 et
910 2281 1116 2373 Alpes
1157 2277 1362 2370 jacet,
1393 2294 1753 2373 occupata,
1782 2284 2303 2351 Pannoniorum-

108 2421 244 2489 que
282 2399 561 2468 cohorte
591 2400 769 2488 apud
799 2398 1195 2469 Cremonam
1227 2398 1507 2481 domita,
1538 2399 1699 2467 alios
1728 2383 2002 2466 centum
2045 2402 2302 2488 equites

112 2528 183 2584 et
210 2517 459 2585 milites
488 2516 851 2585 classiarios
880 2520 1050 2588 inter
1070 2516 1474 2585 Placentiam
1497 2529 1567 2584 et
1590 2518 1904 2585 Ticinum
1924 2516 2302 2607 intercepit.
2357 2514 2363 2526 ’
2399 2545 2408 2552 ·

114 2631 365 2703 Contra
410 2633 797 2703 Vestrucius
841 2633 928 2700 ab
975 2631 1244 2701 Othone
1309 2634 1397 2701 ad
1464 2633 1820 2733 arcendum
1855 2633 1970 2699 ‘ab
2013 2631 2308 2701 Eridano
2375 2656 2394 2690 ⁴·

117 2746 377 2819 hostem'
418 2773 579 2817 cum
639 2749 971 2848 expeditis
1036 2748 1413 2839 legionibus
1480 2752 1747 2830 missus,
1799 2747 2173 2816 Placentiae
2235 2770 2306 2816 se

124 2868 446 2934 munivit.
490 2866 783 2934 Caecina
832 2889 980 2932 eam
1041 2866 1303 2933 urbem·
1334 2863 1581 2962 frustra
1642 2887 2016 2955 expugnare
2073 2866 2309 2947 nixus,

128 2976 409 3067 trajecto
448 2983 656 3064 Pado,
701 2981 1098 3051 Cremonam
1157 2981 1626 3072 proficiscitur,
1692 2982 1812 3048 ubi
1878 3004 1919 3047 a
1985 2980 2308 3051 Svetonio

127 3097 420 3167 Paulino
460 3078 704 3189 praelio
767 3111 866 3167 est
927 3098 1336 3189 profligatus.
1381 3099 1679 3179 Bebriaci
1724 3084 1912 3180 vero,
1957 3100 2075 3188 qui
2121 3099 2309 3166 vicus

124 3227 226 3282 est
262 3220 442 3285 inter
470 3216 801 3306 Veronam
833 3229 900 3283 et
930 3217 1326 3285 Cremonam
1356 3216 1616 3283 duabus
1662 3215 1962 3284 cladibus
1992 3215 2309 3283 Romanis

126 3336 432 3424 insignis,
499 3311 807 3403 conversa
871 3330 1140 3404 fortuna
1203 3336 1493 3423 superati
1513 3313 1534 3351 ⁷
1562 3332 1926 3402 Othoniani
1994 3331 2308 3410 fuerunt.

127 3447 423 3518 Demum
468 3450 682 3518 Fabio
725 3449 1012 3517 Valente
1055 3472 1212 3518 cum
1258 3449 1665 3519 Batavorum
1716 3449 2102 3520 cohortibus
2142 3447 2314 3517 Cae-

130 3566 316 3634 cinae
360 3565 758 3651 conjuncto,
804 3564 987 3633 Otho
1039 3588 1195 3632 cum
1251 3567 1680 3654 praetorianis
1732 3567 2148 3654 supervenit,
2192 3566 2316 3655 qui

134 3704 279 3749 cum
327 3694 587 3773 praeter
630 3686 928 3751 omnium
975 3686 1353 3773 opinionem
1399 3706 1559 3749 cum
1610 3685 1868 3772 potenti
1920 3682 2107 3750 hoste
2159 3704 2317 3750 con-

136 3797 349 3890 fligere
379 3799 789 3883 decrevisset,
835 3804 1062 3868 amicis
1105 3801 1475 3882 orantibus,
1505 3826 1587 3869 ne
1619 3802 1919 3890 ancipitis
1953 3822 2214 3894 pugnae
2242 3822 2314 3866 se
2395 3827 2402 3835 ·

138 3917 437 4004 periculo
480 3921 961 3998 committeret,
989 3920 1363 3985 certaminis
1392 3920 1650 3984 exitum
1680 3929 2146 4006 expectaturus
2177 3916 2318 3982 Bri·

138 4031 375 4100 xillum
417 4035 763 4102 concessit.
809 4032 1027 4124 Signis
1069 4036 1329 4124 itaque,
1371 4044 1643 4120 patente
1686 4037 1857 4100 inter
1902 4033 2195 4112 Padum,
2241 4042 2316 4098 et

142 4150 312 4217 viam
355 4173 627 4240 campo,
669 4148 1048 4246 collocatis,
1094 4173 1296 4241 prope
1340 4149 1737 4218 Bebriacum
1785 4145 2058 4218 adverso
2099 4147 2320 4214 Marte
