2950 5017
946 357 1143 459 nunu
1190 416 1433 461 PRIMUS
1447 366 1453 372 ι
2183 401 2276 486 47

66 535 317 604 litteris
366 558 453 602 ιι.
494 557 644 602 m.
672 544 925 603 manc.
953 557 1128 610 msr.
1173 535 1273 604 M.
1310 535 1641 625 Lepidum
1685 534 2045 604 Civitatem
2086 536 2286 627 Regii.

58 657 491 722 nutam-asse
535 649 885 742 significari
929 652 1167 732 uadit3
1211 652 1389 720 unde
1436 654 1639 720 etiam
1668 676 1803 723 non
1833 652 2235 744 oppidulum
2256 704 2278 733 ,

56 768 177 838 aed
225 772 600 838 civitatem
644 768 929 858 Regium
974 766 1177 836 fuisse
1207 768 1739 858 deprehenditur.
1782 770 1932 838 Nec
1961 769 2279 837 dubitan-

56 885 235 952 dum
286 900 396 952 est
444 882 742 953 Probum
787 886 858 950 in
904 895 1169 953 vetusto
1194 908 1539 956 ‚marmore
1591 884 1710 964 illa
1759 885 1963 954 verba
2013 885 2276 977 legisse,

58 1026 250 1093 quae
296 1004 361 1068 ai
406 999 657 1068 nullibi
701 1001 1114 1086 extitissent,
1141 999 1294 1067 illas
1324 1013 1515 1069 notas
1545 1014 1786 1068 temere
1811 1005 2290 1092 interpretatus

63 1142 215 1188 non
247 1129 454 1185 esset.
487 1118 661 1184 Hinc
691 1115 932 1184 Blondi
959 1116 1027 1181 (¹)
1054 1119 1228 1185 error
1255 1116 1786 1208 deprehenditur,
1812 1121 1933 1207 qui
1960 1141 2001 1184 a
2034 1118 2284 1207 Lepido

72 1234 480 1302 Triumviro
554 1234 919 1322 posteriore
987 1213 1208 1299 aetate
1273 1233 1558 1323 Regium
1636 1212 2018 1302 restitutum
2085 1231 2288 1302 fuisso

74 1349 381 1418 absurde
431 1329 743 1418 affirmat.
793 1347 1178 1438 Antequam
1209 1351 1386 1416 enim
1416 1349 1707 1439 Lepidus
1736 1348 2072 1416 Triumvir
2099 1363 2290 1432 esset,

72 1467 219 1552 jam
266 1466 564 1556 Regium
605 1467 844 1536 urbem
888 1478 1186 1534 nostram
1227 1469 1483 1533 stetisse
1527 1466 1611 1532 ad
1654 1465 1736 1532 C.
1783 1465 2089 1534 Cassium
2137 1468 2291 1533 scri-

78 1582 249 1650 bens
298 1582 541 1650 Cicero
575 1583 643 1646 (⁸)
687 1578 1114 1648 manifestum
1168 1573 1365 1661 facit,
1408 1582 1528 1670 qui
1582 1586 1842 1671 praeter
1889 1579 2293 1664 Bononiam,
2361 1624 2367 1630 -

84 1699 389 1790 Regium
432 1698 707 1791 Lepidi,
747 1699 1094 1782 Parmam,
1126 1710 1338 1766 totam
1384 1697 1682 1765 Galliam
1730 1690 2296 1788 studiosam'Bei-

84 1814 297 1905 publ.
342 1812 536 1882 fuisse
576 1829 929 1882 memorat.
972 1816 1065 1881 D.
1110 1837 1378 1905 quoque
1422 1814 1637 1896 Bruti,
1682 1814 1871 1900 ejus,.
1896 1821 2015 1904 qui
2059 1815 2142 1882 C.
2171 1815 2295 1892 Ju-

87 1929 273 1998 lium
320 1929 667 1999 Caesarem
710 1927 1080 2011 interfecit,
1127 1928 1403 2019 epistola
1448 1929 1604 1996 data
1634 1929 1841 2019 Regio
1871 1929 2139 2028 Lepidi,
2174 1930 2295 1997 uhi

86 2059 311 2116 eastra
344 2047 667 2129 habebat,
696 2050 1022 2139 reperitur
1049 2047 1268 2122 hodie.
1300 2049 1557 2131 Quare,
1583 2050 1752 2137 quin
1783 2058 1940 2115 ante
1970 2050 2294 2138 insignem

90 2161 293 2230 illum
339 2162 876 2232 Triumviratum
930 2162 1093 2231 urbs
1143 2173 1367 2231 nostra
1419 2165 1726 2230 restituta
1768 2161 1971 2231 fuerit
2010 2187 2146 2232 non
2192 2175 2298 2231 est
2347 2179 2360 2188 ·

93 2279 586 2347 dubitandum.
630 2279 868 2348 Alium
922 2281 1126 2347 etiam
1179 2267 1277 2350 Μ.
1323 2276 1673 2346 AEmilium
1725 2279 2094 2370 Lepidum,
2147 2291 2302 2369 post

98 2395 365 2486 aliquot
392 2419 645 2476 annos,
672 2419 879 2487 quam
910 2399 967 2464 is
983 2445 1003 2477 ,
1032 2398 1221 2464 cuius
1264 2418 1466 2485 supra
1510 2398 1818 2477 memini,
1847 2393 2299 2484 Consul-fuit:

98 2510 401 2580 Galliam
433 2511 844 2602 Cisalpinam
878 2512 1237 2582 Consulem
1267 2515 1574 2581 sortitum
1603 2510 1808 2580 fuisse
1841 2512 2020 2602 apud
2049 2513 2302 2602 Appia·

100 2651 268 2695 num
299 2627 367 2694 (3)
410 2627 703 2719 legitur3
747 2628 865 2696 sed
909 2629 1149 2706 urbem
1200 2642 1496 2697 nostram
1550 2629 1638 2696 ab
1687 2628 1810 2697 illo
1861 2617 2304 2697 instauratam
2402 2718 2410 2726 υ

102 2740 339 2826 fuisse,
366 2756 449 2812 ut
478 2747 865 2835 opinemur,
897 2744 1087 2812 nulla
1116 2769 1237 2813 nos
1266 2769 1530 2814 movere
1561 2747 1730 2813 ratio
1773 2756 2013 2835 potest.
2061 2746 2300 2812 Annus

106 2860 309 2948 igitur
338 2859 427 2927 ab
451 2860 620 2928 urbe
648 2859 919 2928 condita
960 2882 1239 2927 ncnxvn
1284 2874 1353 2928 et
1396 2872 1553 2930 ante
1597 2858 1883 2927 salutem
1927 2860 2300 2930 humanam

109 2978 505 3044 centesimus
565 2980 1011 3066 octogesimus
1070 2989 1351 3068 quartus
1416 2975 1552 3043 fuit
1575 3027 1595 3057 ,
1652 3000 1792 3066 quo
1850 2976 1947 3044 Μ.
1993 2973 2305 3043 AEmilius

58 3065 79 3085 ’
108 3089 430 3181 Lepidus,
458 3113 658 3182 quem
686 3115 885 3183 supra
912 3116 1074 3159 cum
1097 3092 1179 3160 Ο.
1212 3094 1530 3176 Quinctio
1574 3090 1903 3161 Flaminio
1933 3090 2301 3160 Consulem

110 3203 313 3273 fuine
340 3206 508 3288 dixi,
536 3207 900 3277 Civitatem
946 3220 1240 3277 nostram
1285 3231 1326 3275 a
1370 3230 1440 3274 se
1471 3205 1811 3274 AEmiliam
1842 3218 2156 3275 vocatam
2199 3208 2301 3273 in·

108 3323 536 3392 stauravitst).
557 3322 756 3391 Unde
784 3326 988 3391 etiam
1020 3329 1093 3392 in
1129 3327 1294 3392 aeris
1317 3325 1589 3414 bigatis,
1612 3328 1732 3414 qui
1763 3324 2007 3391 abhinc
2036 3335 2307 3389 centum

108 3439 295 3504 annis
337 3437 794 3520 cudebantur,
840 3439 1059 3506 adhuc
1103 3430 1426 3528 scriptum
1480 3437 1723 3529 legitur
1741 3489 1760 3519 ,
1803 3440 2098 3528 Regium
2150 3440 2307 3505 olim

108 3553 421 3640 AEmilia;
448 3554 637 3646 quod
666 3579 939 3636 nomen,
969 3559 1431 3648 antiquissimo
1476 3560 1757 3637 ret‘ento,
1791 3555 2155 3646 paullatim
2183 3552 2315 3621 fre-

110 3677 420 3759 quentari
451 3671 674 3740 desiit.
721 3671 1102 3741 Eumeliam
1134 3696 1288 3743 vero
1318 3647 1501 3765 {luod
1532 3672 1923 3742 bellicosum
1963 3669 2311 3764 significat,

183 3883 266 3954 (ι)
300 3885 422 3937 Lib.
462 3902 510 3950 ι,
544 3902 646 3953 reg.
680 3904 727 3956 7.

183 3977 267 4045 (a)
297 3977 467 4047 Epist.
500 3977 686 4030 Famil.
718 3979 809 4030 lib.
851 3995 926 4046 ιο,
960 3979 1109 4048 epist.
1143 3981 1191 4032 5.

183 4068 267 4138 (3)
296 4069 417 4122 Lib.
457 4087 482 4123 ι
520 4070 586 4123 do
618 4070 716 4123 bel.
749 4071 847 4124 civ.
953 4131 966 4143 ·

188 4160 270 4229 (ἦ)
300 4160 448 4218 Cau·
482 4162 790 4217 Gentianus
823 4163 1105 4223 Modicum.
1138 4163 1229 4242 lib.
1268 4182 1311 4218 r.
