2950 5017
707 376 833 469 196
1442 393 1677 443 naam
1720 392 2136 440 ateramum

693 538 917 585 semen
961 513 1463 606 relinqueretur,
1509 517 1714 584 etiam
1758 513 2064 582 mulieres
2092 509 2447 581 Gallorum
2492 533 2882 602 compressu

692 643 1119 722 praegnantes
1176 627 1522 696 crudeliter
1572 628 1992 718 jugularunt.
2047 629 2240 696 Petro
2290 650 2446 696 vero
2505 628 2883 717 Aragonio‚

693 751 813 838 qui
855 746 1157 816 facinoris
1199 747 1495 814 conscius
1539 748 1611 812 in
1657 746 1958 813 Sardinia
2000 743 2377 812 Siculorum
2421 742 2876 813 defectionem

691 862 1122 952 expectabat,
1167 859 1449 927 insulam
1518 882 1673 925 cum
1742 862 1926 949 regni
1985 858 2186 927 titulo
2240 863 2711 927 commiserant
2751 858 2870 926 (¹).

691 977 918 1044 Cladis
983 977 1225 1043 nuncio
1270 977 1338 1040 in
1383 971 1680 1040 Galliam
1748 977 1945 1042 misso
2011 998 2129 1041 rex
2195 972 2541 1063 Philippus
2587 975 2863 1041 Petrum

690 1088 960 1157 fratrem
1020 1113 1172 1156 cum
1240 1090 1533 1154 exercitu
1578 1086 1820 1155 Garolo
1867 1087 2158 1158 subsidio
2203 1086 2509 1155 futurum
2554 1090 2627 1155 in
2679 1087 2868 1156 Ca'm-

687 1205 976 1296 paniam'
1002 1207 1205 1284 misit,
1236 1207 1353 1292 qui
1384 1204 1668 1292 Regium
1712 1205 2031 1294 ingressus
2062 1206 2247 1274 omni
2277 1201 2493 1273 officio
2521 1217 2590 1270 et
2620 1203 2862 1272 honore

686 1331 1064 1411 susceptus,
1130 1332 1357 1409 postea
1417 1318 1778 1409 Neapolim
1844 1319 2220 1388 contendit.
2285 1318 2647 1387 Mediolani
2719 1343 2865 1389 vero

686 1459 882 1526 opera
927 1435 1189 1502 Alberti
1235 1434 1450 1515 Scoti‚
1495 1437 1615 1525 qui
1661 1434 2035 1516 Vercellas,
2078 1434 2436 1503 Novariam
2455 1486 2476 1516 ,
2521 1435 2867 1516 Ticinum,

684 1551 988 1621 Laudem
1034 1551 1421 1641 Pompeiam
1467 1564 1535 1617 et
1578 1550 1988 1619 Placentiam
2043 1564 2433 1641 occuparat,
2480 1552 2709 1638 ejectis
2752 1552 2871 1621 Vi-

685 1667 1150 1747 cecomitibus,
1195 1667 1671 1755 Turrianisque
1721 1670 2032 1756 receptis,
2076 1669 2231 1737 novi
2303 1679 2525 1734 motus
2593 1669 2867 1734 excitati

684 1780 894 1850 fuere.
926 1782 1229 1849 Tandem
1260 1781 1646 1851 Matthaeus
1674 1782 2169 1851 vicecomitum
2214 1785 2518 1873 princeps
2564 1783 2650 1849 ad
2696 1785 2868 1850 Hen-

682 1899 900 1964 ricum
943 1900 1015 1963 in
1060 1896 1489 1965 Germaniam
1533 1897 1867 1987 profectus
1912 1902 1979 1966 in
2027 1901 2308 1991 patriam
2353 1900 2644 1965 reditum
2696 1900 2866 1967 obti-

684 2016 870 2080 nuit:
917 2037 1072 2080 cum
1119 2017 1316 2080 enim·
1340 2007 1650 2084 coronam
1695 2014 1779 2081 de
1834 2039 2016 2083 more
2072 2027 2456 2105 accepturus
2500 2039 2581 2110 eq
2625 2014 2865 2082 Caesar

682 2130 1001 2210 venisset,
1044 2133 1278 2195 statuit
1342 2140 1424 2198 ut
1488 2142 1773 2220 utraque
1815 2129 2021 2200 factio
2073 2136 2144 2199 iu
2207 2134 2483 2199 civitate
2548 2135 2861 2220 pristinae

684 2243 977 2312 libertati
1023 2249 1330 2312 restituta
1373 2269 1584 2337 aequo
1625 2247 1769 2332 jure
1798 2250 2073 2316 viveret.
2125 2248 2255 2315 Sed
2298 2251 2367 2314 in
2414 2247 2586 2314 urbe
2632 2252 2863 2316 atrocis

683 2361 811 2427 orti
863 2357 1198 2427 tumultus
1242 2359 1579 2447 Turriani
1622 2374 1916 2429 auctores
1983 2359 2185 2443 facti,
2231 2376 2299 2429 et
2345 2362 2727 2428 Matthaeus
2789 2366 2859 2428 in

682 2477 896 2566 priore
942 2474 1367 2544 confirmatus
1427 2489 1530 2544 est
1598 2481 1998 2568 principatu.
2067 2479 2169 2548 Eo
2233 2482 2471 2548 nuntio
2539 2483 2863 2547 exterritis

682 2590 1011 2681 Guelphis
1042 2592 1260 2682 plures
1290 2593 1553 2688 Galliae
1583 2595 1937 2684 cisalpinae
1976 2595 2204 2685 populi
2238 2596 2495 2663 auxilia
2522 2596 2865 2663 Turrianis

682 2710 1039 2776 miserunt.
1083 2709 1262 2778 Inter
1307 2709 1470 2778 alios
1516 2710 1920 2793 Placentini,
1965 2713 2342 2779 Parmenses
2365 2763 2384 2792 ,
2427 2713 2740 2798 Brixiani,
2784 2725 2862 2778 et

682 2822 1027 2914 Regienses
1070 2826 1196 2892 sub
1241 2825 1535 2896 Gerar-do
1575 2828 1855 2914 Bojardo
1905 2829 2082 2895 urbis
2126 2827 2465 2895 Praefecto
2515 2852 2664 2894 cum
2709 2831 2864 2894 uni-

682 2962 873 3009 verso
939 2945 1280 3031 equitatu,
1324 2955 1394 3009 et
1461 2948 1786 3012 sexcentis
1848 2944 2176 3034 peditibus
2212 2947 2334 3011 'eis
2399 2944 2775 3024 affuerunt3
2823 2969 2862 3012 a

680 3051 1155 3145 Gulielmoque
1197 3056 1668 3126 Montisferrati
1732 3037 2113 3128 Marchione
2134 3110 2153 3139 ,
2207 3059 2429 3127 Leone
2448 3110 2469 3138 ,
2515 3059 2695 3149 quod
2760 3072 2857 3126 est

678 3169 1224 3238 Cremonensium
1278 3174 1595 3262 oppidum
1616 3224 1636 3255 ‚
1687 3176 1976 3244 obsessos
2021 3178 2270 3242 virtute
2324 3175 2572 3242 bellica
2633 3176 2860 3242 libera-

675 3298 867 3352 runt.
913 3286 1172 3352 Deinde
1217 3291 1504 3357 comitiis
1546 3290 1912 3358 Cremonae
1965 3290 2243 3371 habitis,
2288 3291 2707 3371 Parmenses,
2746 3295 2858 3380 qui

567 3443 576 3452 -
679 3412 847 3468 tunc
892 3405 1103 3491 primo
1147 3410 1441 3473 semestri
1468 3406 1788 3483 Joannem
1821 3408 2152 3475 Taculum
2196 3405 2621 3475 Praefectum
2665 3410 2859 3475 habe-

677 3516 871 3604 bant,
915 3517 1297 3608 Regienses‚
1325 3521 1737 3605 Placentini,
1764 3523 2199 3602 Mutinenses,
2231 3522 2701 3606 Bononienses,
2729 3525 2859 3590 Bri-

675 3634 893 3714 xiam,
939 3648 1006 3702 et
1051 3636 1487 3706 Ferrarienses
1530 3636 1761 3708 foedus
1827 3640 1954 3706 hac
2017 3640 2392 3707 conditione
2459 3640 2856 3726 junxerunt,

676 3760 757 3814 ut
800 3772 1150 3819 commune
1218 3754 1620 3844 stipendium
1681 3754 2006 3824 militibus
2057 3755 2447 3824 solvendum
2492 3757 2857 3826 Cremonae

676 3862 1130 3954 deponeretur.
1178 3870 1429 3941 Rursus
1475 3896 1631 3940 eum
1677 3873 1905 3941 Bosius
1947 3875 2193 3942 Doaria
2261 3873 2731 3944 Caesarianae·
2771 3872 2862 3941 fa-

745 4129 829 4200 (ι)
861 4129 991 4185 Plat.
1024 4132 1080 4186 in
1118 4134 1352 4189 Martino
1384 4135 1483 4189 IV.
