2950 5017
680 408 816 492 ²4²
1424 422 1660 469 amun
1701 422 2119 469 nncrmsnm

677 546 985 616 mendam
1027 544 1340 632 injuriam
1387 547 1734 612 miserunt.
1765 543 2077 613 Orevaria
2104 555 2305 633 capta
2334 546 2506 632 ipoe,
2537 541 2880 609 Albertini

674 663 979 732 Canussii
1008 685 1227 753 opera,
1256 659 1613 729 incolumis
1654 673 1954 729 servatus
1996 671 2117 728 est.
2163 658 2298 726 Sed
2329 683 2491 726 cum
2524 657 2731 727 fluxa
2758 656 2880 726 fide

675 780 984 849 adversus
1039 789 1236 870 pacta
1302 800 1523 844 rursus
1566 775 1953 846 Grevariam
2023 778 2403 857 invasisset,
2469 799 2552 842 ac
2630 777 2882 865 patriae

668 896 931 965 bellum
981 891 1289 975 inferret,
1334 892 1687 983 Regienscs
1735 916 1895 961 cum
1945 895 2344 982 octingentis
2390 893 2755 983 equitibus
2815 904 2879 958 et

667 1034 789 1080 sex
830 1008 1213 1100 catapultis,
1244 1031 1324 1076 ac
1353 1011 1712 1078 contractis
1760 1010 1934 1077 circa
1963 1008 2247 1077 Niceam
2276 1006 2528 1075 flumen
2559 1008 2879 1074 Parmen-

667 1130 841 1196 sium
885 1128 1149 1194 rusticis
1191 1125 1278 1192 ad
1320 1125 1846 1217 expugnandum
1891 1124 2248 1193 castellum
2316 1127 2570 1215 ingenti
2644 1123 2870 1190 ardore

668 1254 1130 1312 revertuntur:
1198 1241 1382 1333 quod
1448 1245 1632 1311 omni
1699 1241 2049 1309 deficiente
2118 1254 2425 1310 comeatu
2445 1292 2464 1321 ,
2536 1239 2873 1307 Alhertini

668 1361 975 1430 Canussii
994 1412 1014 1442 ‚
1057 1372 1127 1428 et
1166 1360 1630 1429 Parmensium
1691 1383 1928 1450 opera,
1971 1371 2168 1450 pacta
2235 1360 2589 1427 hominum
2665 1357 2876 1425 salute

661 1479 911 1546 iterum
955 1489 1338 1568 receptum,
1395 1490 1467 1544 et
1532 1477 1671 1546 solo
1737 1488 2108 1567 aequatum
2152 1474 2312 1542 fuit.
2358 1476 2465 1541 Ibi
2510 1474 2747 1565 plures
2791 1472 2871 1542 oh

665 1595 705 1671 J
708 1593 899 1662 acobi
943 1591 1287 1683 perfidiam
1333 1606 1563 1663 contra
1594 1594 1823 1661 datam
1853 1591 2053 1660 fidem
2099 1595 2297 1661 occisi
2345 1614 2478 1658 esse
2526 1591 2868 1657 dicuntur.

666 1711 978 1778 Paludini
1031 1723 1256 1779 tamen
1314 1714 1665 1803 proscripti
1708 1709 1926 1778 fuere.
1973 1711 2084 1777 Ab
2128 1710 2257 1777 hac
2301 1709 2736 1799 expeditione
2778 1732 2871 1774 re-

668 1832 838 1897 versi
882 1828 1271 1920 Regienses,
1315 1852 1493 1899 novo
1560 1832 1951 1896 imminente
2020 1826 2206 1897 bello
2227 1878 2247 1909 ,
2291 1827 2374 1893 ad
2429 1825 2871 1893 retundendas

667 1940 1162 2011 Gibellinorum
1193 1947 1361 2011 vires
1393 1954 1776 2012 evocantur.
1820 1943 2138 2010 Gibertus
2170 1944 2351 2011 enim
2385 1941 2672 2010 Roberti
2704 1942 2864 2031 regis

668 2058 1049 2127 Praefectus
1067 2111 1088 2141 ,
1154 2083 1360 2150 quem
1424 2059 1890 2128 Mariscalcum
1957 2062 2328 2142 vocabant,
2395 2059 2737 2151 quaedam
2801 2061 2864 2124 in

668 2176 1071 2244 Placentinis
1115 2176 1267 2245 loca
1309 2190 1774 2268 occupaverat,
1820 2201 1899 2245 ac
1944 2191 2026 2246 ut
2072 2180 2284 2245 auctis
2316 2178 2570 2245 viribus
2600 2161 2866 2244 facilius

670 2293 1111 2361 vicecomites
1155 2306 1594 2384 oppugnaret,
1638 2296 1967 2364 sociorum
2013 2295 2269 2362 auxilia
2301 2297 2525 2385 petiit,
2557 2294 2861 2362 Alberto-

669 2433 805 2500 que
848 2409 1168 2479 Canussio
1196 2410 1472 2478 Parmae
1503 2407 1851 2514 Praefecto
1898 2412 2154 2492 relicto,
2197 2434 2355 2478 cum
2401 2411 2860 2477 Parmensium

667 2530 905 2616 copiis,
934 2538 1002 2593 et
1031 2527 1465 2618 Regiensium
1511 2528 1956 2619 cataphractis
2001 2527 2217 2595 multa
2263 2528 2572 2596 hostibus
2616 2527 2856 2594 damna

669 2643 937 2723 intulit,
978 2643 1183 2713 donec
1212 2668 1254 2711 a
1282 2644 1687 2714 Placentinis
1733 2645 2033 2735 repulsus
2079 2645 2383 2711 recedere
2428 2656 2704 2711 coactus
2750 2653 2860 2708 est.

672 2757 780 2824 Ad
845 2757 1064 2848 plures
1108 2782 1261 2829 vero
1307 2761 1649 2830 obeundas
1713 2762 2164 2851 expeditiones
2231 2782 2393 2825 cum
2462 2756 2866 2848 reipublicae

671 2888 931 2943 nostrae
981 2878 1149 2944 vires
1216 2901 1352 2946 non
1420 2876 1792 2945 sufficerent
1813 2929 1832 2957 ,
1879 2889 2134 2968 praeter
2185 2898 2328 2957 eos,
2374 2877 2498 2965 qui
2564 2877 2634 2941 in
2700 2873 2862 2939 urbe

673 2989 1052 3071 merebant,
1098 2990 1213 3059 alii
1257 3004 1533 3060 centum
1579 2993 1856 3082 publico
1899 2991 2222 3081 stipendio
2267 2990 2352 3057 ad
2399 2990 2585 3057 urbis
2628 2989 2863 3081 praesi-

672 3104 863 3172 dium
907 3106 1155 3174 milites
1197 3109 1526 3200 conducti⁴
1553 3106 1760 3176 fuere.
1806 3107 2068 3175 Exinde
2113 3130 2336 3174 mense
2366 3107 2655 3175 octobris
2684 3107 2857 3173 urbis

672 3218 881 3289 fossae
926 3246 967 3288 a
1010 3222 1207 3290 Porta
1249 3222 1484 3291 Sancti
1531 3223 1856 3313 Stephani
1919 3248 2131 3315 usque
2187 3225 2275 3290 ad·
2316 3224 2588 3291 Portam
2635 3221 2858 3290 Sancti

670 3334 939 3402 Nazarii
981 3347 1141 3404 sunt
1187 3349 1590 3405 excavatae:
1639 3337 1968 3425 postridie·
1995 3362 2202 3429 quam
2269 3362 2438 3428 opus
2507 3336 2655 3404 fieri
2727 3316 2859 3406 coe-

671 3461 870 3540 ptum
913 3462 1041 3532 est,
1070 3474 1228 3519 cum
1259 3452 1527 3519 Abbate
1571 3453 1732 3521 Divi
1776 3453 2074 3545 Prosperi
2117 3455 2411 3522 Antistes
2453 3452 2856 3531 solemniter,

672 3567 1150 3647 comitantibus
1185 3570 1486 3636 omnium
1510 3566 1838 3637 Ordinum
1871 3570 2206 3661 religiosis,
2227 3583 2295 3636 et
2323 3569 2657 3651 sacrifici3‚
2688 3569 2858 3660 operi
2922 3640 2923 3655 χ

668 3681 841 3750 bene
886 3694 1189 3772 precatus
1233 3706 1371 3751 esse
1415 3684 1682 3753 dicitur.
1732 3685 1906 3756 Octo
1952 3688 2135 3769 urbis
2166 3687 2396 3754 Portas
2441 3709 2520 3755 eo
2568 3699 2857 3776 tempore
2922 3664 2923 3675 ἵ

668 3794 872 3864 fuisse
931 3800 1242 3879 inveni03
1296 3801 1584 3889 primam
1630 3799 1859 3869 Sancti
1905 3800 2266 3891 Stephani,
2308 3799 2589 3867 alteram
2633 3799 2858 3867 Sancti

668 3908 921 3994 Cosmi,
967 3928 1038 3980 et
1083 3918 1345 3999 tertiam
1388 3915 1620 3986 Sancti
1651 3917 1943 4000 Nazarii‚
1989 3918 2107 3984 ubi
2152 3929 2379 4008 postea
2425 3941 2547 3984 arx
2590 3916 2849 3985 condita

667 4023 840 4094 fuit:
887 4029 1005 4097 has
1049 4030 1541 4123 sequebantur,
1585 4057 1758 4124 quae
1803 4033 2090 4101 Sanctae
2134 4033 2401 4114 Crucis,
2446 4032 2609 4099 Divi
2653 4031 2851 4111 Petri,

667 4142 897 4215 Pontis
942 4148 1205 4221 Livonii
1223 4201 1245 4235 ‚
1290 4160 1362 4220 et
1405 4174 1581 4245 quae
1624 4175 1806 4222 nunc
1847 4150 2122 4220 castelli
2168 4164 2479 4221 vocatur:
2526 4161 2847 4242 postrema
