2950 5017
742 455 872 523 31⁴2
1237 477 1241 482 ’
1476 470 1714 517 uranu
1756 469 2169 519 uncinusnm
2654 505 2701 528 s

736 592 925 660 dium
961 598 1184 659 vocat.
1226 587 1485 658 Horum
1550 591 1755 680 copiis
1813 613 1899 658 ex
1957 602 2260 681 ternpore
2334 573 2688 680 patefacta
2739 605 2868 682 porta

737 727 1086 794 erumpens
1148 709 1388 794 magno
1453 706 1711 795 impetu
1753 703 2020 773 vallum.
2058 705 2399 774 adoritur.
2463 705 2602 788 Qui
2644 706 2710 773 in
2747 729 2870 795 prae·

737 820 903 889 sidio
943 830 1152 886 ·erant
1208 819 1629 909 inopinanter
1691 822 1970 910 oppressi
2040 820 2130 887 ad
2195 819 2531 887 hostium
2590 818 2870 888 clamorem

739 934 974 1025 trepidi
1016 933 1154 1002 tela
1193 956 1450 1024 capere,
1486 933 1599 1000 alii
1645 936 1820 1001 intra
1865 946 2227 1003 castrorum
2277 955 2515 1003 vacua
2559 935 2769 1023 pavidi
2799 960 2869 1002 ex·

736 1075 991 1121 currere
1005 1101 1025 1131 ,
1069 1051 1267 1140 pauci
1308 1048 1697 1119 confirmato
1741 1053 1967 1119 animo
2027 1061 2148 1140 pro
2213 1050 2590 1140 aggeribus
2631 1071 2697 1117 se
2733 1073 2868 1140 oppo-

735 1190 946 1235 suere.
990 1165 1240 1235 Contra
1280 1189 1519 1257 urgens
1561 1164 1899 1236 Feltrinus
1943 1170 2193 1235 virtute
2241 1165 2521 1234 bellica
2581 1188 2867 1257 propugna-

738 1282 989 1351 toribus
1030 1275 1326 1368 dejectis,
1371 1283 1738 1370 ceterisque
1780 1280 1958 1348 male
2003 1280 2387 1363 mulctatis,
2436 1279 2691 1350 vallum
2727 1278 2864 1347 facile

736 1400 1062 1469 obtinuit.
1129 1397 1355 1466 Guido
1418 1395 1774 1467 Folleanus
1846 1421 2090 1488 magno
2167 1397 2518 1490 stipendio
2600 1397 2867 1482 Barnabae

735 1518 941 1607 copiis
984 1512 1360 1583 Praefectus
1405 1538 1486 1584 eo
1527 1513 1893 1585 infortunio
1939 1514 2285 1606 perculsus
2362 1538 2529 1582 cum
2596 1514 2864 1603 cataphra-

738 1634 889 1713 ctis,
919 1633 1036 1721 qui
1064 1641 1463 1721 perpetuum
1507 1630 1912 1721 stipendium
1956 1610 2368 1722 capiebant,
2405 1630 2494 1696 ad
2524 1627 2863 1696 Florentiam

737 1744 1110 1837 transfugit.
1156 1748 1348 1814 Hanc
1367 1783 1376 1791 ·
1394 1739 1618 1813 tamen
1664 1746 1922 1814 cladem
1938 1796 1958 1829 ‚
1989 1745 2302 1815 hostibus
2353 1746 2445 1812 ad
2489 1743 2862 1811 Mirandulam

643 1877 648 1884 “
736 1863 939 1951 paulo
969 1874 1118 1952 post
1147 1860 1334 1942 fusis,
1364 1861 1698 1929 Barnabas
1741 1884 1914 1929 nova
1957 1865 2212 1951 potitus
2248 1853 2542 1928 victoria
2571 1858 2855 1926 resarcivit.

736 1978 1059 2045 Nicolaus
1123 2001 1277 2047 vero
1343 1978 1689 2045 Atestinus
1753 1974 2125 2066 proferendi
2192 1978 2508 2067 imperii,
2560 1975 2859 2059 veterisque

734 2094 1040 2178 injuriae,
1071 2115 1277 2182 quam
1318 2116 1358 2159 a
1402 2093 1731 2182 Gonzagis
1774 2108 2136 2184 acceperat,
2166 2091 2611 2162 vindicandae
2645 2086 2854 2177 cupidus

734 2232 892 2273 cum
935 2206 1246 2276 Gabriele
1288 2206 1661 2276 Cavasacco
1707 2208 2010 2297 Regiensi
2061 2211 2356 2298 pecunia
2420 2214 2741 2295 corrupto,
2775 2200 2854 2289 qui

735 2348 777 2389 a
820 2321 1394 2396 secretis,Feltrini
1454 2334 1628 2402 erat,
1670 2335 1872 2414 atque
1919 2324 2265 2414 Sylvatico
2322 2322 2607 2409 Bojardo
2662 2316 2852 2402 Philip-

734 2461 952 2527 poque
1012 2438 1301 2506 Roberto
1361 2437 1538 2504 clam
1602 2437 1686 2505 de
1754 2440 2225 2529 intercipiendo
2297 2463 2418 2529 per
2486 2434 2847 2526 proditionem

731 2554 939 2642 Regio
987 2558 1316 2621 tractavit.
1362 2552 1690 2621 Saxolum
1757 2578 1838 2639 eo
1905 2553 2073 2621 forte
2144 2567 2449 2644 tempore
2494 2552 2580 2618 ab
2619 2572 2689 2615 eo
2725 2540 2851 2609 defe-

735 2677 936 2736 ce'rat.
982 2671 1200 2752 Quare
1242 2671 1417 2738 hanc
1464 2670 1728 2759 tegendi
1770 2670 2029 2737 consilii
2073 2673 2493 2739 occasionem
2543 2675 2771 2739 nactus,
2803 2679 2848 2722 se

735 2786 820 2850 ad
865 2785 1381 2874 oppugnandum
1428 2787 1781 2874 oppidum,
1815 2762 2081 2874 quasin
2112 2784 2510 2874 G-onzagum
2551 2771 2850 2847 instruebat

735 2904 995 2989 copias,
1038 2924 1264 2989 parare
1307 2898 1539 2980 finxit,
1583 2924 1662 2966 ac
1706 2901 2008 2966 Lucium·
2045 2900 2356 2967 Landum
2419 2923 2461 2964 a
2516 2887 2760 2962 Lodello
2798 2886 2846 2947 in

734 3014 1092 3081 Germania
1134 3015 1504 3118 Comitenl,
1547 3017 1667 3104 qui
1711 3039 1753 3080 a
1796 3011 2142 3083 foederatis
2192 3018 2261 3081 in
2308 3012 2574 3081 Italiam
2626 3004 2845 3074 accitus,

737 3130 1275 3198 Florentinoru'm
1345 3133 1552 3220 copiis
1617 3129 1823 3220 paulo
1892 3131 2046 3197 ante
2111 3129 2484 3220 praefuerat
2503 3177 2523 3207 ,
2583 3129 2749 3212 pacto
2794 3115 2843 3176 in

731 3236 981 3332 vigenti
1040 3243 1186 3318 ,dies
1251 3244 1483 3311 decem
1551 3244 1843 3311 millium
1905 3245 2300 3313 florenorum
2345 3238 2684 3331 stipendio,
2716 3246 2837 3315 ‚cum

736 3355 1009 3426 delectis
1037 3362 1414 3449 quingentis
1457 3361 1796 3448 equitibus
1843 3361 1925 3427 ad
1974 3360 2324 3442 Saxolutn,
2352 3356 2530 3450 quod
2558 3348 2839 3419 defecerat,

734 3473 1167 3542 obsidendum
1186 3525 1205 3554 ,
1248 3498 1317 3540 se
1361 3474 1722 3543 conducere
1766 3476 2098 3566 divulgat.
2145 3478 2392 3542 Fuerat
2435 3471 2663 3539 Lucius
2704 3474 2833 3523 unus

732 3573 831 3659 ex·
860 3603 1183 3681 quatuor,
1226 3594 1346 3680 qui
1389 3595 1737 3666 assecretis
1781 3593 2070 3672 Morialis
2123 3602 2476 3670 steterant,
2520 3610 2592 3652 ac
2629 3580 2831 3644 demum

733 3706 878 3791 ejus
944 3705 1242 3774 militum
1300 3710 1610 3796 magister
1654 3706 1821 3776 fuit.
1883 3686 2178 3775 Morialis
2248 3720 2470 3774 autem
2536 3721 2613 3766 ex
2667 3684 2830 3757 ⁰¹ffi¹¹⁶

675 3837 678 3840 “
736 3822 896 3889 Divi
939 3822 1205 3897 Joannis
1266 3845 1465 3912 eques
1507 3822 1809 3892 Rhodius
1856 3825 1996 3891 -sub
2043 3821 2532 3913 Vicepraefecto
2576 3807 2827 3878 militm&

732 3934 1035 4014 rat;·ssd
1067 3937 1238 4005 'cum
1282 3938 1371 4006 ob
1429 3940 1722 4031 inopiam
1792 3938 1881 4005 ab
1949 3964 2028 4007 eo
2096 3941 2398 4006 sustineri
2459 3953 2582 4001 non
2637 3920 2828 4012 p0⁸⁸0t²

736 4048 1069 4119 discedens
1085 4102 1106 4133 ,
1149 4051 1355 4120 literis
1396 4053 1677 4122 dimissis
1731 4054 2028 4144 undique
2086 4052 2558 4122 factiosissimos
2595 4042 2822 4128 q¹10⁵q¹¹⁶

733 4164 1088 4258 collegerat
1103 4220 1152 4251 ,,
1200 4168 1446 4262 quibus
1520 4169 1863 4272 alimenta'
1901 4181 1971 4238 et
2036 4173 2381 4261 pecuniam
2444 4144 2818 4256 promittebat·
