2950 5017
700 421 784 490 88
1405 437 1639 484 aarum
1681 435 2093 483 ancmnsmm

695 556 996 647 politano
1038 554 1315 642 imperio
1358 576 1575 621 rursus
1627 554 1906 640 subjecti
1962 552 2239 621 fuimus.
2285 550 2627 621 Defuncto
2674 552 2903 631 Iusti·-

696 675 917 750 niano,
962 670 1309 758 imperium
1373 669 1645 759 adeptus
1688 670 1725 747 J
1731 673 1983 737 ustinus
2048 667 2225 736 filins
2285 666 2575 757 Sophiae
2641 674 2890 737 uxoris

698 784 969 853 consilio
1012 782 1361 849 Narsetem
1405 808 1537 852 non
1598 785 1735 850 sine
1798 784 2038 870 injuria
2081 782 2756 873 Constantinopolim·
2784 808 2892 849 re-

695 900 994 967 vocavit.
1039 897 1487 965 Cunctantem
1542 920 1907 978 eunucum,
1965 897 2144 987 quod
2196 900 2481 986 primum
2538 898 2885 964 mandatis

576 1043 580 1050 ·
696 1037 828 1080 non
875 1014 1212 1101 paruisset,
1258 1016 1455 1079 etiam
1500 1016 1569 1079 in
1614 1035 2017 1101 gynaeceum
2048 1012 2131 1079 ad
2161 1010 2525 1079 lanificium
2552 1035 2882 1078 exercen-

695 1128 859 1193 dum
903 1149 971 1192 se
1014 1125 1505 1214 compulsuram
1549 1150 1794 1216 procax
1836 1125 2083 1194 femina
2128 1130 2504 1216 importune
2548 1140 2652 1193 est
2692 1149 2877 1193 com-

694 1245 972 1309 minata.
1019 1243 1113 1309 At
1157 1241 1272 1308 ille
1323 1245 1590 1311 nuntios
1639 1243 1906 1331 quando
1950 1241 2253 1332 quidem,
2294 1243 2557 1330 inquit,
2598 1239 2876 1308 lanificii

692 1380 841 1426 sum
886 1361 1179 1446 optimus
1231 1355 1511 1438 artifex,
1557 1358 1761 1425 telam
1818 1358 1905 1424 ab
1949 1358 2249 1447 Augusta
2300 1380 2647 1445 nunqnam
2703 1370 2875 1427 rete-

695 1474 983 1540 xendam
1007 1523 1026 1560 ,
1068 1473 1257 1540 brevi
1324 1473 1560 1539 ordiar.
1605 1475 1725 1539 His
1765 1473 1956 1539 dictis
2022 1477 2120 1539 ira
2184 1471 2463 1539 fremens
2515 1472 2872 1561 Neapolim

690 1593 954 1658 secessit
975 1638 994 1668 ,
1060 1599 1132 1654 et
1187 1588 1690 1677 Longobardos,
1745 1611 1910 1677 quos
1976 1587 2137 1654 belli
2205 1587 2514 1655 adversus
2571 1586 2868 1666 Gothos,

689 1708 898 1772 socios
965 1702 1290 1769 habuerat
1312 1753 1331 1783 ,
1373 1703 1457 1769 ad
1501 1703 1767 1770 Italiam
1835 1702 2285 1791 occupandam
2336 1706 2579 1770 invitat
2597 1751 2615 1769 .
2658 1703 2867 1769 Varia

685 1823 948 1907 insuper
978 1839 1324 1905 pomorum
1358 1840 1626 1905 genera,
1658 1816 1954 1906 aliasque
1985 1817 2068 1882 ad
2098 1816 2522 1906 pelliciendos
2548 1816 2867 1884 barbaros

686 1956 906 1999 rerum
950 1935 1219 2020 speclea,
1246 1932 1494 2020 quibus
1540 1931 1835 1997 abundat
1865 1931 2094 2011 Italia,
2124 1934 2610 2011 transmittens,
2641 1954 2753 1998 eos
2784 1931 2864 1996 ad

686 2045 1152 2112 fertilissimam
1208 2048 1539 2133 regionem
1608 2046 2056 2133 occupandam
2125 2044 2448 2135 impellit.
2493 2047 2582 2111 Hi
2626 2046 2861 2112 winili

692 2171 888 2226 antea
937 2162 1189 2239 vocati,
1233 2162 1439 2226 nimia
1486 2139 1901 2226 excrescente
1947 2159 2406 2238 multitudine,
2436 2182 2592 2227 cum
2621 2162 2688 2226 in
2719 2183 2863 2249 pre-

686 2277 826 2363 prio
859 2273 999 2342 solo
1029 2273 1442 2341 incommode
1471 2272 1873 2354 habitarent,
1897 2275 1983 2345 ad
2017 2297 2218 2343 novas
2254 2275 2433 2341 sedes
2461 2276 2860 2365 quaerendas

684 2389 897 2477 egredi
944 2401 1102 2454 sunt
1147 2389 1389 2456 coacti.
1436 2387 1662 2454 Tertia
1716 2412 1941 2456 eorum
1996 2411 2176 2477 pars,
2220 2391 2329 2455 cui
2388 2390 2674 2456 exeundi
2732 2413 2860 2460 sors

683 2506 1043 2593 obtigerat,
1088 2504 1217 2571 sub
1268 2504 1463 2573 Ibore
1519 2518 1588 2570 et
1635 2505 1885 2593 Agione
1928 2505 2243 2586 ducibus,
2286 2508 2405 2594 qui
2448 2505 2858 2574 Gambaram

688 2633 969 2686 matrem
1015 2624 1234 2708 magni
1281 2617 1534 2686 consilii
1579 2617 1897 2688 feminam
1942 2599 2672 2701 seeum‘adduxerunt,
2712 2622 2856 2712 plu-

681 2740 864 2803 rimis
905 2736 1081 2823 apud
1112 2736 1476 2802 Germanos
1521 2733 1713 2802 factis
1759 2736 2049 2825 praeliis,
2079 2736 2478 2825 tandemque
2507 2737 2855 2805 Gomundo

680 2851 1089 2941 Gepidorum
1151 2873 1300 2939 rege
1353 2873 1578 2931 caeso,
1621 2852 2063 2931 Pannoniam,
2107 2851 2285 2918 unde
2332 2848 2634 2920 Odoacer
2695 2852 2858 2920 Eru-

678 2968 897 3035 lorum
940 2991 1060 3033 rex
1103 2966 1502 3048 discesserat,
1529 2966 1966 3056 quadraginta
1996 2966 2254 3033 duobus
2302 2969 2489 3034 annis
2535 2968 2854 3036 obtinuit.

678 3081 845 3148 Inde
889 3080 1070 3169 alpes
1112 3080 1240 3147 sub
1284 3081 1582 3149 Alboino
1623 3104 1769 3169 rege
1816 3084 2221 3169 transgressi,
2266 3092 2478 3149 totam
2522 3104 2682 3148 cum
2727 3082 2856 3149 Ve-

677 3197 901 3275 netia,
942 3195 1249 3274 Etruria,
1301 3195 1610 3281 Liguria,
1670 3206 1738 3259 et
1795 3195 2125 3260 Flaminia
2191 3206 2444 3285 praeter
2485 3196 2853 3263 -Brixillum

676 3311 891 3398 primo
920 3310 1177 3395 impetu
1206 3305 1502 3373 Galliam
1547 3306 1929 3395 cisalpinam
1978 3323 2383 3399 occuparunt
2412 3312 2517 3390 (1);
2565 3322 2634 3376 et
2680 3312 2851 3401 quod

673 3423 901 3510 longas
943 3433 1015 3487 et
1054 3424 1371 3488 inusitato
1416 3420 1604 3488 Italis
1638 3422 1879 3487 habitu
1925 3422 2166 3491 barbas
2210 3428 2573 3505 nutrirent,
2601 3426 2853 3515 Longo-

675 3536 864 3602 bardi
924 3547 1082 3603 sunt
1125 3540 1382 3604 vocatie
1431 3539 1786 3626 posteriore
1832 3541 2061 3627 capitis
2129 3552 2313 3629 parte
2382 3539 2647 3620 abrasa,
2701 3553 2848 3608 ante

673 3673 782 3717 eos
823 3650 1094 3738 capillos
1123 3653 1194 3717 in
1211 3640 1485 3719 'summo
1514 3654 1729 3741 capite
1766 3665 1947 3720 recto
1978 3655 2346 3722 discrimine
2372 3655 2615 3722 divisos
2644 3678 2846 3744 usque

676 3766 758 3832 ad
801 3776 1107 3832 mentum
1153 3763 1607 3835 dimittebant.
1651 3767 1887 3835 Vestes
1932 3794 2018 3835 ex
2058 3770 2233 3848 lino,
2262 3781 2398 3836 aut
2453 3793 2702 3859 canape
2753 3769 2843 3835 la-

676 3882 890 3949 xiores
946 3881 1201 3961 induti,
1260 3903 1456 3971 supra
1509 3882 1791 3972 pallium
1837 3887 2031 3953 variis
2078 3888 2414 3953 intextum
2481 3886 2836 3962 coloribus,

748 4136 833 4208 (1)
866 4136 1003 4191 Paul.
1040 4137 1185 4194 Diae.
1217 4137 1281 4191 de
1310 4146 1430 4207 gest.
1462 4139 1624 4208 Long.
1657 4140 1694 4189 1.
1728 4157 1812 4192 111.
