2950 5017
713 428 847 520 ⁸7⁶
1439 444 1675 491 anun
1730 410 2141 489 normanni

710 563 1126 638 &ravalium
1145 612 1169 647 ,
1230 561 1531 633 Mentem
1596 562 1986 646 Bellunum,
2048 575 2119 631 et
2182 560 2311 630 alia
2379 561 2885 635 Tarvisium-um

707 682 979 752 castella
1043 684 1421 749 invaserant
1434 727 1452 747 .
1511 679 1734 764 Quare
1774 678 2124 769 Gonzagus
2167 680 2413 747 veritus
2463 705 2550 747 ne
2597 681 2884 773 Regium

706 822 919 890 usque
964 798 1272 888 progressi
1317 819 1358 863 a
1403 796 1661 865 civibus
1727 799 2176 887 reciperentur
2193 846 2212 876 ,
2255 795 2381 863 bac
2424 809 2573 863 arte
2616 821 2884 866 omnem

703 937 933 984 corum
976 922 1290 982 conatum
1320 909 1675 979 dissolvere
1714 910 1956 981 voluit.
2002 911 2094 979 In
2131 911 2202 982 V
2192 915 2412 980 enetia
2438 935 2598 980 cero
2632 912 2883 981 Italiae

693 1032 1048 1122 provincia
1089 1050 1239 1095 cum
1280 1025 1507 1094 Guido
1549 1025 1827 1094 Riecius
1870 1026 2229 1116 Regiensis
2271 1027 2549 1095 Patavii
2594 1028 2884 1096 Praetor

705 1157 884 1214 esset
894 1192 924 1229 ,
985 1166 1178 1233 porro
1243 1140 1483 1210 Veneti
1503 1190 1526 1224 ,
1588 1140 1787 1211 Petro
1853 1142 2086 1212 Roscio
2146 1141 2312 1210 duce
2326 1190 2349 1223 ,
2412 1143 2531 1231 qui
2600 1146 2880 1232 corporis

704 1259 1099 1351 proceritate
1156 1258 1367 1347 gigas,
1409 1268 1480 1322 et
1522 1259 1615 1323 rei
1659 1256 1937 1325 bellicae
1981 1259 2405 1346 peritissimus
2451 1280 2493 1324 a
2536 1255 2881 1347 Scaligeris

704 1374 901 1443 bonis
972 1371 1344 1441 denudatus
1408 1367 1665 1453 fuerat,
1726 1372 2079 1441 Patavium
2147 1373 2626 1451 obtinuerunt3
2695 1373 2882 1459 cujus

704 1487 1001 1579 proditor
1042 1485 1396 1567 Albertus,
1438 1484 1551 1554 vel
1601 1496 1684 1553 ut
1737 1484 1849 1553 alii
1892 1486 2192 1555 scribunt
2232 1484 2600 1568 Manilius,
2644 1486 2880 1555 Garra-

705 1605 842 1670 rius
886 1602 1068 1670 urbis
1110 1613 1334 1692 postea
1378 1604 1675 1691 princepe
1739 1598 1963 1670 factus
2027 1598 2189 1670 fuit.
2256 1602 2361 1669 Ibi
2411 1604 2733 1670 inventus
2778 1601 2885 1669 Al-

703 1719 940 1788 bertus
980 1716 1302 1809 Scaliger,
1330 1729 1400 1785 et
1429 1718 1657 1787 Guido
1702 1715 1948 1787 Savina
1989 1717 2380 1800 Folleanus,
2421 1742 2581 1786 cum
2624 1719 2880 1788 duobus

705 1834 884 1917 filiis,
911 1847 1173 1926 captus,
1201 1846 1271 1902 et
1299 1834 1596 1903 Venetiis
1626 1835 1963 1903 custodiae
1992 1835 2276 1903 traditus
2305 1832 2461 1903 fuit.
2490 1836 2640 1903 Nec
2669 1835 2881 1904 multo

706 1961 856 2041 post
898 1949 1165 2041 reliquis
1210 1951 1688 2020 Patavinorum
1730 1949 1968 2018 finium
2014 1953 2242 2020 cestrie
2297 1950 2438 2038 jam
2480 1953 2548 2019 in
2596 1951 2877 2020 Veneto-

703 2089 855 2133 rum
899 2065 1219 2134 ditionem
1265 2065 1622 2146 translatis,
1664 2076 1733 2133 et
1776 2064 2097 2134 Gibertus
2134 2065 2514 2148 Folleanus,
2555 2070 2682 2156 qui
2729 2090 2872 2134 cum

704 2178 1098 2248 Bartholino
1140 2177 1481 2262 Quercula
1520 2178 1662 2249 filio
1692 2176 2004 2270 Scaliger-i
2048 2181 2255 2271 copiis
2296 2178 2677 2249 Praefectus
2723 2193 2875 2262 erat,

707 2295 872 2363 dum
915 2294 1434 2385 Montagnanam
1482 2318 1597 2385 per
1639 2295 2076 2386 proditionem
2122 2298 2407 2387 recipere
2449 2309 2698 2379 tentat,
2745 2321 2873 2388 pro-

703 2409 967 2500 fligatus
1011 2422 1080 2476 et
1123 2412 1266 2500 ipse
1310 2413 1592 2499 capitur.
1635 2409 1937 2478 Eandem
2009 2409 2265 2478 cladem
2329 2425 2647 2502 sequente
2715 2435 2873 2481 anno

705 2525 883 2615 apud
927 2525 1443 2615 Montagnanam
1491 2525 1736 2616 proditi
1780 2549 1937 2593 cum
1983 2524 2294 2595 Gnidone
2334 2527 2562 2597 Riccio
2607 2550 2870 2596 sensere.

706 2637 936 2708 Simon
982 2663 1135 2708 vero
1179 2639 1510 2729 Corrigius
1548 2640 1885 2708 Abbatem
1929 2641 2089 2709 Divi
2130 2642 2406 2720 Ioannis
2449 2665 2538 2708 ex
2579 2642 2875 2710 Marano·

707 2777 857 2821 rum
903 2751 1156 2821 familia
1200 2766 1269 2821 et
1315 2754 1548 2822 Felina
1598 2753 1949 2823 oriundum
1978 2805 2000 2836 ,
2055 2758 2175 2845 qui
2244 2765 2406 2822 tunc
2469 2759 2540 2822 in
2591 2756 2872 2822 -Parmae

706 2869 1041 2937 suburbiis
1100 2868 1488 2949 habitabat,
1531 2868 1817 2937 duorum
1886 2868 2364 2937 monachorum
2428 2893 2629 2961 opera
2692 2882 2872 2939 nocte

706 2984 1139 3053 dormientem
1184 2982 1460 3051 interfici
1523 2986 1814 3064 curavit,
1858 2995 1927 3049 et
1970 2983 2275 3052 coenobii
2339 2983 2518 3053 bona
2581 2984 2869 3076 diripuit.

707 3098 1098 3166 Albertinus
1143 3097 1583 3178 Levalossius,
1627 3097 1898 3165 alterius
1935 3095 2236 3169 defuncti
2281 3122 2371 3166 ex
2409 3097 2614 3167 fratre
2655 3123 2867 3190 nepos,

707 3216 827 3302 qui
869 3214 1030 3281 Divi
1071 3212 1364 3301 Prosperi
1403 3211 1632 3278 Abbas
1676 3235 1718 3280 a
1758 3210 2119 3282 Benedicto
2160 3213 2293 3279 XII
2336 3216 2663 3304 superiore
2706 3236 2870 3282 anno

707 3326 1075 3394 declaratus
1139 3324 1406 3407 fuerat,
1470 3328 1712 3415 impios
1777 3327 2146 3417 proditores
2208 3331 2548 3419 perpetuis
2612 3331 2870 3397 carceri·

703 3441 832 3508 bus
875 3443 1314 3532 mancipavit3
1357 3443 1513 3532 qui,
1556 3439 1687 3511 illis
1748 3441 2068 3527 effractis,
2108 3443 2381 3513 demum
2431 3448 2507 3513 in
2557 3443 2859 3536 Gypsum

707 3554 1070 3649 fugierunt.

842 3675 1023 3755 Inter
1067 3674 1233 3743 haec
1273 3675 1552 3745 Obicius
1592 3606 1933 3747 Atestinus
1973 3677 2305 3749 Mutinam
2349 3677 2622 3747 Piorum
2684 3700 2866 3769 opera

707 3794 1096 3881 occupavit3
1140 3793 1225 3860 ad
1284 3792 1941 3886 confirmandumque
1998 3797 2441 3885 principatum
2508 3795 2862 3863 Beatricem

708 3905 1007 3976 Guidoni
1067 3908 1362 4000 Gonzagi
1428 3909 1636 3979 filiam
1702 3910 1983 3980 Nicolao
2051 3908 2234 3978 fratri
2297 3912 2542 4000 nuptui
2606 3910 2862 3979 locavit.

705 4019 803 4087 At
844 4021 1099 4090 Loisius
1126 4023 1487 4114 Aquariam
1521 4037 1587 4092 et
1616 4025 2012 4116 Pizzigolum
2030 4077 2049 4106 ,
2078 4049 2250 4114 quae
2279 4024 2584 4092 Vaninus
2626 4038 2696 4091 et
2737 4026 2863 4092 Da·

708 4132 873 4203 dalli
914 4137 1421 4231 interceperant,
1449 4140 1623 4209 intra
1642 4146 1914 4231 ‘septem
1945 4139 2084 4209 dies
2125 4143 2194 4208 in
2238 4161 2427 4208 suam
2472 4150 2853 4229 potestatem
