2950 5017
697 431 781 477 20
1433 427 1669 472 RERUM
1713 427 2129 475 nncmlvsmu

698 548 944 617 amoris
975 547 1326 636 impatiens
1356 548 1699 616 mulierem
1729 549 2196 639 speciosissima
2224 549 2328 617 sui
2361 545 2571 615 forma
2600 559 2883 639 captam

695 664 1005 732 abduxit.
1035 663 1320 730 Maritus
1363 687 1625 752 gravem
1670 666 1758 732 ab
1801 665 2139 756 impudico
2185 664 2425 750 juvene
2466 664 2730 732 illatam
2771 669 2883 732 in-

693 781 944 867 juriam
987 763 1285 858 ulturus,
1329 779 1786 848 Lucumonem
1842 783 1910 847 in
1962 781 2068 866 jus
2112 792 2342 859 vocat,
2384 784 2500 870 qui
2545 783 2759 869 gratia
2805 793 2883 846 et

694 898 935 988 opibus
968 896 1149 986 apud
1191 894 1446 980 judices
1490 907 1718 984 potens
1763 895 2151 964 absolvitur.
2197 899 2415 964 Aruns
2452 898 2701 982 injusta
2731 920 2885 963 sen-

694 1015 905 1080 tentia
946 1022 1340 1089 commotus,
1369 1009 1700 1100 simulque
1731 1012 1819 1079 ob
1852 1009 2010 1077 facti
2040 1013 2448 1079 atrocitatem
2494 1014 2593 1077 ira
2640 1034 2886 1077 accen-

692 1150 834 1208 sus,
863 1126 948 1193 ad
976 1125 1204 1193 Gallos
1233 1128 1325 1191 cis
1353 1125 1555 1215 Alpes
1598 1125 2041 1206 deducendos,
2085 1129 2158 1193 in
2197 1126 2456 1193 'Gallias
2498 1126 2885 1206 contendit,

695 1267 892 1335 quos,
933 1254 1012 1310 ut
1055 1243 1141 1310 ad
1195 1241 1530 1331 pellendos
1562 1242 1757 1310 Italia
1799 1242 2173 1332 Tyrrhenos
2218 1241 2479 1310 facilius
2521 1246 2885 1322 invitaret,

695 1361 1186 1449 generosissima
1241 1360 1426 1438 vina,
1469 1379 1643 1447 quae
1692 1381 1915 1424 secum
1966 1381 2054 1423 ex
2098 1357 2291 1424 Italia
2336 1358 2692 1440 attulerat,
2744 1361 2885 1447 pri-

695 1499 885 1542 mum
931 1476 1024 1540 eis
1066 1472 1469 1562 degustanda
1498 1475 1861 1562 proposuit.
1895 1472 2081 1540 Galli
2110 1477 2264 1563 qui,
2297 1473 2542 1541 vitibus
2571 1473 2886 1541 nondum

693 1602 872 1658 trans
916 1587 1116 1678 Alpes
1159 1586 1401 1667 allatis,
1443 1609 1654 1675 usque
1698 1587 1784 1653 ad
1826 1610 1906 1654 ea
1950 1599 2249 1677 tempora
2294 1611 2504 1677 aquae
2547 1600 2717 1678 potu
2763 1593 2878 1656 usi

695 1704 991 1786 fuerant,
1022 1708 1177 1773 novi
1220 1704 1493 1795 liquoris
1522 1703 1865 1771 dulcedine
1907 1703 2119 1772 illecti
2140 1755 2159 1786 ,
2192 1717 2261 1771 et
2292 1705 2563 1771 Aruntis
2602 1705 2886 1772 beatam

696 1824 914 1891 sedem
957 1824 1401 1911 promittentis
1448 1820 1867 1909 amplissimis
1913 1822 2127 1889 verbis
2172 1821 2476 1911 impulsi,
2507 1825 2842 1912 regionem
2861 1874 2883 1903 ‚

698 1938 820 2004 ubi
871 1940 1171 2005 omnium
1238 1958 1453 2002 rerum
1525 1948 1594 2001 et
1645 1935 1889 2002 Bacchi
1946 1938 2202 2024 copiam
2254 1935 2602 2017 haberent,
2655 1951 2888 2026 petere

699 2054 1141 2121 constituunt.
1186 2050 1331 2117 Nec
1374 2073 1589 2131 mora,
1637 2074 1770 2119 uno
1814 2073 2130 2119 consensu
2172 2050 2459 2140 Alpibus
2513 2056 2884 2141 superatis,

692 2170 904 2256 primo
965 2165 1335 2232 Insubriam
1353 2216 1374 2246 ,
1442 2188 1604 2233 mox
1664 2166 1827 2232 alias
1896 2167 2230 2255 proximas
2291 2178 2493 2234 terras
2556 2171 2833 2257 ingressi
2864 2220 2887 2249 ‚

694 2284 830 2352 duo
874 2284 957 2349 de
1005 2285 1265 2372 viginti,
1295 2306 1467 2372 quae
1515 2294 1661 2349 tum
1707 2282 1792 2349 ad
1837 2307 1994 2350 eum
2025 2307 2379 2351 numerum
2409 2299 2878 2367 excreverant,

698 2399 1232 2490 opulentissimas
1277 2398 1772 2485 Tyrrhenorum
1839 2397 2067 2479 urbes,
2113 2422 2352 2488 easque
2394 2399 2886 2481 celeberrimas,

697 2520 919 2585 omnia
963 2517 1340 2582 Ariminum
1403 2539 1614 2604 usque
1673 2527 2071 2604 occupantes
2128 2529 2461 2603 ceperunt.
2507 2501 2616 2582 Ita
2661 2517 2887 2585 Thus-

699 2657 925 2702 corum
972 2636 1320 2722 iniquitas,
1365 2645 1432 2697 et
1475 2635 1789 2722 impuniti
1836 2631 2138 2697 adulterii
2185 2630 2442 2702 facinus
2486 2632 2717 2699 divina
2768 2633 2881 2700 ul-

700 2753 885 2818 tione
932 2751 1225 2816 acerbius
1272 2749 1679 2815 vindicatum
1724 2746 1879 2815 fuit.
1926 2747 2178 2815 Plinius
2207 2749 2274 2816 (¹)
2319 2771 2473 2816 vero
2522 2748 2883 2817 Eliconem

702 2866 1062 2957 quemdam
1091 2890 1177 2931 ex
1205 2864 1526 2932 Helvetiis
1569 2866 1781 2934 civem
1825 2862 2132 2931 fabrilem
2179 2877 2386 2931 artem
2417 2865 2668 2933 Romae
2701 2890 2891 2934 exer-

702 2988 943 3063 cuisse,
990 2996 1057 3050 et
1102 2987 1173 3050 in
1224 2986 1512 3071 patriam
1564 2992 1970 3049 remeantem
1997 3032 2017 3063 ‚
2062 2979 2266 3048 ficum
2319 2984 2596 3063 siccam,
2639 3005 2890 3064 uvam,

703 3099 961 3179 oleum,
1017 3122 1094 3166 ac
1146 3101 1380 3166 vinum
1424 3122 1652 3164 secum
1698 3099 1975 3166 domum
2041 3098 2338 3166 retulisse
2405 3099 2664 3179 scribit3
2709 3124 2892 3189 quae

703 3240 863 3282 cum
891 3215 1076 3281 Galli
1122 3216 1339 3303 primo
1385 3213 1887 3296 admirarentur,
1918 3239 2079 3283 mox
2108 3237 2521 3304 summopere
2549 3226 2890 3305 optarent,

702 3331 988 3420 Alpibus
1053 3331 1406 3397 coercitam
1437 3380 1457 3409 ‚
1502 3341 1570 3396 et
1637 3331 2080 3398 inextricabili
2146 3334 2562 3399 munimento
2626 3343 2891 3421 septam

703 3448 972 3513 Italiam
1014 3448 1417 3513 invaserunt.
1467 3445 1823 3514 Caeterum
1885 3452 2096 3538 prima
2143 3446 2494 3516 Gallorum
2558 3450 2738 3536 origo
2801 3472 2889 3515 ex

704 3561 983 3650 Scythia
1013 3562 1358 3628 Armenica
1388 3566 1729 3653 provenire
1771 3564 2032 3630 dicitur.
2081 3562 2261 3630 Nam
2289 3586 2445 3630 cum
2478 3565 2689 3629 auctis
2733 3586 2891 3653 gen-

706 3679 889 3746 tibus
918 3678 1006 3745 ob
1030 3678 1506 3745 exuberantem
1539 3679 2033 3746 multitudinem
2064 3677 2268 3745 simul
2295 3678 2596 3744 habitare
2617 3678 2890 3767 plurimi

706 3819 839 3862 non
885 3805 1195 3882 possent,
1238 3817 1463 3862 eorum
1526 3818 1712 3883 pars,
1755 3794 2070 3883 Riphaeis
2126 3794 2465 3861 montibus
2531 3797 2886 3882 superatis,

708 3909 793 3976 ad
853 3908 1165 4000 paludem
1219 3909 1652 3990 Maeotidem,
1698 3932 1876 3977 nunc
1930 3908 2302 3977 Zabaccam
2355 3920 2696 3991 vocatam,
2741 3913 2890 3977 uni-

780 4144 861 4213 (ι)
892 4144 1007 4197 Lib.
1043 4163 1122 4213 ra,
1156 4163 1264 4215 cap.
1302 4162 1344 4198 r.
