2950 5017
927 409 1128 455 man
1172 409 1447 456 uanus
1854 376 1868 405 ⁸
2143 414 2269 459 παι

76 529 368 620 septimo
414 525 724 596 calendas
767 524 1084 596 februarii
1110 528 1441 597 Mutinam
1486 530 1868 597 invaserunt
1889 577 1911 611 ,
1939 528 2275 621 plebeque

75 643 158 710 ad
199 667 403 711 arma
443 655 717 724 vocata,
747 644 1217 712 excutiendum
1260 647 1592 712 servitutis
1632 645 1870 734 jugum
1916 668 2053 714 esse
2094 651 2277 716 voci-

77 756 508 827 ferabantur.
551 759 796 850 Magna
840 783 987 851 pars
1030 760 1263 849 populi
1309 759 1394 826 ad
1439 760 1765 828 libertatis
1804 785 2074 843 nomen,
2104 784 2275 831 arre-

73 876 203 964 ptis
251 877 468 942 armis
486 925 505 952 ‚
548 899 658 944 eos
700 880 886 966 sequi
930 878 1175 965 coepit.
1221 877 1481 943 Friscus
1523 879 1640 965 qui
1685 901 1803 967 pro
1845 877 2042 948 Actio
2087 891 2276 968 patre

71 1012 226 1056 eam
273 990 524 1058 urbem
567 991 908 1072 tuebatur,
952 1003 1035 1057 ut
1080 990 1573 1058 tumultuantes
1598 995 2000 1081 reprimeret,
2035 993 2275 1062 relicta

77 1116 334 1172 temere
381 1129 539 1178 arce
576 1129 733 1173 cum
779 1107 1091 1177 omnibus
1136 1110 1344 1197 copiis
1416 1110 1488 1174 in
1553 1106 1774 1176 forum
1816 1111 2028 1176 venit.
2072 1109 2277 1176 Muti-

79 1243 314 1289 nenses
359 1221 487 1288 ubi
529 1221 851 1289 desertam
896 1245 1117 1290 arcem
1163 1246 1296 1290 esse
1340 1222 1764 1313 intelligunt,
1811 1247 1891 1291 eo
1938 1228 2280 1314 praecipiti

81 1358 279 1404 cursu
323 1338 764 1420 contendunt,
810 1362 889 1406 ac
933 1343 1146 1430 primo
1190 1343 1447 1431 impetu
1492 1339 1945 1410 defensoribus
1988 1364 2278 1409 vacuam

89 1449 286 1520 facile
330 1457 646 1543 capiuntz
692 1453 846 1521 inde
889 1453 1111 1524 valido
1156 1455 1255 1522 ibi
1298 1455 1620 1545 praesidio
1665 1459 1975 1546 imposito
2023 1457 2110 1522 ad
2154 1457 2279 1544 eji-

88 1570 406 1638 ciendum
438 1572 742 1638 Friscum
785 1583 1286 1640 convertuntur.
1334 1572 1457 1639 Ille
1504 1586 1584 1639 ut
1628 1596 1698 1639 se
1743 1597 1887 1639 arce
1933 1573 2280 1640 exclusum

91 1685 552 1777 populumque
619 1710 774 1755 cum
839 1691 1126 1755 externis
1192 1692 1397 1778 copiis
1465 1692 1719 1778 ingenti
1785 1687 2007 1756 furore
2074 1694 2142 1755 in
2212 1713 2281 1756 se

97 1805 338 1868 irruere
367 1803 861 1884 animadvertit,
888 1802 1088 1870 saluti
1116 1805 1449 1871 consulere
1480 1817 1750 1871 coactus
1782 1806 1946 1870 urbe
1976 1808 2278 1871 excessit.

99 1914 416 2007 Quenti
458 1918 565 1984 die
607 1922 851 1986 nuncio
893 1919 1019 1985 sub
1066 1941 1370 1986 auroram
1416 1918 1702 2007 Regium
1763 1918 2018 2007 perlato
2070 1919 2278 1985 Muti-

104 2055 252 2099 nam
297 2035 615 2123 pristinae
656 2033 947 2101 libertati
990 2035 1368 2099 restitutam
1411 2057 1571 2114 esse,
1603 2036 1805 2099 etiam
1837 2033 2031 2100 Sessii
2072 2032 2282 2100 literis

105 2151 342 2217 amicos
375 2147 626 2218 hortati
655 2161 835 2229 sunt,
864 2161 945 2215 ut
971 2150 1339 2216 vicinorum
1386 2147 1773 2237 exemplum
1815 2161 2271 2238 sequerentur.

102 2263 240 2331 Nec
295 2232 495 2332 rrsora
535 2265 771 2331 Actius
814 2261 1192 2331 Manfredus
1260 2286 1418 2329 cum
1488 2263 1846 2352 gentilibus
1892 2275 1962 2330 et
2006 2265 2285 2333 Roberti

107 2393 543 2470 opportunam
582 2380 882 2467 ejiciendi
912 2381 1198 2448 Atestini
1246 2385 1660 2449 occasionem
1707 2384 1888 2448 nacti
1931 2379 2282 2449 confestim

103 2498 416 2588 populum
463 2499 547 2566 ad
590 2522 774 2566 arma
803 2511 1069 2580 vocant,
1114 2511 1184 2564 et
1228 2499 1310 2565 ad
1361 2499 1711 2589 palatium,
1749 2499 1865 2565 ubi
1896 2497 2278 2566 Praefectus

104 2612 392 2704 degebat,
417 2613 671 2683 infestis
717 2617 915 2681 armis
954 2627 1378 2683 concurrunt.
1411 2615 1718 2681 Canussii
1751 2618 1869 2703 qui
1899 2617 2283 2681 Atestinum

109 2731 170 2796 in
211 2733 447 2799 urbem
493 2730 1026 2813 introduxerant,
1072 2755 1157 2798 ac
1200 2735 1333 2800 soli
1377 2755 1466 2798 ex
1512 2729 1845 2799 nobilibus
1889 2731 2093 2818 Regii
2125 2754 2284 2819 per·

114 2860 495 2933 manserant,
542 2871 702 2915 cum
749 2871 990 2936 magna
1032 2847 1361 2915 clientum
1409 2870 1616 2913 manu
1684 2849 1809 2936 ipsi
1876 2869 2070 2936 opem
2117 2844 2283 2913 ferre

121 2976 453 3045 conantur,
532 2975 604 3030 et
653 2963 945 3032 Praetori
1013 2962 1301 3029 militem
1370 2962 1862 3051 praesidiarium
1929 2965 2284 3029 instruenti

115 3077 620 3169 conjunguntur.
665 3079 843 3149 Cum
883 3078 1008 3145 -his
1078 3089 1373 3144 armatus
1420 3076 1711 3167 populus
1753 3080 1821 3143 in
1868 3075 2009 3145 foro
2054 3099 2288 3145 cruen-

116 3200 247 3258 tum
300 3193 633 3284 praelium
697 3197 1053 3262 commisit.
1105 3195 1468 3261 Canussios
1516 3215 1666 3259 cum
1709 3191 1776 3260 A
1784 3197 2044 3260 testinis
2088 3208 2289 3262 morte

117 3307 329 3395 dignos
376 3312 695 3378 clamant.
740 3309 1017 3379 Nobiles
1063 3308 1336 3399 plebem
1404 3307 1698 3390 hortari,
1739 3319 1819 3375 ut
1891 3332 2007 3397 pro
2072 3311 2290 3398 patria

117 3417 440 3494 liberanda
469 3423 731 3495 fortiter
762 3424 1116 3494 dimicent:
1164 3428 1321 3516 ipsis
1362 3438 1431 3492 et
1473 3425 1701 3493 liberis
1745 3428 1800 3492 si
1844 3427 2289 3494 succumbant

119 3541 349 3611 tristem
395 3546 658 3612 exitum
701 3547 1075 3624 imminere,
1118 3547 1172 3611 si
1214 3546 1463 3611 virtute
1509 3555 1811 3623 utantur,
1860 3546 2039 3634 turpi
2082 3547 2289 3611 servi-

125 3666 250 3723 tute
290 3682 605 3742 excussa,
651 3673 1045 3751 perpetuam
1093 3660 1271 3750 apud
1316 3683 1546 3728 omnes
1588 3658 1791 3727 Italos
1839 3659 1968 3726 sibi
2015 3658 2290 3748 gloriam

125 3786 642 3864 comparaturos:
712 3777 962 3844 vicinos
1005 3775 1410 3842 Mutinenses
1478 3776 1863 3855 imitentur,
1908 3777 2061 3864 qui,
2107 3778 2291 3863 gravi

130 3885 580 3977 imperantium
651 3892 809 3981 jugo
873 3892 1156 3972 abiecto,
1200 3891 1671 3978 jucundissima
1737 3914 1914 3957 nunc
1981 3889 2293 3957 libertate

135 3996 457 4075 fruuntur:
506 4006 789 4097 denique
834 4009 1090 4098 pristini
1133 4007 1380 4076 roboris
1427 4029 1748 4076 memores
1792 4008 1956 4088 sint,
2002 4030 2139 4096 quo
2183 4017 2288 4074 tot

135 4119 365 4203 Pmliis
439 4121 743 4195 hostibus
807 4119 1089 4193 feliciter
1162 4121 1325 4193 fusis
1403 4134 1679 4192 centum
1758 4124 2292 4213 vigintiquinque
