2950 5017
891 399 1091 444 mnan
1137 401 1428 456 quimus
2138 384 2266 478 325

76 532 285 592 eretur
333 520 537 612 apud
565 518 822 588 Bonam
854 530 1143 609 poterat,
1172 521 1593 604 Ludovicus,
1623 523 1834 592 inscio
1863 519 2273 605 Simonetta,

77 651 132 708 st
171 639 571 708 restitutus.
633 637 699 704 Is
768 638 949 727 apud
1017 662 1166 706 eam
1238 642 1522 729 graviter
1566 651 1968 730 conquestus
2020 654 2158 721 est,
2198 664 2273 711 se

76 757 216 824 ›revi
242 753 542 845 quidem
577 755 827 835 vitam,
859 754 974 821 sed
1005 754 1195 822 illam
1242 780 1398 822 cum
1446 745 1588 825 filio
1634 759 1869 824 misere
1913 759 2275 847 imperium

76 874 466 941 missuram.
519 871 614 941 At
657 871 1007 954 Hercules,
1049 897 1189 964 quo
1238 872 1528 964 amplius
1573 895 1739 965 opus
1784 899 1921 944 non
1971 887 2141 956 erat,
2170 875 2276 946 di-

76 993 236 1060 nisso
278 991 650 1071 exercitu,
670 1003 821 1080 post
865 989 1151 1058 biduum
1199 992 1567 1064 Ferrariam
1615 992 1991 1062 contendit.
2038 994 2145 1061 Ibi
2191 993 2276 1063 ad

76 1106 547 1178 aonciliandum
595 1108 724 1180 sibi
769 1108 1191 1180 Ludovicum
1236 1132 1626 1192 conversus,
1671 1109 1948 1181 Brixillo
2012 1124 2086 1180 et
2149 1110 2284 1180 Ca·-

76 1223 241 1293 ttello
306 1247 500 1294 novo
554 1223 1013 1294 Parmensium
1084 1226 1346 1316 oppidis
1414 1230 1745 1318 acceptis,
1797 1229 1861 1296 ei
1905 1226 2282 1298 Castellum·

76 1364 323 1422 novum,
369 1341 567 1432 quod
613 1343 683 1409 in
727 1342 1255 1416 Dertonensibus
1301 1342 1625 1426 habebat,
1674 1343 1976 1425 tradidit,
2008 1356 2077 1411 et
2117 1344 2285 1414 Bes-3

76 1462 279 1527 tricem
322 1457 587 1542 filiam,
631 1482 839 1550 quam
888 1484 974 1528 ex
1019 1460 1354 1530 Eleonora
1423 1476 1840 1552 susceperat,
1885 1465 2004 1530 vix
2073 1486 2284 1532 annos

76 1589 298 1665 septem
330 1588 588 1654 natam
609 1575 987 1667 despondit.
1035 1577 1498 1649 Ferdinandus
1528 1601 1828 1669 quoque,
1860 1591 1943 1645 ut
1975 1569 2290 1668 Hydmnss

78 1705 204 1760 tum
245 1717 465 1784 nuper
521 1717 561 1761 a
605 1693 942 1763 Maomete
985 1696 1055 1762 in
1102 1693 1356 1784 Apulia
1417 1707 1884 1786 expugnatum
1943 1699 2287 1785 reciperet,

79 1831 216 1876 cum
258 1809 544 1899 Aloysio
593 1809 949 1890 Gallorum
998 1811 1218 1901 Rege,
1258 1812 1515 1888 ‹Joanne
1574 1810 1975 1893 Galleatio,
1999 1812 2290 1880 Hercule

87 1927 398 2010 Atestino,
444 1939 522 1998 et
565 1927 898 1997 Friderico
963 1927 1281 2019 Gonzaga
1346 1927 1582 1997 foedus
1650 1933 2001 2022 percussit.
2035 1930 2289 2018 „Petrus

89 2064 221 2112 vero
261 2044 475 2113 Maria
523 2045 845 2128 Roscius,
890 2048 1012 2136 qui
1059 2032 1591 2116 Turremclaram
1611 2098 1630 2129 ,
1661 2069 1844 2118 nunc
1883 2046 2296 2115 Torclariam

93 2175 422 2245 vocatam,
449 2162 800 2246 Felinam,
846 2162 1174 2233 Sanctum
1223 2164 1649 2248 Secundum,
1694 2165 1967 2257 aliaque
2011 2183 2293 2234 numero

97 2279 305 2367 viginti
331 2281 467 2350 duo
508 2282 760 2371 oppida
787 2284 856 2349 in
889 2279 1386 2350 Parmensibus‘
1410 2286 1801 2375 antiquitus·
1837 2307 1881 2351 a
1925 2283 2296 2370 majoribus

99 2415 194 2482 per
231 2421 471 2467 munus
505 2399 754 2472 tradita
786 2399 1195 2490 possidebat,
1227 2425 1400 2471 novo
1432 2401 1614 2470 bello
1646 2424 1920 2470 causam
1967 2401 2297 2491 praebuit.

103 2510 156 2579 ls
191 2527 263 2582 ut
302 2540 339 2583 a
382 2518 718 2588 Ludovici
763 2514 1098 2599 Sfortiae,
1143 2543 1344 2609 quem
1394 2517 1916 2588 infensissimum
1964 2518 2299 2600 habebat,

105 2629 317 2715 injuria
358 2656 430 2704 se
473 2646 818 2715 tueretur,
863 2658 905 2701 a
949 2633 1226 2703 Venetis
1272 2637 1643 2708 exercitum
1689 2637 2048 2722 impetrat3
2094 2653 2305 2724 quem

111 2746 166 2813 in
204 2747 582 2822 Parmenscs
620 2754 898 2822 missum
932 2752 1250 2820 Hercules
1280 2755 1348 2820 in
1384 2751 1715 2821 Ludovici
1758 2754 1976 2842 generi
2022 2754 2307 2842 gratiam

115 2885 208 2951 per
243 2890 386 2938 suas
430 2874 737 2962 regiones
784 2873 1061 2939 transire
1120 2896 1253 2940 non
1317 2872 1656 2960 permisit,
1702 2872 2060 2939 aestatim
2107 2869 2312 2938 Vice-

115 2979 428 3056 dominum
476 3001 649 3058 tunc
691 2990 1033 3056 Feri-ariae
1065 2987 1344 3056 Venetis
1389 2981 1499 3075 jus
1544 2988 1888 3056 dicentem
1930 2987 2159 3079 ejecit.
2204 2985 2314 3055 Ad

117 3093 432 3172 delendam
476 3129 630 3173 eam
686 3103 1173 3174 contumeliam
1220 3103 1468 3172 Veneti
1515 3102 1889 3173 Robertum
1934 3102 2313 3173 Sanseveri·

121 3234 260 3284 num
323 3222 622 3291 militum
683 3221 1576 3314 imperatoremdeclarant,
1645 3245 1729 3290 ac
1792 3245 1953 3290 cum
2009 3224 2313 3313 quinque

124 3332 390 3408 millibus
434 3344 777 3435 equitum,
822 3355 894 3411 et
937 3341 1291 3410 duodecim
1341 3339 1647 3408 millibus
1692 3339 1996 3431 peditum
2042 3343 2115 3409 in
2161 3341 2319 3408 Fer·

124 3454 400 3525 ”demes
429 3462 761 3551 impetum
796 3457 1012 3529 facere
1054 3455 1321 3547 jubent.
1368 3460 1433 3526 Is
1480 3470 1723 3550 quarto
1766 3458 2125 3527 idus·maii
2171 3458 2319 3532 Me·

125 3559 269 3636 luris
306 3585 373 3641 et
410 3575 655 3646 Castro
700 3600 879 3646 novo
926 3579 1164 3667 captis,
1207 3574 1593 3646 Ficarolum
1641 3577 2183 3671 amoenissimum
2232 3573 2319 3641 ad

131 3675 360 3757 Pistum
401 3693 759 3763 castellum
800 3696 1104 3785 quinque
1152 3695 1375 3761 aeneis
1420 3696 1773 3763 tormentis
1817 3692 1927 3759 die
1973 3702 2316 3782 noctuque

133 3815 230 3883 1¹0¹
269 3809 556 3879 mensem
601 3835 917 3903 quassare
972 3835 1106 3884 non
1152 3811 1443 3892 destitit,
1490 3810 1700 3879 donec
1754 3813 1823 3877 in
1880 3832 2072 3877 suam
2136 3819 2328 3899 pote-

137 3923 345 3989 ⁸t⁸t0m
389 3928 660 4021 redegit.
705 3929 962 3999 Contra
1003 3928 1396 3997 Ludovicus
1433 3925 1686 3997 Sfortia
1734 3949 1975 4017 magna
2022 3927 2325 3995 militum

140 4047 322 4103 mnu
361 4041 674 4116 Atestino
713 4068 914 4139 opem
961 4044 1151 4127 tulit,
1196 4047 1310 4112 cui
1356 4044 1569 4136 Regio
1615 4057 1686 4113 et
1732 4041 2001 4113 Mutina
2058 4041 2327 4110 abunde

145 4163 522 4230 oemmeatus
563 4163 864 4256 qnotidie
906 4163 1459 4266 submittebatur.
1492 4161 1742 4230 Veneti
1774 4158 2079 4229 Ficarolo
2127 4159 2327 4251 potiti
