2950 5017
895 403 1122 500 ‘mnan'
1151 410 1440 469 omme
2129 397 2255 485 317

68 533 150 608 ab
172 529 460 623 Angulo
508 540 775 613 vocant,
819 528 1003 601 velut
1044 534 1116 599 in
1159 555 1317 601 eum
1359 533 1691 614 saeviente
1729 530 1914 602 coelo
1957 536 2257 604 maxima

66 651 131 717 vi
189 646 545 738 grandinis
608 648 893 737 petitus,
933 644 1369 737 plurib'uscx
1410 648 1735 717 comitatu
1802 648 2088 730 amissis,
2137 650 2259 716 vix
2310 680 2314 684 ·

69 785 212 830 cum
254 766 512 853 paucis
556 764 793 832 evasit.
839 761 994 831 Non
1051 760 1271 831 multo
1323 776 1470 852 post
1515 763 1746 831 eadem
1790 766 1901 832 via
1943 765 2258 853 repetita,

72 889 145 945 ut
181 876 744 946 honorificentius
786 879 997 948 vitam
1041 876 1347 959 duceret,
1388 878 1730 946 Barnabae
1788 878 2087 947 militum
2130 881 2287 946 im-.

73 1003 329 1081 perator
368 966 880 1066 est‚declaratus
901 1015 944 1058 :a
965 991 1081 1060 sed
1126 992 1344 1061 homo.
1374 992 1653 1062 aliorum
1696 992 1992 1079 jussibus
2033 1015 2259 1082 parere

77 1108 404 1186 insuetus,
450 1105 550 1172 id·
576 1129 846 1196 quoque
891 1108 1069 1175 vitae
1132 1129 1335 1197 genus
1400 1105 1702 1183 fastidire
1753 1110 1995 1197 coepit.
2041 1107 2263 1191 Quare

79 1233 456 1290 commeatu
505 1235 658 1311 post
700 1222 867 1291 duos
896 1244 1146 1290 menses
1178 1235 1475 1311 accepto,
1508 1222 1887 1292 Taurisiurn
1920 1226 2264 1302 concessit,

83 1336 250 1404 unde
279 1361 321 1403 a
351 1336 639 1405 Venetis
670 1339 961 1428 antiquis
1004 1337 1307 1406 hostibus
1334 1338 1674 1427 expulsus,
1705 1341 1949 1428 partim
1978 1338 2264 1419 Patavii,

83 1456 309 1542 partim
357 1456 431 1519 in
482 1453 706 1520 Plebis
750 1453 942 1522 Sacci
985 1453 1253 1523 castello
1297 1453 1687 1544 aliquandiu
1740 1467 1851 1530 est·
1901 1478 2267 1526 commora-

91 1583 213 1634 tus.
254 1569 597 1650 Demum,
642 1567 942 1658 pluribus
987 1568 1249 1636 Galliae
1293 1569 1672 1659 Cisalpinae
1727 1571 2028 1661 partibus
2078 1594 2269 1660 pera-

97 1687 310 1772 gratis,
351 1686 681 1754 Ticinum
726 1684 1055 1782 profectus
1108 1697 1243 1765 est,
1288 1685 1407 1752 ubi
1452 1709 1494 1752 a
1537 1685 1883 1755 Galleacio
1944 1688 2267 1777 stipendio

97 1822 197 1887 per
236 1824 478 1889 paucos
529 1801 669 1867 dies
713 1811 1012 1890 accepto,
1042 1801 1126 1866 ad
1156 1813 1530 1868 extremum
1559 1781 1916 1868 Patavium
1960 1806 2268 1891 sequenti

106 1937 256 1982 anno
319 1930 420 1983 est
489 1940 871 2005 regressus3
938 1916 1058 1982 ubi
1109 1928 1452 1988 ¹transacto
1523 1919 1804 1986 triennio
1869 1917 1957 1986 ob
2025 1917 2267 1987 effusos

97 2041 375 2119 sumptus
418 2031 663 2122 grandi
706 2056 851 2099 aere
893 2031 1111 2101 alieno
1155 2053 1520 2122 oppressus,
1564 2044 1886 2123 concepto
1916 2057 2016 2101 -ex
2057 2036 2267 2102 animi

101 2169 363 2216 moerore
428 2148 677 2218 morbo
744 2150 1059 2232 decessit,
1124 2161 1195 2216 et
1258 2153 1330 2218 in
1400 2150 1932 2234 Eremitanorum
2013 2150 2269 2244 templo

99 2259 317 2332 humili
358 2264 642 2334 tumulo
670 2265 976 2352 conditus
995 2316 1015 2347 ,
1045 2264 1305 2334 nullam
1334 2266 1618 2357 sepulcri
1648 2267 1849 2338 hodie
1880 2259 2270 2337 memoriam

109 2393 438 2447 conservat.
511 2379 739 2448 Guido
802 2394 871 2447 et
923 2380 1302 2449 Gulielmus
1369 2381 1515 2469 ejus
1568 2369 1723 2464 filii,
1769 2383 2148 2464 Nivolaria,
2200 2394 2271 2451 et

114 2490 373 2583 Bsguolo
428 2499 740 2578 retentis,
783 2519 893 2565 eos
936 2496 1279 2588 Gonzagos
1296 2549 1316 2580 ,
1358 2503 1481 2589 qui
1538 2522 1721 2570 nunc
1763 2502 1835 2566 in
1881 2500 2108 2567 iisdem
2163 2522 2271 2574 ca-

116 2610 293 2678 stellis
332 2616 701 2705 imperant,
767 2613 1053 2682 fecunda
1105 2603 1297 2706 prole
1369 2629 1832 2707 propagarunt.
1891 2615 2070 2683 Cum
2113 2640 2270 2685 vero

120 2722 398 2814 Gibertus
447 2744 520 2798 et
566 2731 801 2798 Actius
844 2730 1123 2824 Corrigii
1182 2754 1342 2799 curn
1385 2731 1665 2801 Nicolao
1710 2732 2026 2799 Atestino
2071 2733 2272 2798 senti-

123 2853 278 2923 rent,
325 2845 553 2917 Guido
611 2846 793 2913 Actii
858 2846 1036 2914 filius
1100 2846 1471 2937 corrigium
1538 2847 1881 2914 Barnabae
1946 2846 2272 2937 prodidit,

121 2951 432 3050 liberisque
475 2961 745 3030 Giberti
789 2961 1122 3030 custodiae
1166 2962 1421 3030 traditIs
1465 2961 1706 3051 oppido
1752 2965 2029 3051 potitus,
2081 2985 2267 3051 prae-

124 3070 334 3142 sidium
399 3089 468 3144 et
535 3089 947 3145 menstruum
993 3077 1396 3167 stipendium
1443 3101 1485 3145 a
1529 3078 1941 3146 Vicecomite
1987 3077 2289 3167 accepit.'-

125 3181 217 3251 Ob
253 3190 316 3256 id
356 3192 595 3261 Actius
663 3194 875 3284 pater,
925 3171 1060 3284 qui·
1104 3207 1248 3262 tum
1295 3195 1627 3262 Ferrariae
1692 3195 2080 3265 morabatur
2147 3196 2270 3261 etsi

126 3294 262 3368 facti
299 3307 583 3396 ignarus,
626 3310 814 3379 velut
857 3308 1112 3378 sceleris
1157 3313 1450 3379 conscius
1494 3312 1564 3376 in
1598 3308 1879 3379 ⁴vincula
1924 3310 2268 3396 conjectus

126 3426 226 3481 ett-
262 3419 351 3487 At
391 3424 769 3507 Barnabas,
813 3427 933 3516 qui
977 3428 1252 3516 imperio
1306 3425 1563 3517 prolato
1605 3429 1808 3492 etiam
1854 3425 2271 3515 occupandae

128 3528 393 3607 Mutinae
437 3543 780 3626 inhiabat,
823 3543 1000 3632 apud
1046 3544 1425 3611 Herberiam
1489 3555 1639 3634 post
1666 3543 1948 3614 ‘leviora
2011 3543 2273 3632 aliquot

132 3657 457 3724 certamina
515 3672 789 3729 cruento
851 3659 1096 3750 praelio
1140 3659 1522 3734 Pontificios
1566 3659 1777 3756 fudit..
1822 3661 1900 3728 In
1938 3683 2023 3729 eo
2068 3662 2299 3742 Fran-.

131 3763 702 3846 eiwns‘Folleanus·
746 3777 1009 3844 Giberti
1053 3776 1230 3845 filius
1288 3777 1475 3846 mille
1541 3781 1868 3868 equitum·
1893 3773 2274 3844 Praefectus

135 3897 265 3948 cum
291 3884 619 3974 Gulielmo
649 3905 914 3983 nepote,
945 3903 1013 3960 et
1046 3892 1303 3984 aliquot
1344 3894 1668 3978 militibus
1696 3871 1933 3983 captus
1964 3892 2273 3981 Regium,

134 3989 237 4059 nbi
293 4000 561 4076 Ioannes
626 4007 1076 4078 Balduchinus
1141 4008 1507 4076 Parmensis
1571 4032 1640 4077 se
1708 4021 1870 4076 tunc
1928 4008 2275 4076 ‘Praetoris

137 4100 440 4189 Vinnium
502 4107 712 4195 fuisse·
749 4124 1012 4209 scribit,
1055 4136 1155 4194 est
1197 4117 1550 4208 deductus,
1593 4136 1664 4194 et
1706 4124 1910 4218 paulo
1969 4136 2122 4215 post
2181 4121 2272 4190 ad
