2950 5017
873 424 1071 469 Lunna
1115 424 1396 470 vannos
2091 411 2217 496 ¹5⁷

38 541 518 614 vicedominus
558 540 985 612 Placentinus
1047 545 1279 625 eximii
1322 543 1523 610 duces
1566 565 1687 612 suo
1735 555 1911 612 nutu
1973 556 2219 614 cuncta

38 659 610 728 administrabant.
656 658 746 725 Hi
789 659 911 725 etsi
952 661 1266 747 exiguam
1291 701 1296 706 -
1325 658 1560 726 salutis
1611 682 1792 749 spem
1846 659 2218 742 habehant,

38 773 282 842 nullam
331 787 561 840 tamen
615 773 785 840 hene
836 774 1162 861 gerendae
1215 776 1306 839 rei
1361 776 1768 841 occasionem
1813 778 2225 864 praetermit-

38 890 300 958 tebant.
358 891 561 958 Forte
622 912 776 959 vcro
836 891 1091 970 evenit,
1158 893 1271 969 ut,
1337 902 1655 956 venatum
1716 914 1871 958 eum
1935 892 2223 960 ducibus

38 1005 372 1080 Fridetieo
414 1002 711 1095 profecto
730 1055 751 1085 ‚
799 1016 1014 1072 castra
1058 1004 1492 1094 negligentius
1557 1005 2045 1076 custodirentur
2059 1058 2078 1086 ‚
2140 1030 2221 1074 ac

38 1117 492 1189 defenaoeihus
517 1125 732 1187 vacua
752 1119 1310 1209 relinquerentur.
1352 1118 1433 1186 Id
1462 1122 1824 1210 conspicati
1853 1119 2184 1188 Pontificii
2199 1169 2223 1201 ,

38 1249 116 1304 ut
175 1247 486 1304 extrema
525 1258 838 1326 quaeque
889 1247 1257 1318 tentarent,
1299 1235 1643 1325 extemplo
1689 1235 1983 1303 duabus·
2019 1242 2225 1326 portis

38 1356 292 1422 cunetis
339 1339 594 1422 viribus
635 1364 1018 1443 erumpunt.
1062 1352 1338 1443 Duplici
1384 1351 1819 1422 acie-vallum
1866 1352 2080 1421 adorti
2111 1354 2229 1422 de·

38 1482 238 1537 sertas
281 1471 696 1537 munitiones
745 1466 940 1536 facile
992 1481 1356 1560 occupant,
1395 1493 1481 1537 ae
1517 1471 1767 1559 ingenti
1809 1468 2230 1539 Caesariano-

41 1609 188 1654 rum
230 1597 452 1676 strage
515 1584 694 1651 edita
758 1584 1044 1675 reliquos
1087 1588 1158 1652 in
1204 1583 1433 1674 fugam
1478 1596 1785 1667 vertunt,
1828 1585 2232 1656 Cremonen-

45 1702 359 1792 siumque
405 1702 765 1769 carrocium
812 1700 1083 1768 Berta'm
1141 1711 1604 1791 nuncupatum
1654 1713 2004 1791 ceperunt.
2051 1701 2232 1770 Inter

45 1814 241 1896 alios,
283 1818 402 1906 qui
441 1814 712 1908 plurimi
755 1817 1158 1898 occubuere,
1199 1818 1641 1906 interemptus
1683 1828 1786 1886 est
1825 1814 2225 1898 Thaddeeus

50 1927 303 1998 Sestius
342 1929 544 2016 judex
585 1933 655 1997 in
699 1930 894 2014 aula,
938 1943 1008 1998 et
1049 1955 1089 1999 a
1134 1931 1426 1999 Caesaris
1461 1930 1759 2002 consiliis
1800 1935 2226 2001 constitutus.

51 2044 420 2112 Fridericus
494 2056 805 2134 acceptae
880 2044 1086 2113 cladis
1159 2050 1403 2116 nuncio
1485 2045 1777 2136 trepidus
1803 2096 1823 2126 ,
1896 2048 2235 2115 immensis

59 2161 289 2250 opibus
336 2159 620 2250 praedae
663 2160 966 2229 hostibus
1007 2161 1250 2230 relictis
1267 2212 1285 2244 ,
1332 2165 1404 2229 in
1451 2185 1680 2252 agrum
1725 2161 2235 2232 Cremonensem

62 2273 342 2368 aufugit.
385 2276 483 2344 At
524 2275 856 2345 Pontificii
884 2277 1135 2367 ubique
1164 2278 1427 2345 caedem
1461 2265 1711 2368 facete,
1754 2281 1902 2368 igne
1945 2288 2016 2345 et
2057 2275 2237 2347 ferro
2269 2301 2283 2311 ·

57 2405 254 2462 castra
295 2392 666 2474 devastare,
710 2408 908 2483 capta
952 2393 1235 2484 denique
1267 2394 1589 2475 Victoria,
1632 2397 1971 2485 ingentem
2017 2397 2231 2464 victo-

59 2509 217 2576 riam
255 2506 664 2576 retulerunt.
707 2507 830 2576 Ex'
862 2507 1229 2593 ditissimis,
1259 2534 1432 2599 qnae
1475 2509 1735 2600 direpta
1780 2522 1971 2590 sunt,
2014 2509 2239 2599 spoliis

61 2620 478 2712 locupletati,
521 2624 696 2690 inter
745 2635 1002 2690 caetera
1047 2627 1328 2692 maximi
1385 2624 1687 2713 ponderis
1731 2646 1932 2690 aurea
1949 2674 1969 2703 ,
2015 2646 2240 2713 argen-

69 2750 292 2830 teaque
336 2761 536 2821 vasa,
579 2762 656 2806 ac
698 2738 1033 2830 duplicem
1079 2743 1558 2830 pretiosissimis
1601 2739 1987 2830 iaspidihus,
2033 2752 2241 2830 atque

64 2876 220 2923 auxo
259 2879 564 2924 coronam
612 2857 1038 2923 invenerunt.
1082 2857 1227 2925 Hoc
1281 2856 1513 2926 audito
1533 2913 1539 2921 .
1558 2855 1890 2944 Guelphi,
1933 2858 2052 2945 qui
2096 2856 2247 2922 Fri-

69 2968 266 3036 detici
318 2970 492 3056 jussu
534 2971 743 3061 Regio
792 2971 983 3057 ejecti
1027 2969 1326 3051 fuerant,
1369 2994 1527 3038 cum
1571 2969 2033 3040 Parmensibus
2086 2994 2242 3041 con-

67 3082 327 3170 jurant,
368 3097 435 3156 et
471 3097 688 3156 castro
732 3089 978 3156 montis
1021 3099 1374 3177 occupato,
1417 3098 1595 3154 recta
1640 3089 1710 3156 in
1759 3089 2043 3177 patriam
2088 3109 2245 3166 eou-

73 3201 367 3270 tendunt.
412 3201 543 3270 Sed
587 3202 820 3271 urbem
873 3202 1103 3270 valida
1157 3203 1451 3272 militum
1510 3227 1715 3272 manu
1760 3201 2092 3271 defensam
2140 3205 2249 3272 in·

75 3317 230 3404 gredi
269 3342 408 3388 non
449 3321 635 3400 ausi,
678 3318 845 3390 duos
888 3330 1151 3410 pontes,
1196 3319 1477 3388 alterum
1525 3332 1754 3409 portae
1797 3318 1869 3388 S.
1918 3318 2251 3410 Stephani.

76 3453 210 3499 cum
250 3436 558 3504 omnium
599 3432 996 3505 Sanctorum
1042 3436 1385 3518 suburbio,
1429 3436 1713 3504 alterum
1761 3448 1986 3525 portae
2031 3436 2236 3504 Bren-

77 3551 238 3617 ucnis
284 3550 828 3621 combusserunt.
875 3549 977 3620 Eo
1021 3554 1223 3620 etiam
1268 3553 1376 3622 die
1419 3551 1789 3649 Ceustumii
1845 3575 2020 3642 aqna
2076 3551 2244 3619 adeo

79 3671 367 3750 exerevit,
417 3679 501 3735 ut
543 3669 854 3738 omnibus
903 3672 1139 3738 eversis
1209 3669 1531 3760 pontibus
1592 3692 1805 3759 usque
1850 3669 1934 3736 ad
1978 3668 2250 3735 Mutilo-

77 3802 214 3848 nam
239 3784 464 3852 undae
493 3782 634 3852 late
677 3808 745 3852 se
792 3783 1245 3867 effunderent,
1276 3809 1354 3852 ac
1384 3785 1592 3852 veluti
1623 3786 1751 3854 sibi
1780 3788 1948 3854 irato
1976 3787 2253 3852 numine

79 3898 278 3968 exule·
316 3901 551 3970 cedere
593 3906 804 3972 coacti
849 3900 1146 3972 fuerunt.
1194 3902 1546 3972 Caeterum
1588 3902 1823 3972 Simon
1861 3899 2253 3974 Manfredua
2367 3907 2372 3912 ’

81 4009 363 4084 Castrum
408 4040 688 4098 novum,
718 4030 788 4084 et
815 4017 1140 4086 Sanctum
1173 4017 1588 4110 Stephanum
1634 4021 2005 4112 occupavit.
2053 4018 2249 4085 Hanc

83 4127 310 4204 cladem
377 4158 574 4207 saeva
642 4139 842 4229 pestis
905 4150 1132 4207 secuta
1190 4137 1596 4210 Bonatacam
1663 4137 2043 4218 Praetorem
2062 4186 2083 4218 ,
2132 4137 2252 4226 qui
