2950 5017
976 421 1177 468 mmm
1222 419 1472 467 anx-ms
2190 405 2320 488 411

47 540 612 633 inferorumque
662 543 891 632 poenis
935 541 1160 609 devoti
1206 539 1415 615 fuere.
1460 538 1889 631 Alphonsus,
1931 543 2052 632 qui
2100 542 2329 612 Ludo-

54 664 257 731 vico
303 661 664 729 Gallorum
737 662 869 748 regi
934 684 1001 725 se
1071 658 1552 746 conjunxerat,
1613 658 1775 736 Julii
1842 662 2010 728 iram
2079 663 2330 727 veritus

59 781 352 869 viginti
400 777 655 864 majora
703 801 909 844 aenea
967 789 1298 845 tormenta
1344 777 1631 867 Regium
1675 779 1746 843 in
1795 800 1941 846 arce
1997 802 2134 847 non
2185 780 2330 846 sine

61 899 366 963 civium
418 898 656 962 timore
700 893 1007 961 deduxit.
1050 893 1267 961 Biduo
1324 905 1474 983 post
1531 918 1689 960 cum
1734 894 2003 961 Mutina
2046 918 2117 961 se
2158 892 2333 966 Pon·

71 1010 280 1077 tifici
335 1010 736 1091 tradidisset,
780 1009 925 1096 ejus
968 1007 1218 1076 fecialis
1264 1008 1547 1099 Regium
1581 1010 1618 1092 J
1628 1008 1748 1076 ulii
1794 1012 2061 1078 nomine
2090 1032 2333 1079 convo·

75 1131 294 1196 catis
335 1126 807 1195 decurionibus
852 1129 1086 1217 petiit3
1145 1130 1256 1193 eui
1298 1150 1414 1217 per
1459 1126 1914 1194 Rambaldum
1963 1126 2333 1208 Bovinum,

71 1257 283 1313 tunc
343 1247 565 1312 euriae
625 1247 1027 1335 principem,
1090 1267 1476 1334 responsum
1537 1257 1678 1325 est,
1740 1267 1934 1312 suam
1978 1243 2332 1333 Alphonso

69 1366 297 1431 cives
339 1361 541 1428 fidem
587 1361 795 1432 semel
837 1361 1124 1442 dedisse,
1171 1386 1211 1429 a
1255 1385 1324 1428 se
1376 1362 1787 1431 obsidionem
1807 1413 1826 1441 ,
1872 1359 1942 1428 et
1985 1362 2334 1430 durissima

75 1501 426 1569 quaeque
470 1479 651 1568 prius
694 1501 831 1544 esse
874 1477 1286 1556 sustinenda,
1317 1502 1527 1567 quam
1574 1475 1888 1566 perfidiae
1933 1480 2182 1545 crimen
2231 1479 2336 1544 in·

84 1594 555 1664 currendum.
587 1593 908 1663 Postridie
937 1593 1160 1672 Julius
1209 1595 1395 1675 urbi,
1441 1575 1617 1684 quae
1661 1594 1803 1661 sibi
1836 1617 2062 1684 parere
2104 1592 2338 1662 nolue-

77 1726 233 1793 rat,
281 1733 509 1780 rursus
552 1710 1188 1802 sacris'interdictis,
1234 1713 1438 1778 etiam
1486 1733 1949 1803 quoscumque
1994 1708 2332 1800 religiosos

88 1855 197 1897 ex
250 1830 682 1919 Regiensium
735 1827 982 1895 finibus
1026 1827 1354 1895 discedere
1407 1830 1787 1918 praecepit:
1833 1832 2066 1918 paucis
2105 1831 2339 1918 itaque

87 1946 189 2013 ad
240 1958 815 2014 sacramentorum
861 1944 1507 2013 administrationem
1538 1944 1818 2025 relictis,
1851 1947 2054 2010 ceteri
2088 1944 2333 2011 abiere.

86 2062 368 2133 Contra
411 2061 799 2152 Alphonsus
846 2084 1064 2141 sacra,
1113 2064 1331 2130 invito
1378 2060 1739 2142 Pontifiee,
1787 2059 2105 2134 celebrari
2156 2059 2341 2128 vole-

87 2181 278 2261 bat3
324 2179 508 2270 quod
576 2182 957 2269 episcopus,
1025 2202 1442 2269 quamquam
1513 2180 1572 2243 ei
1643 2177 1876 2245 multis
1942 2177 2334 2245 nominibus

94 2298 504 2377 obstrictus,
549 2318 906 2386 nunquam
950 2298 1307 2363 concessit:
1357 2318 1564 2387 quare
1610 2294 2082 2385 publicationis
2125 2293 2339 2362 bono·

95 2439 265 2483 rum
314 2438 531 2505 poena
577 2416 898 2494 antistiti,
929 2427 997 2479 et
1026 2413 1485 2480 sacerdotibus
1532 2427 1632 2479 est
1676 2413 1963 2493 indicta,
1995 2415 2125 2480 nisi
2152 2436 2337 2479 sacra

98 2531 372 2600 fierent.
417 2532 701 2609 Joannes
733 2553 1023 2621 ‘quoque
1056 2530 1321 2598 Marcus
1353 2530 1630 2599 Arlotus
1660 2528 2110 2598 Bonfrancisci
2155 2552 2342 2617 prae-

99 2650 277 2716 sulis
321 2646 625 2715 defuncti
671 2645 903 2728 frater,
934 2660 1004 2714 et
1037 2659 1186 2715 tum
1217 2650 1451 2716 vicarii
1500 2661 1690 2736 pater
1733 2649 1802 2712 in
1850 2646 2058 2734 podio
2105 2644 2340 2734 palatii

105 2766 397 2857 publice
441 2765 582 2834 filio
629 2766 1017 2855 imperavit,
1048 2778 1128 2834 ut
1158 2768 1282 2832 nisi
1330 2788 1372 2831 a
1414 2787 1484 2830 se
1528 2761 1955 2830 exhaeredari
2003 2760 2210 2827 vellet
2254 2759 2343 2826 ad

107 2908 200 2950 ea
242 2881 637 2952 celebranda
679 2882 789 2950 vel
833 2884 1078 2951 invitos
1119 2881 1491 2949 sacerdotes
1535 2892 1827 2969 cogeret.
1861 2878 1989 2944 Ille
2019 2880 2140 2968 qui
2171 2878 2343 2945 Pon-

111 2999 284 3067 tifici
326 2998 930 3089 obtemperandum
977 2997 1333 3077 censebat,
1378 3020 1445 3063 se
1508 3019 1550 3062 a
1611 3008 1801 3086 patre
1846 2991 2342 3083 domo-expelli

110 3141 350 3209 passus
377 3132 504 3186 est.
532 3117 830 3184 Demum
877 3127 959 3183 ut
1004 3118 1298 3206 parentis
1342 3112 1665 3183 offensam
1714 3116 2023 3192 evitaret,
2057 3111 2342 3181 obvium

115 3235 387 3304 factum
440 3233 849 3303 sacerdotem
898 3232 983 3300 ad
1028 3232 1399 3325 peragenda
1443 3254 1629 3310 sacr-,a
1673 3229 2045 3321 compulit:
2091 3228 2206 3296 sed
2255 3231 2348 3309 is,

115 3351 318 3420 velut
382 3350 469 3418 ad
537 3375 678 3418 rem
745 3348 1073 3418 nefariam
1118 3350 1433 3430 adactus,
1495 3371 1652 3415 cum
1701 3346 1969 3438 plorans
2014 3344 2348 3424 celebrare

115 3472 471 3559 coepisset,
503 3491 736 3538 omnes
782 3467 872 3534 ab
919 3467 1083 3534 aede
1126 3490 1308 3534 sacra
1349 3464 1611 3533 facinus
1641 3455 1948 3531 detestati
1976 3462 2347 3532 discessere.

121 3587 204 3655 In
249 3587 359 3654 his
403 3589 919 3656 contentionum
962 3581 1286 3652 fluctibus
1315 3585 1604 3662 Joannes
1634 3583 1852 3650 Lucas
1884 3583 2196 3659 antistes,
2227 3579 2348 3668 qui

122 3700 471 3772 Pontificis
532 3704 719 3790 jussu
772 3701 1145 3770 Bononiam
1212 3712 1660 3780 concesserat,
1705 3697 2119 3766 imminentis
2186 3692 2351 3761 belli

130 3844 293 3889 cura
353 3834 428 3890 et
495 3846 719 3890 rerum
764 3819 1213 3888 sollicitudine
1260 3816 1550 3885 afflictus
1615 3820 1683 3883 in
1752 3828 2056 3882 extrema
2124 3812 2353 3903 inopia

126 3940 429 4022 decessit,
474 3953 554 4007 ut
599 3963 721 4007 nec
764 3942 1156 4030 pecuniam,
1185 3941 1378 4029 quae'
1409 3934 1629 4003 funeri
1673 3932 2030 4014 sufficeret,
2074 3943 2229 4022 post
2274 3953 2348 3998 se

131 4056 501 4147 reliquerit.
546 4057 834 4135 Joan'nes
894 4054 1198 4145 Baptista
1257 4052 1651 4133 Massarius,
1707 4052 1827 4141 qui
1882 4062 2045 4116 tunc
2098 4046 2354 4114 studio·

131 4198 281 4242 rum
330 4199 533 4242 causa
571 4173 903 4243 Bononiae
940 4172 1251 4266 degebat,
1297 4194 1456 4239 cum
1513 4193 1635 4238 suo
1685 4187 1832 4238 aere
1876 4169 1945 4235 in
1990 4165 2131 4232 divi
2177 4162 2352 4231 Mar-
