2950 5017
616 431 756 514 4¹4
1369 443 1612 489 annun
1654 441 2078 488 nncmnsmm
2918 411 2921 540 1

615 565 1086 645 versabantur,
1132 575 1270 632 tam
1334 566 1569 630 mitem
1624 566 1696 630 in
1753 565 1992 654 agresti
2048 562 2318 631 homine
2373 574 2716 631 naturam
2761 566 2852 631 in·

620 686 832 754 veniri
878 706 1067 774 posse
1111 681 1555 749 mirabantur.
1582 679 2044 748 'Liberalitate
2087 682 2335 748 eximia
2386 703 2635 748 omnes
2679 682 2857 770 apud

613 824 687 869 se
753 799 1159 869 divertentes
1227 793 1759 887 splendidissim‘e
1826 799 2129 886 excipere
2196 796 2431 874 solitus
2511 797 2850 864 humilem

614 916 949 985 natalium
1028 913 1488 983 conditionem
1555 916 1793 1003 insigni
1860 912 2355 1003 magnificentia
2422 913 2845 980 illustrabat.

611 1031 824 1102 Manu
869 1046 1225 1123 promptus
1292 1041 1367 1097 et
1432 1034 1508 1097 in
1575 1030 2006 1121 expediendis
2051 1034 2335 1120 negotiis
2384 1031 2647 1109 velox,
2701 1044 2847 1098 ante

611 1174 755 1218 rem
784 1147 1182 1240 perfecerat,
1210 1171 1419 1238 quarn
1449 1148 1736 1237 quisque
1783 1171 1944 1215 eum
1988 1143 2385 1237 coepturum
2412 1139 2839 1215 credidisset:

612 1280 860 1336 natura
924 1270 1124 1335 insita
1187 1265 1578 1357 prudentia,
1645 1276 1717 1332 et
1784 1269 1994 1333 animi
2048 1266 2521 1356 magnitudine
2570 1268 2839 1356 insignis

612 1407 750 1453 non
796 1381 992 1450 facile
1036 1384 1417 1476 inirnicitias
1461 1383 1857 1471 recipiebat,
1905 1395 2201 1478 receptas
2240 1382 2485 1462 literis,
2516 1395 2649 1449 aut
2680 1405 2843 1450 nun·

612 1502 760 1583 ciis,
804 1504 1195 1592 priusquam
1243 1523 1428 1567 arma
1472 1511 1760 1589 caperet,
1817 1499 2168 1567 dissolvere
2206 1500 2636 1575 conabatur:
2684 1522 2841 1589 quos

617 1640 777 1685 cnm
825 1617 1165 1686 obstinate
1217 1619 1593 1684 resistentes
1637 1616 1936 1697 vidisset,
1974 1616 2185 1685 donec
2227 1619 2513 1685 victoria
2550 1615 2844 1684 domuis-

611 1745 716 1802 set
761 1746 884 1799 aut
932 1729 1292 1823 tranquilla
1337 1755 1500 1823 pace
1545 1731 1872 1813 sedasset,
1917 1734 2220 1823 persequi
2257 1752 2401 1800 non
2448 1731 2839 1799 desistebat.

616 1849 1042 1940 Propinquis,
1072 1852 1193 1940 qui
1232 1873 1357 1917 sua
1402 1851 1705 1940 potentia
1752 1847 1906 1916 freti
1953 1833 2325 1939 arrogantia
2368 1847 2841 1916 insolescentes

612 1990 825 2035 novos
889 1966 1108 2035 hostes
1171 1966 1299 2033 sibi
1368 1969 1813 2056 paravissent,
1874 1968 2138 2056 saepius
2197 1969 2593 2034 succensuit
2613 2017 2634 2046 ,
2690 1988 2837 2032 cum

614 2086 849 2151 amicis
869 2133 889 2164 ,
941 2107 1074 2151 non
1130 2083 1430 2152 hostibus
1483 2085 1610 2151 sibi
1669 2107 1839 2173 opus
1900 2107 2040 2151 esse
2090 2087 2423 2173 sapienter
2469 2084 2832 2150 dictitaret.

615 2200 802 2285 Quos
844 2199 1054 2267 semel
1096 2201 1176 2266 in
1212 2198 1413 2268 fidem
1458 2203 1785 2290 suscepit,
1815 2224 2166 2291 nunquam
2196 2201 2566 2267 deseruisse
2614 2204 2840 2269 inven-

619 2326 732 2383 tus
777 2328 904 2382 est.
964 2315 1046 2382 In
1098 2315 1349 2382 insidiis
1410 2317 1829 2405 providendis
1896 2329 2174 2397 cautus,
2210 2316 2325 2382 ‘ad
2393 2316 2837 2407 pugnandum

614 2432 879 2513 audax,
943 2432 1028 2499 ad
1099 2432 1520 2500 evadendum
1584 2434 1781 2501 solers
1829 2431 1983 2500 fuit.
2030 2434 2221 2501 Duos
2264 2430 2504 2500 fratres
2548 2434 2839 2500 Alexan-

615 2550 842 2631 drum,
888 2562 957 2617 et
993 2549 1290 2618 Vitalem
1339 2539 1611 2631 habuit,
1651 2575 1943 2642 quorum
1988 2555 2166 2641 prior
2211 2554 2444 2618 mitius
2489 2538 2838 2641 ingenium

614 2679 858 2735 nactus
900 2670 1072 2735 inter
1126 2670 1473 2757 primarios
1530 2668 1893 2736 tabularios
1944 2667 2255 2748 celebris,
2299 2671 2668 2758 incipiente
2716 2666 2838 2733 fra-

614 2786 732 2853 tris
775 2787 1045 2852 nomine
1090 2808 1398 2863 crescere,
1444 2787 1516 2851 in
1563 2782 1705 2852 fata
1749 2788 2093 2854 concessit.
2139 2785 2330 2852 Alter
2376 2807 2536 2852 vero
2572 2789 2839 2875 nequis·

610 2901 934 2968 simorum
979 2899 1332 2967 hominum
1364 2900 1629 2967 diutina
1668 2902 2143 2988 consuetudine
2178 2913 2395 2981 utens,
2425 2900 2834 2992 flagitiisque

613 3018 932 3086 omnibus
977 3019 1283 3086 imbutus
1342 3017 1596 3086 infelici
1665 3017 1806 3087 fato
1851 3019 2211 3087 Dominico
2277 3034 2612 3109 superstes
2681 3018 2834 3087 fuit.

614 3133 1035 3214 Fraudibus,
1081 3132 1299 3215 furto,
1343 3138 1626 3225 rapinis,
1672 3136 2020 3217 caedibus,
2065 3135 2521 3225 incendiisque
2564 3137 2832 3202 deditus

611 3251 867 3319 nullius
917 3249 1222 3321 facinoris
1290 3277 1498 3342 genus
1567 3254 1757 3321 edere
1815 3255 2176 3322 dubitavit.
2224 3256 2445 3338 Quare
2515 3279 2558 3321 a
2622 3253 2828 3323 fratre

612 3371 735 3457 qui
780 3351 1267 3456 magnam'sibi
1312 3394 1400 3436 ex
1446 3396 1528 3439 eo
1573 3373 1892 3439 invidiam
1933 3371 2203 3440 conflari
2243 3373 2829 3452 animadverterat,

613 3498 688 3551 et
732 3486 887 3553 odio
921 3486 1218 3568 habitus,
1273 3501 1344 3555 et
1401 3490 1706 3563 acerbius
1752 3514 2222 3580 saepenumero
2268 3504 2368 3556 est
2415 3491 2826 3580 obiurgatus.

613 3601 972 3671 Dominico
1026 3586 1200 3672 Cato
1270 3628 1313 3670 a
1378 3605 1736 3675 Castaneto
1782 3608 2023 3674 Friano
2070 3608 2181 3694 (is
2223 3611 2293 3673 in
2340 3608 2824 3674 Mutinensium

611 3719 963 3786 montibus
1010 3733 1260 3788 tractus
1305 3725 1460 3811 est)
1508 3728 1657 3792 vico
1710 3724 2033 3791 oriundus
2083 3711 2568 3791 infensissimus
2626 3724 2826 3793 hostis

611 3831 775 3916 fuit,
809 3841 940 3938 ,qui
983 3838 1270 3908 obscuro
1315 3854 1387 3907 et
1428 3844 1568 3931 ipae
1612 3840 1759 3911 loco
1802 3854 2001 3910 natus
2046 3843 2342 3911 Morotto
2390 3842 2665 3933 quidem
2711 3842 2828 3909 ali·

614 3964 876 4044 quanto
908 3955 1134 4037 ditior,
1174 3958 1287 4023 sed
1333 3952 1466 4026 non
1513 3982 1592 4025 ea
1637 3967 1972 4030 armorum
2020 3962 2279 4050 peritia,
2326 3965 2449 4028 nec'
2495 3964 2566 4027 in
2611 3963 2853 4050 oppri-¹

610 4072 870 4142 mendis
911 4072 1213 4143 hostibus
1245 4075 1613 4144 calliditate
1644 4081 2011 4168 praestitit:
2046 4079 2332 4170 pascuis,
2364 4082 2543 4147 enim
2574 4082 2821 4170 pecori-

611 4188 873 4280 busque
940 4205 1010 4260 et
1077 4193 1374 4294 praediis&
1412 4196 1790 4284 abundans,
1836 4210 1908 4265 et
1965 4212 2377 4266 mercaturae
2426 4204 2634 4265 etiam
2682 4211 2814 4276 stu-
