2950 5017
699 443 787 523 54
1437 455 1670 498 aarum
1727 437 2142 497 ascrausmm'

693 578 902 645 donec
963 573 1152 664 Sylla
1225 571 1570 661 tyrannide
1636 583 1893 661 arrepta
1959 594 2031 637 se
2101 570 2519 638 Dictatorem
2596 575 2926 666 creavit„

697 691 846 758 Sub
910 689 1055 776 ejus
1122 689 1395 778 imperio
1460 689 1811 776 provinciis
1855 686 2163 753 omnibus
2237 685 2546 774 gravibus
2615 688 2891 755 tributis

695 808 1010 883 oneratis,
1053 807 1255 870 etiam
1302 802 1490 868 liberi
1522 804 1704 881 socii,
1737 815 1804 867 et
1835 799 2090 868 foedere
2123 801 2368 891 populo
2413 826 2716 876 romano,
2744 827 2892 871 con-

691 922 905 1010 juncti
950 924 1340 987 immensam
1387 921 1734 1007 pecuniam
1767 916 2059 986 conferre
2099 919 2307 986 coacti
2351 930 2527 984 sunt.
2576 917 2688 987 Eo
2740 941 2885 988 vero

696 1063 830 1107 non
877 1037 1090 1105 multo
1145 1047 1294 1126 post
1345 1036 1748 1101 dictaturam
1794 1035 2161 1123 depositam
2228 1033 2581 1127 pediculari
2654 1037 2889 1104 morbo

692 1165 1080 1242 consumpto
1124 1152 1211 1220 ob
1257 1163 1551 1220 vetustas
1598 1149 2055 1218 altercationes
2099 1173 2320 1216 rursus
2366 1153 2540 1216 inter
2583 1152 2672 1235 Q.
2713 1152 2885 1218 Luc-

647 1256 935 1335 'tatium
979 1268 1330 1336 Catullum
1378 1265 1804 1356 Syllanarum
1854 1269 2144 1355 partium
2190 1265 2567 1343 hominem,
2605 1278 2678 1333 et
2713 1268 2884 1334 Mar-

690 1410 842 1453 cum
866 1383 1213 1451 AEmilium
1239 1384 1570 1474 Lepidum
1595 1383 1781 1452 Coss.
1807 1382 2068 1450 funesta
2097 1383 2366 1450 suborta
2391 1397 2488 1449 est
2510 1387 2878 1452 contentio.

689 1491 755 1567 Is
799 1524 956 1566 cum
1004 1499 1298 1568 Galliam
1364 1511 1653 1577 nostram
1722 1500 1994 1566 sortitus
2047 1498 2421 1565 Praetorem
2468 1499 2880 1588 Perpennam

695 1640 851 1683 cum
898 1619 1191 1682 exercitu
1248 1615 1425 1704 apud
1471 1638 1541 1682 se
1583 1613 1879 1680 habebat
1908 1665 1929 1695 ,
1972 1625 2042 1679 et
2085 1637 2239 1679 cum
2296 1637 2467 1680 nova
2527 1612 2881 1682 moliturus

690 1731 1096 1810 crederetur,
1162 1755 1202 1797 a
1270 1729 1524 1797 Senatu
1568 1741 1875 1810 vocatus,
1920 1731 2259 1795 instructis
2324 1731 2524 1818 copiis
2591 1728 2877 1798 Romam

687 1846 1150 1935 proficiscitur.
1207 1847 1310 1912 Ibi
1364 1860 1518 1912 ante
1584 1846 1920 1934 Campum
1990 1845 2308 1912 Martium
2375 1867 2531 1911 cum
2601 1843 2887 1912 Catullo-

692 1961 955 2050 praelio·
991 1975 1377 2050 superatus,
1440 1975 1668 2051 postea
1737 1965 1805 2029 in
1876 1960 2248 2028 Sardiniam
2315 1963 2576 2049 navigio
2619 1960 2874 2027 delatus

689 2078 906 2165 periit.
963 2077 1208 2141 Brutus
1264 2074 1433 2141 alius
1499 2054 1968 2153 Marianarum‘
2004 2079 2295 2166 partium
2354 2075 2497 2142 dux
2541 2075 2873 2143 Mutinam

691 2201 915 2259 versus
962 2189 1173 2281 fugit,
1219 2193 1338 2258 ubi
1392 2217 1431 2258 a
1493 2192 1844 2283 Pompejo,
1887 2195 2059 2260 anno
2127 2195 2246 2282 qui
2313 2190 2448 2259 fuit
2517 2192 2604 2258 ab
2659 2194 2756 2260 U.
2800 2194 2871 2260 Ο.

685 2299 1018 2387 υοιάεκνι,
1066 2306 1242 2395 apud
1288 2307 1570 2397 Regium
1618 2322 1915 2375 nostrum
1971 2331 2273 2397 pugnans
2317 2320 2414 2373 est
2458 2306 2870 2375 interfectus.

637 2403 641 2407 ‚
684 2421 976 2488 Blondus
1025 2446 1181 2489 eum
1221 2422 1602 2513 Scipionem
1638 2424 1872 2513 Lepidi
1918 2422 2137 2490 filium
2185 2421 2389 2490 fuisse
2433 2424 2689 2491 scribit.
2740 2426 2873 2492 Hoc

686 2542 977 2628 primum
1035 2537 1340 2630 tempore
1387 2545 1505 2631 qui
1553 2539 1686 2606 fuit
1732 2564 1943 2607 annus
1986 2563 2261 2607 ncnxxx
2306 2553 2460 2608 ante
2504 2540 2867 2608 humanam

687 2653 971 2720 salutem
1020 2678 1202 2722 Lxxv
1249 2656 1429 2721 urbis
1475 2669 1735 2723 nostrae
1791 2668 2145 2745 postquam
2203 2658 2507 2722 restituta
2551 2666 2651 2721 est
2700 2655 2869 2747 apud

681 2769 1251 2861 Hi‘storiographos
1298 2775 1703 2839 mentionem
1736 2770 1877 2837 fieri
1909 2775 2195 2840 invenio.
2243 2771 2700 2854 Quadriennio
2733 2783 2868 2862 post

685 2883 932 2954 Lucius
978 2887 1302 2956 Lucullus
1347 2889 1602 2957 Consul
1635 2888 1928 2955 Galliam
1976 2891 2277 2969 sortitus,
2320 2912 2476 2955 cum
2521 2892 2591 2955 in
2637 2901 2870 2978 pacata

678 2995 1018 3096 provincia
1063 3005 1232 3073 nihil
1280 3010 1596 3076 memoria
1642 3001 1918 3096 dignum
1974 3030 2227 3097 sperare
2282 3020 2533 3096 posset,
2579 3005 2861 3074 Octavio

682 3138 844 3187 tunc
874 3122 1149 3188 Ciciliae
1192 3121 1584 3188 Proconsule
1628 3121 1795 3189 forte
1841 3122 2134 3203 mortuo,
2168 3095 2249 3188 ad
2280 3145 2430 3190 eam
2462 3122 2867 3190 administra·

663 3240 931 3302 -tionem
962 3231 1375 3302 ambitiosius
1408 3239 1691 3326 aspirare
1720 3241 1970 3328 coepit.
2000 3240 2309 3329 Denique
2338 3262 2533 3328 opera
2561 3238 2863 3305 Praeciae

679 3354 1069 3429 meretricis,
1099 3374 1273 3441 quae
1304 3377 1343 3419 a
1373 3351 1716 3421 nobilibus
1761 3354 2184 3445 frequentata
2216 3355 2582 3446 plurimum
2617 3355 2864 3424 Romae

677 3479 960 3555 poterat,
1004 3467 1303 3557 Cethego
1348 3470 1473 3535 sibi
1524 3466 1893 3540 adversario
1940 3472 2359 3550 conciliatus,
2411 3484 2558 3536 eam
2606 3474 2865 3560 provin-

678 3584 878 3662 ciam,
925 3594 994 3649 et
1035 3579 1297 3650 bellum
1343 3597 1572 3654 contra
1617 3581 2113 3669 Mithridatem,
2160 3599 2388 3677 postea
2435 3584 2724 3653 feliciter
2768 3611 2890 3677 ge->

674 3709 884 3776 stum,
926 3694 1242 3766 obtinuit.

807 3812 1127 3904 Sequenti
1173 3839 1346 3884 anno
1390 3816 1658 3897 Cassius
1705 3817 1969 3886 nostrae
2027 3820 2407 3907 provinciae
2450 3819 2726 3886 Praetor
2768 3822 2859 3885 in-

670 3915 920 4017 signem
953 3955 992 3996 a
1023 3911 1341 4020 Spartaco
1372 3934 1631 4000 cladem
1666 3937 1943 4024 accepit.
1992 3934 2057 4001 Is
2105 3957 2192 4000 ex
2221 3933 2508 4001 Thracia
2543 3920 2857 4006 oriundus

671 4043 755 4109 ad
800 4044 1256 4138 gladiatoriam
1300 4062 1512 4117 artem
1556 4052 1989 4118 exercendam
2030 4074 2189 4118 cum
2230 4050 2375 4132 aliis
2419 4053 2621 4117 servis
2666 4050 2753 4116 ad
2794 4050 2859 4115 id

669 4185 916 4230 munus
973 4169 1211 4255 emptis
1280 4190 1320 4232 a
1385 4163 1678 4257 quodam
1745 4166 2033 4236 Lentulo
2077 4165 2342 4236 Batiato
2402 4166 2853 4236 detinebatur.
