2950 5017
886 431 1086 478 namt
1129 431 1467 494 secunnus
2182 439 2268 506 99

78 557 312 623 virtute
356 550 894 644 recuperandum
923 562 1224 621 reversus
1255 565 1372 620 est.
1419 552 1703 620 Nemine
1748 552 2019 622 obviam
2065 568 2271 638 eunte.

71 674 302 763 panim
347 670 812 763 opulentiores
841 669 1361 759 vicos-diripuit,
1393 682 1462 735 et
1491 692 1644 736 cum
1676 670 1982 759 plurimis
2012 673 2269 761 oppidis

75 792 264 856 etiam
297 786 629 855 Ticinum
658 806 905 873 magna
950 808 1039 852 ex
1084 797 1267 873 parte
1295 784 1688 854 devastavit.
1734 784 1995 854 Incolae
2026 792 2268 876 exigua

69 904 406 995 Rodnlphi
484 901 781 970 militum
847 925 1055 969 manu
1100 898 1330 981 diffisi,
1374 900 1678 990 Ugonem
1703 904 1800 969 ·in
1849 901 2266 970 Narbonensi

72 1024 409 1114 provincia
473 1017 932 1087 Arelatensem
978 1016 1318 1088 Comitem
1365 1018 1447 1084 ad
1502 1041 1696 1108 opem
1750 1018 1878 1085 sibi
1931 1017 2270 1088 ferendam

78 1148 455 1205 accersunt:
506 1138 627 1226 qui
641 1185 660 1214 ,
703 1132 1059 1228 Rodulpho
1103 1132 1293 1200 nulla
1337 1132 1501 1204 belli
1545 1145 1805 1201 tentata
1847 1130 2115 1202 fortuna
2158 1136 2273 1203 do-

85 1278 262 1321 mum
306 1254 645 1344 ignaviter
695 1250 1049 1332 redeunte,
1091 1250 1284 1320 velut
1337 1251 1420 1317 ad
1473 1274 1749 1340 regnum
1793 1262 2073 1320 vocatus
2115 1257 2273 1319 cum

85 1366 500 1437 formidando
541 1368 837 1434 exercitu
882 1367 1186 1433 universa
1236 1379 1458 1433 nostra
1512 1368 1770 1455 regione
1822 1368 2080 1455 potitus
2136 1380 2236 1433 est
2255 1416 2274 1446 ,

87 1497 150 1551 et
188 1484 272 1550 ad
313 1481 847 1553 confirmandum
879 1505 1152 1571 regnum
1186 1505 1419 1550 omnes
1445 1482 1685 1549 Italiae
1711 1484 2070 1573 principes,
2100 1504 2271 1571 quos

85 1600 428 1669 conatibus
474 1601 610 1666 suis
655 1598 922 1667 obviam
975 1601 1186 1665 ituros
1238 1597 1732 1687 suspicabatur,
1775 1597 1956 1664 ultra
2009 1609 2270 1667 montes

88 1715 423 1806 relegavit.
469 1714 613 1783 Nec
655 1715 875 1782 multo
917 1726 1069 1805 post
1094 1714 1468 1781 Arnaldnm
1496 1689 1760 1782 Ducem
1806 1703 2266 1804 Norici,an

89 1855 264 1899 nunc
294 1832 565 1900 stsria
591 1831 860 1911 dicitur,
892 1831 979 1897 ab
1009 1830 1142 1897 illis
1180 1833 1274 1898 cis
1318 1830 1505 1919 alpes
1549 1834 1827 1899 missum
1868 1828 2265 1919 profligavit.

90 1946 264 2012 Dum
307 1945 845 2037 Berengariorum
893 1943 1298 2015 factionibus
1343 1946 1770 2035 perturbatur
1800 1944 2034 2026 Italia,
2065 1944 2266 2034 Sigis-

91 2061 322 2144 bertus,
364 2067 485 2154 qui
530 2087 618 2130 ex
660 2063 1242 2153 Longohardorum
1271 2066 1471 2152 stirpe
1500 2076 1832 2151 superstes
1875 2063 2099 2129 Lucae
2140 2065 2270 2128 im-

95 2179 348 2272 peralyat
395 2203 573 2248 anno
615 2200 903 2246 nccccru
924 2229 943 2259 ,
989 2178 1183 2247 Petro
1227 2179 1412 2246 urhis
1456 2192 1718 2247 nostrae
1763 2176 2063 2267 praesule
2128 2180 2270 2244 exi-

93 2307 310 2375 stente,
352 2295 667 2362 Parmam
726 2306 796 2362 ct
850 2295 1138 2384 Regium
1207 2319 1246 2361 a
1312 2298 1581 2362 nemine
1625 2293 1921 2362 defensas
1962 2296 2269 2361 civitates

94 2414 449 2500 occupavit.
517 2411 698 2478 Cum
752 2435 943 2490 vero,
987 2410 1353 2500 Sigisberto
1396 2411 1496 2492 11,
1542 2412 1751 2479 Actio·
1802 2421 1873 2477 et
1917 2408 2269 2478 Gherardc

95 2526 286 2593 tribus
325 2541 473 2617 post
500 2550 577 2594 se
603 2526 848 2595 relictis
880 2526 1127 2608 liberis,
1155 2528 1556 2607 decessisset,
1586 2525 1903 2595 fratribus
1928 2528 2263 2604 extinctis,

94 2648 533 2732 superveniens
561 2646 1007 2744 Actius‘anno
1038 2666 1468 2711 mcccxxvm
1514 2656 1867 2734 paternum
1908 2644 2266 2730 imperium

95 2755 258 2823 solus
309 2761 646 2840 obtinuit,
691 2759 1222 2849 canussiumque
1281 2763 1349 2825 in
1419 2759 1850 2846 Regiensibus
1921 2759 2265 2823 munitum
2358 2759 2363 2764 ’

98 2873 398 2961 oppidum
440 2898 597 2941 cum
644 2874 884 2964 opibus
926 2875 1151 2942 sedem
1199 2873 1570 2942 transtulit.

223 2989 489 3073 Interea,
533 2989 850 3060 defuncto
895 2992 1291 3082 Berengario
1336 2989 1649 3067 secundo,
1689 2990 1924 3055 tertius
1968 2986 2263 3073 ejusdem

97 3107 360 3173 nominis
397 3107 820 3199 Berengarius
885 3110 1085 3197 primi
1153 3131 1242 3174 ex
1307 3106 1446 3173 filia
1512 3128 1713 3195 nepos
1782 3106 2043 3171 circiter
2088 3127 2264 3171 anno

95 3221 306 3291 salutis
331 3237 726 3310 mcxxxv
747 3227 851 3305 (Ι),
883 3247 1120 3313 magno
1156 3224 1335 3314 apud
1368 3225 1714 3312 Hungaros
1749 3224 2043 3289 exercitu
2086 3243 2268 3288 ccm-
2334 3205 2337 3210 ’

99 3353 334 3426 punto,
379 3346 644 3411 avitum
687 3345 1088 3432 repetiturus
1160 3344 1513 3432 imperium
1578 3343 1649 3407 in
1712 3338 1982 3416 Italiam
2052 3340 2257 3406 venit.

99 3454 298 3528 Dubio
339 3459 546 3528 bello·
569 3483 639 3527 se
681 3462 1098 3529 committere
1136 3459 1284 3549 Ugo
1314 3484 1445 3527 non
1478 3479 1708 3540 ausus,
1739 3473 1955 3547 aequo
2002 3454 2262 3525 foedere

103 3568 246 3639 hosti
288 3552 684 3644 Letharium
749 3573 969 3642 filium
1034 3574 1251 3642 Italici
1315 3577 1498 3664 regni
1565 3575 1820 3662 socium
1874 3572 2059 3638 dedit
2075 3621 2093 3649 ,
2139 3573 2258 3659 qui

103 3708 228 3755 cum
255 3703 402 3782 post
429 3692 780 3759 biennium
823 3694 897 3759 in
941 3689 1084 3759 fata
1119 3693 1564 3771 concessisset,
1593 3677 2031 3778 Berengarius*
2049 3686 2262 3766 Alun-

101 3801 228 3872 dsm
265 3810 410 3896 ejus
453 3829 761 3890 uxorem,
806 3821 879 3877 et
921 3807 1262 3899 Rodulpbi
1306 3806 1552 3887 filiam,
1579 3831 1664 3875 ne
1694 3807 1971 3895 Papiam
2016 3804 2254 3900 urbem

106 3919 356 3994 dots-{em
399 3935 759 4018 repeteret,
803 3950 959 3994 cum
1001 3927 1293 3995 Martino
1343 3925 1679 3994 sacerdote
1728 3926 1793 3990 ei
1844 3945 2026 3992 sacra
2068 3923 2265 3988 mini-

167 4153 236 4224 (Ι)
263 4157 490 4214 Blandus
520 4177 552 4214 s
583 4158 842 4214 Palmaria
873 4158 932 4212 in
965 4166 1192 4227 tempore
1225 4173 1331 4214 nou
1367 4158 1588 4210 multum
1619 4155 1886 4225 discrepet.
