2950 5017
908 448 1111 494 mmm
1158 447 1449 504 ommus
1594 473 1615 484 -
2153 431 2285 525 349

52 597 65 640 ι
98 568 486 662 triumphi
526 569 816 661 speciem
848 568 1074 641 Roscii
1099 571 1410 640 Felinam
1453 592 1615 640 suae
1644 570 1916 641 ditionis
1959 572 2285 665 oppidum

52 680 358 757 flerunt.
415 687 661 755 Pridie
703 690 959 757 ciconia
1005 688 1151 775 ejus
1195 711 1427 756 necem
1485 694 1990 779 praenunciasse
2036 687 2288 774 fertur,

53 827 181 871 uae
228 806 315 871 in
371 826 674 873 summo
737 807 935 873 turris
1000 803 1320 897 horologii
1366 804 1661 873 culmine
1705 803 2041 874 nidificare
2084 806 2286 876 solita

53 921 237 991 ullos
266 920 694 1013 discerpsit:
742 922 833 990 ob
877 926 1271 991 memoriam
1301 923 1661 1014 Regienses
1692 922 1946 991 ibidem
1988 926 2284 994 ciconiae

52 1036 304 1128 ffigiem
357 1053 624 1129 postea
666 1062 965 1129 posuere.
1013 1041 1359 1111 Atestinus
1413 1064 1572 1108 oum
1621 1040 1914 1110 Gerar-do
1962 1039 2283 1127 Bojardo,

54 1168 86 1222 t
130 1152 520 1224 Bonifacio
555 1155 907 1238 Canussio,
940 1156 1333 1238 Recettum,
1378 1156 2032 1246 Casalemgrandem,
2075 1157 2287 1225 Dina-

55 1275 326 1355 ianum,
359 1286 441 1340 et
469 1272 934 1342 Salvaterram
960 1274 1183 1343 Caroli
1205 1274 1510 1344 Fo'lleani
1542 1273 1816 1343 castella
1846 1277 2285 1365 expugnavit.

52 1390 316 1459 sscobus
394 1403 480 1457 et
556 1389 934 1459 Beltramus
980 1391 1204 1460 Caroli
1251 1390 1521 1474 fratres,
1577 1395 1698 1483 qui
1767 1416 1924 1460 cum
1991 1391 2284 1463 Nicolao

52 1505 385 1576 Othoboui
418 1506 583 1576 filio
612 1508 891 1575 Parmae
924 1509 1284 1598 degebant,
1328 1510 1451 1577 uhi
1498 1509 1668 1577 haec
1715 1509 2097 1593 audierunt,
2131 1508 2287 1579 filiis

52 1624 380 1693 >bsidibus
432 1625 715 1694 traditis
760 1630 990 1693 statim
1032 1626 1316 1695 Nicolao
1347 1628 1657 1696 Atestino
1698 1650 1768 1695 se
1812 1627 2285 1697 conciliarunt.
2339 1685 2350 1702 ,

52 1742 131 1807 At
157 1742 463 1820 Iacobus
499 1743 858 1812 Othoboni
904 1741 1108 1810 frater
1152 1766 1312 1810 cum
1363 1744 1548 1813 mille
1594 1745 1936 1836 equitibus
1983 1768 2287 1836 egressus

52 1858 493 1928 malvicinum
545 1883 705 1929 cum
756 1864 1066 1928 trecentis
1113 1863 1447 1952 expeditis
1492 1863 1837 1954 equitibus
1865 1863 2288 1932 Guardasoni

58 1975 341 2067 reliquit,
413 1991 514 2070 et·
573 1978 738 2047 alios
783 1992 1059 2046 centum
1105 1982 1175 2047 in
1219 1981 1500 2048 Pariana
1547 1980 1712 2049 villa
1757 1980 2089 2062 collocat3
2138 1984 2279 2071 ipse

62 2114 201 2158 eum
243 2093 503 2164 Gai-olo
558 2094 877 2165 Folleano
923 2095 1284 2164 Monticuli
1339 2100 1664 2165 constitit.
1714 2097 2118 2166 Malvicinus
2163 2096 2291 2164 Ni·

62 2208 305 2275 colaum
328 2261 350 2291 ,
394 2214 527 2301 qui
584 2212 806 2279 hostes
850 2225 1119 2279 secutus
1163 2212 1444 2280 Niceam
1513 2212 1765 2281 flumen
1835 2215 2290 2304 superaverat,

71 2326 262 2412 primo
306 2328 592 2417 impetu
637 2325 840 2395 fudit.
888 2325 1024 2394 Sed
1070 2352 1224 2396 cum
1259 2326 1511 2397 Sfortia
1541 2352 1699 2396 cum
1730 2333 2067 2399 sexcentis
2100 2332 2291 2421 equi-

71 2440 232 2508 tibus
273 2446 782 2533 supervenisset
827 2465 941 2532 per
985 2443 1151 2512 duas
1198 2443 1388 2513 horas
1441 2448 1578 2512 acri
1632 2449 2002 2515 certamine
2057 2446 2289 2516 confli-

79 2560 205 2625 xit:
247 2559 537 2628 demum
610 2563 863 2628 amissis
930 2561 1233 2629 ducentis
1302 2562 1647 2652 equitibus
1688 2562 2089 2653 'profligatus
2133 2564 2293 2631 Par-

83 2698 242 2742 mam
281 2682 536 2747 reverti
586 2691 858 2747 coactus
904 2677 1189 2747 fuit.1d
1237 2682 1610 2769 conspicati
1643 2678 1910 2760 Simon,
1946 2678 2174 2749 Guido
2219 2690 2292 2748 et

86 2791 374 2863 Albertus
419 2796 735 2866 Canussii
778 2820 937 2864 cum
982 2798 1290 2881 Quatuor
1319 2794 1657 2878 castellis,
1688 2795 2018 2865 Canussio
2046 2808 2116 2864 et
2147 2795 2292 2888 Gy-

92 2931 189 2996 peo
227 2913 517 2983 Atestini
566 2911 723 2981 fidei
768 2936 835 2981 se
881 2915 1377 2984 commiserunt.

206 3028 380 3097 Inter
426 3030 602 3100 haec
644 3029 1060 3100 Venetorum
1105 3030 1310 3120 legati
1354 3032 1840 3120 superveniunt
1894 3035 2292 3100 nunciantes

98 3163 156 3208 se
193 3143 442 3217 Tertios
511 3152 587 3216 in
654 3171 849 3217 suam
905 3148 1193 3216 tutelam
1238 3126 1630 3239 suscepisse,
1674 3148 2031 3218 hortantur
2074 3161 2158 3217 ut
2200 3150 2291 3217 ab

103 3258 320 3344 injuria
366 3269 604 3335 amicis
649 3265 996 3334 inferenda
1040 3267 1396 3334 abstineat.
1451 3266 1601 3357 Ipse
1659 3270 1983 3335 nuncium
2029 3267 2114 3335 de
2159 3266 2290 3336 hac

101 3397 158 3440 re
197 3401 261 3445 se
301 3381 625 3453 Venetias
667 3388 1021 3452 missurum
1069 3384 1438 3476 respondit,
1472 3406 1552 3450 ac
1583 3387 1811 3452 statim
1843 3385 1928 3452 ad
1960 3384 2292 3455 Sanctum

105 3490 468 3569 Mauritium
536 3514 1045 3571 castrametatus
1065 3554 1085 3585 ,
1126 3501 1367 3594 legatis
1410 3502 1697 3593 Regium
1765 3505 1983 3571 missis
2050 3505 2292 3573 urbem

106 3607 215 3676 sibi
256 3617 426 3685 tradi
473 3618 795 3711 postulat.
841 3618 1043 3688 Cives
1095 3618 1237 3705 jam
1297 3619 1536 3687 multis
1605 3622 1794 3689 aunis
1861 3623 2045 3709 gravi
2110 3619 2295 3689 bello
2372 3651 2385 3666 ·

111 3731 335 3815 attriti,
375 3758 533 3805 cum
579 3738 1072 3808 Vicecomitum
1132 3739 1302 3806 vires
1354 3735 1689 3820 infirmas,
1731 3748 1801 3806 et
1845 3760 2079 3805 eorum
2124 3735 2296 3804 divi-

112 3860 242 3912 tum
275 3850 628 3942 imperium
673 3878 810 3924 esse
855 3854 1488 3935 animadverterent,
1541 3854 1826 3923 Nicolao
1870 3876 1941 3922 se
1986 3856 2294 3924 commit-

119 3967 234 4027 tere
257 3964 702 4042 decreverunt.
732 3974 951 4042 Pridie
982 3976 1217 4065 itaque
1257 3970 1569 4040 calendas
1601 3971 1753 4060 julii
1786 3996 2055 4063 operam
2087 3973 2293 4041 dante

115 4067 420 4164 Ussufione
462 4089 814 4160 Contrario
859 4091 1152 4160 Atestini
1209 4090 1578 4174 Quaestore
1623 4089 1649 4179 (
1680 4112 1883 4181 quem
1951 4086 2297 4159 collatera-

124 4184 241 4263 lem
282 4205 651 4304 vocabant)
695 4208 1037 4281 dedendae
1083 4209 1270 4280 urbis
1298 4208 1733 4294 conditiones,
1762 4231 1936 4301 quae
1966 4210 2036 4277 in
2068 4216 2294 4278 nostro
