2950 5017
697 414 846 519 296‘
1429 440 1665 490 anun
1705 438 2117 490 :acimum

693 560 1079 632 dimittitur.
1122 560 1188 629 Is
1226 558 1456 645 statim
1524 560 1609 629 ad
1671 560 1993 640 Ioannem
2038 557 2569 650 Archipresulem
2613 560 2875 632 Badio-

693 678 832 747 lani
893 674 1226 767 profectus
1288 675 1372 743 de
1436 675 1680 762 injuria
1733 677 1865 743 sibi
1932 701 1973 744 a
2028 675 2360 745 Germano
2424 690 2665 745 contra
2726 678 2874 764 jus,

693 793 925 886 fasque
965 793 1189 875 illata,
1230 792 1426 883 longa
1468 791 1764 862 oratione
1792 795 2114 884 queritur.
2158 791 2539 861 Glementis.
2570 793 2873 884 inexple-

691 908 828 977 bile
876 900 1623 999 regnandi'desiderium
1691 910 1759 975 in
1826 906 1964 974 dies
2026 908 2280 998 augeri,
2342 909 2397 974 si
2463 931 2579 997 per
2650 911 2863 977 otium

689 1024 1087 1114 quandoque
1127 1022 1363 1103 liceat,
1392 1023 1595 1088 etiam
1639 1024 1709 1088 in
1754 1021 2121 1089 Insubriam
2147 1041 2340 1089 arma
2366 1044 2861 1091 conversurum.

690 1139 875 1206 Dum
920 1140 1238 1229 exiguum
1262 1134 1476 1204 -facile
1519 1147 1619 1203 eat
1661 1137 1961 1226 extingui
2019 1158 2203 1225 posse
2244 1137 2661 1216 incendium,
2707 1137 2861 1215 sibi,

666 1256 796 1322 cui
840 1257 1046 1321 etiam
1089 1253 1281 1320 liberi
1323 1275 1409 1319 ex
1452 1254 1723 1340 tyranni
1768 1251 2076 1319 manibus
2118 1262 2276 1318 sunt
2328 1251 2737 1332 redimendi,
2781 1253 2861 1319 ad

684 1368 1122 1439 resistendum
1157 1370 1328 1435 vires
1365 1366 1623 1447 deesse3
1667 1368 1791 1457 ipsi
1836 1367 2173 1436 Bononiae
2215 1362 2660 1456 principatum
2708 1391 2864 1437 con·

684 1507 1017 1553 cessurum
1049 1481 1423 1572 pollicetur,
1453 1481 1653 1551 modo
1680 1480 1765 1549 ad
1796 1480 2171 1551 liberandos
2209 1495 2397 1549 natos
2440 1495 2855 1572 praesentem

547 1624 552 1629 ·
680 1602 1035 1694 pecuniam
1100 1610 1437 1679 numeret,
1502 1620 1839 1679 annuum,
1883 1597 2057 1665 unde
2120 1616 2239 1688 pto
2289 1598 2610 1687 dignitate
2673 1602 2862 1669 vivat

679 1714 1113 1806 stipendium,
1153 1712 1491 1803 largiatur.
1535 1711 1745 1780 Cum
1737 1717 1976 1802 petita
2033 1712 2458 1792 obtinuisset,
2500 1725 2571 1780 et
2607 1713 2860 1782 liberos

681 1830 1086 1908 redemisset,
1128 1825 1469 1895 Galleacio
1521 1827 2002 1916 Archipresulis
2045 1850 2131 1893 ex
2174 1824 2373 1894 fratre
2424 1831 2696 1916 nepoti,
2742 1831 2859 1918 qui

676 1967 918 2035 magna
962 1942 1256 2009 militum
1298 1965 1504 2009 manu
1532 1965 1686 2008 cnm
1719 1942 1759 2020 J
1761 1964 1972 2009 oaune
2000 1915 2322 2031 Olegiano
2348 1942 2520 2008 duee
2551 1957 2858 2022 venerat,

674 2061 910 2127 urbem
941 2059 1304 2127 Bononiam
1345 2057 1637 2125 tradidit.
1684 2057 1995 2133 Clemens
2041 2062 2158 2149 qui
2204 2080 2275 2126 se
2318 2081 2463 2124 eam
2507 2060 2854 2126 civitatem

676 2179 747 2243 in
808 2185 1133 2265 potestate
1175 2172 1567 2239 habiturum
1612 2186 2026 2262 speraverat,
2069 2173 2190 2240 ubi
2257 2173 2382 2239 bac
2446 2186 2586 2256 arte
2628 2198 2707 2240 ae
2750 2173 2855 2240 de·

672 2291 899 2359 lusum
941 2291 1280 2380 cognovit,
1323 2291 1521 2356 sacris
1556 2287 1974 2371 Mediolano,
2018 2289 2459 2378 omnibusque
2503 2290 2853 2379 Archipre·

671 2407 802 2476 suli
844 2407 1153 2475 subiectis
1197 2406 1358 2474 locis
1397 2384 1775 2472 interdixit:
1822 2429 1898 2473 ac
1943 2410 2137 2475 misso
2179 2409 2249 2473 in
2293 2407 2558 2473 Italiam
2589 2406 2855 2487 Guliel-

669 2512 1199 2611 mo'Ghrysanto
1239 2519 1484 2610 legato,
1512 2522 1632 2610 qui
1662 2534 1885 2609 postea
1916 2519 2220 2589 Pontifex
2250 2518 2466 2587 factus
2482 2521 2757 2588 Urbani
2787 2521 2850 2587 V

637 2661 910 2706 nomen
979 2635 1171 2715 tulit,
1224 2635 1640 2704 Florentinos
1705 2649 1775 2700 et
1836 2634 2198 2702 Mastinum
2252 2639 2322 2702 in
2360 2635 2851 2711 ‚vicecomitem

667 2753 997 2820 incitavit.
1043 2750 1415 2821 Flaminiae
1482 2749 1723 2819 Comes
1788 2748 2099 2839 Scaligeri
2167 2750 2417 2820 auxilio
2480 2750 2848 2821 Bononiam

667 2867 1048 2958 oppugnare
1112 2864 1380 2933 adortus
1398 2915 1421 2944 ,
1462 2886 1506 2930 a
1558 2863 1862 2945 Barnaba
1877 2913 1898 2944 ,
1957 2864 2162 2934 altero
2213 2864 2693 2955 Archipresulis
2760 2889 2845 2932 ex

664 2964 1175 3072 fratre⁹nepote‚
1215 2992 1286 3047 et
1327 2979 1713 3069 Philippino
1757 2979 2071 3070 Gonzaga
2129 2992 2229 3049 est
2293 2981 2616 3070 repulsus.
2665 2981 2846 3049 Tan·

664 3097 818 3164 dem
846 3108 1013 3186 post
1054 3095 1220 3162 duos
1264 3116 1473 3175 annos
1532 3096 1699 3162 inita
1755 3118 1917 3184 pace
1974 3098 2320 3176 convenit,
2362 3109 2443 3163 ut
2494 3096 2838 3165 duodecim

662 3206 968 3278 millibus
1011 3208 1411 3276 florenorum
1460 3231 1808 3277 aureorum
1851 3213 2206 3300 quotannis
2235 3209 2565 3277 Ecclesiae
2605 3210 2835 3278 solutis

663 3326 1099 3394 vicecomites
1141 3322 1553 3392 beneficiario
1594 3325 1739 3412 jure
1781 3325 2240 3395 Mediolanum
2281 3334 2607 3395 tenerent.
2650 3328 2834 3394 Gon·

662 3443 804 3529 zagi
870 3462 1137 3529 quoque
1205 3437 1547 3528 Scaligeris
1608 3453 1677 3506 et
1725 3439 2056 3508 Folleanis
2117 3442 2454 3521 conciliati
2522 3468 2651 3513 non
2718 3444 2828 3508 diu

659 3578 894 3645 pacem
947 3560 1401 3621 servaverunt.
1448 3553 1675 3623 Sancti
1720 3557 1896 3622 Petri
1943 3561 2119 3627 enim
2178 3569 2393 3625 castro
2440 3559 2823 3626 Bononiensi

657 3693 777 3760 per
818 3669 1254 3760 proditionem
1296 3669 1548 3737 comiti
1592 3657 1961 3738 Flaminiae
2008 3671 2292 3754 tradito,
2336 3672 2667 3742 Bononiae
2711 3674 2825 3741 Bo·

658 3773 1029 3865 naventura
1060 3782 1411 3852 Folleanus
1440 3785 1709 3862 Joannis
1740 3785 2041 3854 Andreae
2066 3786 2283 3868 -filius,
2329 3792 2448 3878 qui
2494 3790 2636 3875 ejus
2679 3812 2823 3856 con·

654 3901 1024 3993 spirationis
1094 3910 1327 3981 auctor
1384 3900 1758 3968 habebatur
1777 3953 1797 3983 ,
1838 3907 2077 3970 'securi
2138 3915 2244 3971 est
2307 3927 2669 3993 percussus.
2724 3905 2821 3969 -At

654 4012 981 4105 Ugolinus
1025 4014 1413 4106 Gonzagus,
1453 4027 1535 4106 ut
1578 4016 1919 4085 Barnabae
1985 4018 2397 4100 subveniret,
2438 3996 2815 4086 ‘Bononiam

654 4151 812 4205 cum
855 4128 1157 4225 pluribus
1198 4133 1401 4222 copiis
1439 4128 1775 4233 profectus
1814 4133 2131 4201 amissum
2161 4133 2509 4203 castellnm
2534 4135 2805 4222 recepit.
