2950 5017
925 411 1121 460 naun
1163 414 1440 463 *run-rme
1498 418 1505 425 ·
2138 426 2215 475 αι
2229 409 2269 473 3

41 542 430 622 susceptus
459 529 638 599 filius
665 532 1107 622 principatum
1138 535 1453 604 obtinuit.
1483 536 1753 604 Dicitur
1782 540 2072 608 moriens
2099 539 2267 610 Obi-

39 652 202 717 cint
252 649 686 718 mandavisse
730 659 809 716 ut
850 650 1142 718 Ferraria
1185 651 1405 734 Actio,
1446 651 1716 721 Mutina
1742 653 2265 743 Aldcbrandino,

39 778 124 832 et
173 762 489 856 Regium
533 764 881 856 Raynaldo
926 768 1121 835 tertio
1167 764 1304 843 filio
1345 767 1624 850 cederet,
1668 769 1782 838 sed
1813 772 2005 843 Actio
2046 777 2270 844 omnia

39 894 458 972 occupante
525 892 1000 948 testamentum
1070 884 1329 949 irritum
1398 881 1562 951 fuit.
1611 884 1993 955 Herberiam
2052 891 2270 971 enim,

37 996 471 1086 Regiolum,
518 1008 588 1063 et
631 996 995 1064 Albineam
1040 998 1489 1065 munitissima
1534 997 1954 1089 Regiensium
2004 1003 2273 1071 castella

37 1117 470 1205 occupavit,
513 1126 583 1181 et
648 1119 719 1182 in
789 1115 977 1181 urbis
1034 1126 1297 1182 nostrae
1357 1137 1502 1181 arce
1546 1115 1947 1186 Bernardino
1989 1118 2276 1208 parentis

39 1233 303 1324 legato
329 1232 586 1313 relicto,
614 1225 1096 1300 validissimum
1129 1231 1531 1321 praesidium·
1577 1234 1823 1324 posuit.
1868 1234 2088 1318 Quare
2115 1232 2274 1304 cum

45 1350 273 1418 nulla
335 1347 747 1439 recipiendae
805 1347 1135 1420 libertatis
1182 1370 1325 1437 spes
1371 1346 1660 1437 amplius
1711 1360 2103 1438 superesset,
2146 1350 2285 1418 Re-

53 1469 364 1556 gienses,
406 1462 588 1554 quod
632 1461 885 1531 auferre
944 1487 1075 1530 non
1143 1474 1451 1552 poterant
1469 1513 1489 1544 ,
1535 1462 1714 1532 ultro
1756 1464 1951 1533 Actio
2017 1488 2277 1534 conces-

54 1594 326 1650 serant.
374 1579 623 1649 Coacto
666 1579 993 1669 siquidem
1038 1580 1293 1645 civium
1340 1577 1627 1647 concilio
1691 1589 1773 1645 ut
1837 1584 2276 1649 necessarium

61 1702 174 1766 ita
249 1700 457 1764 etiam
523 1708 979 1787 opportunum
1024 1695 1105 1761 de
1149 1695 1334 1762 urbis
1393 1698 1778 1786 principatu
1820 1699 1885 1762 ei
1925 1694 2276 1768 deferendo

64 1813 448 1884 consilium
471 1862 476 1867 -
500 1824 953 1904 sumpserunt,
999 1833 1393 1901 summaque
1445 1814 1516 1878 in
1578 1835 1734 1879 eum
1776 1822 2103 1902 potestate
2144 1814 2278 1883 ccl-

59 1930 218 1998 lata
263 1929 451 1996 urbis
503 1941 901 2020 perpetuum
944 1928 1318 2017 Principem
1365 1941 1792 1996 creaverunt.
1844 1928 1938 1995 At
1981 1929 2274 1997 libertati

67 2049 258 2114 cives
306 2048 586 2127 assueti,
633 2048 752 2136 qui
795 2054 1016 2111 stante
1082 2044 1425 2133 republica
1491 2042 1860 2133 plurimum
1927 2056 2236 2135 poterant
2254 2096 2276 2129 ,

66 2164 254 2229 inter
298 2184 468 2251 quos
512 2160 758 2229 Tobias
802 2159 1157 2249 Raugonus
1178 2211 1197 2240 ,
1244 2171 1312 2225 et
1356 2155 1768 2227 Lanfrancus
1830 2157 1999 2242 fuit,
2045 2173 2281 2229 contra·

70 2300 240 2345 eum
311 2300 537 2345 mense
605 2287 886 2367 augusto
954 2278 1429 2366 conspirarunt.
1494 2275 1748 2344 Verum
1817 2277 2274 2364 conjuratione

68 2392 382 2474 detecta,
423 2395 519 2459 rei
558 2395 630 2459 in
673 2391 957 2460 exilium
1003 2394 1169 2472 acti,
1213 2404 1282 2458 et
1327 2415 1555 2459 eorum
1613 2391 1802 2460 aedes
1868 2392 2062 2460 velut
2126 2417 2274 2483 per-

69 2509 494 2578 duellionum
526 2506 828 2577 funditus
857 2532 1118 2576 eversae
1152 2505 1450 2576 fuerunt.
1499 2508 1725 2576 Rebus
1768 2511 1839 2576 in
1884 2508 2053 2575 urbe
2094 2533 2275 2578 eom-

73 2629 310 2716 positis
349 2626 612 2693 bellum
657 2626 964 2696 adversus
1008 2624 1448 2693 Carrarienses
1501 2620 1766 2695 Patavii
1825 2636 2141 2713 tyrannos
2184 2626 2273 2694 ob

76 2745 315 2810 Ateste
357 2743 677 2833 oppidum
744 2744 833 2810 ab
900 2741 1032 2809 illis
1097 2756 1497 2831 occupatum
1547 2741 1781 2809 Actius
1826 2753 2130 2830 gesturus
2173 2745 2275 2808 in-

77 2869 353 2946 gentem
413 2846 771 2948 peditum,
817 2859 1256 2948 equitumque
1324 2855 1663 2923 delectum
1731 2854 1924 2944 Regii
1990 2854 2267 2924 habuit.

81 2971 227 3040 Sed
275 2995 429 3040 curn
469 2974 733 3043 duobus
778 2975 1114 3041 mensibus
1155 2973 1514 3041 levioribus
1568 2970 1829 3062 praeliis
1883 2983 2113 3040 contra
2155 2971 2274 3041 bo-

77 3100 252 3157 stem
300 3101 622 3159 certatum
667 3102 863 3172 esset,
901 3089 1343 3180 Aquileiensis
1387 3087 1810 3156 Patriarchae
1853 3111 2088 3179 opera,
2131 3112 2268 3179 pax

81 3217 181 3272 est
225 3218 479 3273 secuta.
523 3207 714 3296 Regii
759 3228 914 3275 vero
942 3207 1412 3275 canussiorum
1444 3217 1513 3273 et
1540 3204 2011 3274 Folleanorum
2045 3205 2269 3286 aedes,

82 3344 255 3411 quae
323 3320 544 3390 forum
611 3322 1083 3402 circumibant,
1129 3322 1214 3388 ad
1257 3321 1620 3388 macellum
1682 3319 2184 3402 fabricandum,
2230 3344 2270 3388 a

85 3436 420 3527 republica
474 3450 734 3528 emptae
799 3436 1077 3505 fuerunt
1119 3439 1219 3505 (ῐ).
1279 3438 1434 3507 Post
1502 3459 1755 3505 annum
1823 3459 2028 3528 quam
2096 3436 2267 3504 baec

84 3565 230 3620 acta
271 3567 430 3623 sunt
475 3556 814 3623 Atestinus
860 3579 1057 3625 aureo
1100 3554 1377 3621 militari
1421 3553 1692 3645 cingulo
1736 3552 2015 3622 donatos
2054 3553 2270 3642 Ange-

83 3666 227 3736 lum
252 3669 679 3753 omnnium,
709 3684 778 3737 et
809 3671 1211 3739 Palmerium
1241 3668 1542 3737 Sessium
1588 3671 1876 3762 equestri
1908 3669 2267 3758 dignitate,

85 3808 255 3876 quae
296 3812 416 3878 pro
461 3810 723 3857 summo
770 3788 1016 3857 honore
1063 3799 1222 3855 tunc
1253 3786 1564 3869 dabatur,
1611 3789 1993 3869 exornavit3
2037 3786 2267 3855 Ferra-

163 4146 241 4220 (ι)
273 4148 342 4203 Ut
375 4149 435 4203 in
469 4148 607 4205 libro
639 4166 837 4222 magno·
