2950 5017
901 427 1102 478 mann
1145 433 1438 489 Qmm‘us
2135 415 2263 504 337
2374 475 2377 478 Α

66 566 526 635 reverteretur,
570 552 776 621 nullis
825 558 1133 644 praemiis
1179 558 1460 623 retinere
1522 564 1921 645 potuerunt.
1965 554 2262 632 Ioannes

66 697 194 740 vero
239 672 646 739 Galleacius
695 684 796 739 tot
847 675 1179 762 perpetuis
1225 672 1417 738 bellis
1463 674 1758 752 attritus,
1807 684 1886 739 ut
1929 671 2259 749 Joannem
2312 681 2322 692 '

66 789 480 858 Bentivolum
528 787 958 855 ulcisceretur
1024 814 1140 878 per
1173 824 1180 831 ·
1209 790 1661 856 acerbissimas
1723 792 2099 858 exactiones
2159 792 2262 856 in·

66 897 302 996 gentem
351 907 720 996 pecuniam
764 904 1059 995 collegit,
1091 904 1616 995 Albericumque
1645 904 2052 972 Balhiauum
2099 929 2262 972 cum

66 1022 468 1092 formidando
502 1025 801 1098 exercitu
841 1023 931 1091 ad
975 1022 1440 1113 occupandam
1472 1022 1840 1092 Bononiam
1878 1025 2077 1091 misit.
2109 1021 2266 1092 Flo-

66 1142 284 1208 rentini
347 1152 550 1208 tanto
614 1153 941 1230 apparatu
987 1138 1317 1209 fortunati
1363 1142 1683 1231 principis
1727 1143 2057 1230 perterriti
2102 1140 2263 1207 Bar-

66 1257 363 1325 denonem
407 1259 849 1348 Aquitanum
899 1260 1232 1326 exercitus
1291 1261 1763 1348 imperatorem
1825 1256 2264 1326 fortissimum

66 1378 120 1442 iu
162 1375 505 1444 Bentivoli
576 1375 915 1444 auxilium
987 1378 1080 1443 ire
1147 1376 1429 1463 jubent3
1485 1378 1605 1466 qui
1667 1375 1752 1443 ad
1807 1375 2266 1443 Casaleccium

66 1490 280 1558 collata
322 1493 474 1558 acie
523 1491 836 1558 Balbiani
883 1495 1135 1560 virtute
1178 1505 1565 1582 superatur.
1612 1491 1690 1559 In
1737 1516 1817 1560 eo
1862 1491 2112 1581 praelio
2155 1493 2268 1569 Jo-

69 1630 218 1674 snne
256 1631 538 1699 quoque
579 1608 933 1677 Bentivolo
979 1608 1394 1682 obtruncato,
1427 1608 1816 1677 Vicecomes
1864 1611 2126 1676 nemine
2168 1633 2268 1677 re·

71 1725 314 1791 sistente
357 1723 667 1793 Bononia
712 1722 911 1790 facile
957 1728 1213 1814 potitus
1255 1737 1381 1792 est.
1427 1724 1736 1792 Ob'eam
1770 1727 2099 1815 insignem
2132 1727 2270 1793 vic-

71 1842 278 1906 toriam
323 1865 458 1910 non
510 1841 703 1930 Regii
752 1853 1061 1923 tantum,
1108 1841 1220 1908 sed
1287 1843 1358 1909 in
1428 1840 1580 1909 aliis
1648 1840 1917 1910 Galliae
1984 1841 2266 1908 urbibus

73 1955 324 2024 indictae
366 1958 932 2049 supplicationes,
964 1960 1281 2048 ignesque
1312 1955 1588 2048 plurimi
1620 1958 1931 2048 publicae
1964 1956 2260 2025 laetitiae

74 2093 241 2140 causa
282 2089 442 2142 sunt
491 2079 778 2144 accensi.
828 2075 1197 2143 Othobouo
1245 2074 1509 2156 Tertio,
1555 2078 1673 2165 qui
1720 2079 2046 2165 egregiam
2106 2098 2266 2166 ope-

78 2212 196 2255 ram
237 2194 300 2259 in
346 2217 427 2263 eo
477 2196 848 2261 certamine
894 2206 1291 2276 cavaverat,
1323 2193 1875 2274 Guardasonum,
1919 2193 2263 2283 Scalogia,

79 2304 467 2393 columium,
516 2322 592 2378 et
633 2310 766 2378 alia
812 2310 1212 2397 adjacentia,
1253 2335 1430 2401 quae
1471 2310 1635 2380 olim
1676 2311 1945 2378 Giberti
1980 2312 2265 2400 Corrigii

78 2418 337 2509 fuerant,
368 2428 649 2497 castella
679 2429 927 2496 donata
959 2426 1167 2497 fuere.
1215 2430 1362 2498 Hoc
1409 2428 1593 2497 felici
1639 2454 1862 2498 rerum
1916 2452 2222 2497 successu
2243 2480 2264 2510 ,

83 2537 219 2607 dum
260 2544 338 2610 ad
385 2549 598 2615 totius
643 2544 877 2612 Italiae
921 2568 1199 2636 regnum
1232 2547 1522 2623 Joannes
1551 2546 1936 2613 Galleacius
1982 2548 2262 2634 aspirat,

86 2676 230 2724 anno
269 2665 503 2730 aetatis
552 2664 1109 2752 quinquagesimo
1157 2665 1399 2752 quinto
1457 2661 1725 2728 tabifica
1795 2659 1979 2727 febre
2049 2683 2266 2727 corre-

88 2781 211 2857 ptus
257 2780 492 2866 quinto
542 2802 751 2847 nonas
794 2779 1191 2869 septembris
1225 2778 1405 2868 apud
1435 2779 1918 2867 Maregnanum
1950 2776 2263 2857 decessit3

91 2889 169 2953 vir
204 2914 330 2980 quo
396 2896 512 2963 vel
580 2898 847 2994 imperii
910 2894 1414 2984 magnitudine,
1459 2894 1569 2962 vel
1636 2915 1855 2961 rerum
1925 2905 2264 2983 gestarum

90 2999 367 3079 felicitate
400 3037 439 3079 a
470 3013 784 3082 Ghoticis
829 3012 1245 3103 temporibus
1290 3035 1491 3081 nemo
1539 3015 1610 3079 in
1655 2991 1856 3079 Italia
1887 3011 1998 3078 vel
2033 3024 2268 3101 poten-

90 3122 197 3189 tior
235 3107 332 3194 vel
362 3130 605 3200 clarior
636 3134 892 3202 extitit.
925 3130 1033 3197 Ad
1065 3129 1410 3199 obeundas
1440 3130 1775 3199 bellorum
1809 3129 2266 3222 expeditiones

92 3239 290 3327 viginti
330 3247 643 3315 millibus
689 3250 1038 3339 equitum,
1085 3246 1505 3338 totidemque
1548 3247 1893 3338 peditibus
1936 3257 2263 3339 perpetuo

95 3376 250 3439 usus,
298 3367 501 3433 etiam
560 3364 996 3436 fortissimum
1041 3367 1385 3458 quemque
1433 3366 1872 3457 amplioribus
1915 3365 2266 3457 stipendiis

97 3470 419 3547 invitatum
465 3483 743 3563 alebat3
790 3507 928 3574 qua
971 3494 1115 3552 arte
1157 3506 1315 3551 cum
1370 3487 1675 3583 maxima
1734 3485 2020 3551 nominis
2079 3481 2266 3550 fama

98 3589 452 3674 opulentum
498 3622 778 3690 regnum
826 3598 915 3666 ad
959 3610 1258 3690 posteros
1303 3602 1694 3670 transmisit.
1744 3597 1880 3666 Sed
1928 3596 2267 3689 praeclara

101 3700 220 3786 eju*
280 3725 453 3800 gesta
519 3741 658 3786 non
726 3739 970 3807 parum
1015 3716 1431 3799 obscuravit,
1480 3715 1662 3807 quod
1707 3728 1968 3806 praeter
2012 3726 2266 3781 ceteros

102 3821 390 3916 principes
430 3835 717 3926 superbo
762 3834 946 3903 fastu
994 3834 1422 3902 ambitiosius
1464 3833 1681 3901 elatus
1698 3884 1717 3915 ,
1760 3834 1964 3900 etiam
2011 3829 2269 3900 nobiles
2389 3900 2397 3907 ,

69 3937 252 4006 ‘viros
289 3950 561 4034 genibus
605 3950 794 4019 flexis
840 3962 998 4019 ante
1043 3972 1118 4020 se
1165 3949 1600 4041 procumbere
1644 3949 2074 4042 patiebatur3
2120 3970 2268 4038 gra-

104 4053 366 4132 Vi⁸⁸imos
406 4092 596 4154 vero,
639 4084 711 4140 et
755 4073 1012 4161 primae
1055 4068 1280 4138 classis
1330 4067 1635 4139 homines
1679 4067 1763 4137 ad
1808 4067 2119 4138 dexterae
2162 4087 2268 4133 os·

105 4169 327 4264 culum,
352 4187 527 4277 quod
556 4200 715 4260 ante
745 4188 1020 4283 aliquot
1064 4163 1333 4262 saecula
1374 4191 1446 4256 in
1490 4185 1692 4256 Italia
1735 4209 1935 4254 nemo
1981 4182 2265 4263 viderat,
2376 4171 2381 4176 ⁵

1978 4318 2043 4354 22
