2950 5017
653 427 784 505 566
1403 451 1644 497 annun
1689 450 2114 497 antemnarum

650 570 1330 665 ad'despondendum
1398 574 1705 641 animum
1771 575 1949 640 cives
2015 572 2261 662 adegit.
2322 573 2421 639 At
2490 572 2856 655 Famam,

648 693 975 763 canu-sio
1039 701 1425 781 expugnato
1448 740 1467 768 ‚
1521 690 1728 758 etiam
1801 689 2256 770 Bibianellum
2324 712 2487 756 cum
2565 694 2859 779 proximis

651 806 947 878 castellis
999 808 1381 896 occupavit.
1449 805 1617 874 Inde
1672 805 1875 875 colles
1921 805 2351 897 Regiensium
2401 806 2858 896 depraedatus,

649 937 1006 994 montanos
1073 921 1375 992 homines
1424 923 1735 1012 'proprias
1804 921 1996 990 sedes
2060 922 2353 990 deserere
2406 927 2664 1013 coegit.
2707 924 2853 991 Cum

647 1042 769 1111 alii
808 1064 1081 1133 quoque
1125 1042 1361 1109 rustici
1422 1044 1604 1108 intra
1669 1040 1908 1110 urbem
1978 1065 2046 1110 se
2114 1044 2570 1131 recepissent,
2616 1042 2855 1108 doeertis

647 1159 1020 1250 agrestibus
1061 1160 1271 1238 casis,
1314 1160 1545 1247 ingens
1590 1157 1849 1247 ubique
1893 1159 1963 1225 iu
2012 1155 2190 1225 villis
2235 1157 2549 1228 solitudo
2594 1161 2860 1226 invenie·

644 1278 888 1356 batur3
919 1298 1117 1344 nemo
1150 1298 1336 1364 agros
1366 1273 1607 1355 colere,
1653 1277 1851 1363 pauci
1887 1275 2090 1342 etiam
2123 1286 2338 1341 terrae
2386 1278 2663 1343 semina
2709 1299 2862 1343 com·

647 1396 938 1462 mittere.
985 1391 1065 1459 In
1110 1391 1278 1457 urbe
1322 1389 1788 1458 calamitatem
1831 1392 2160 1482 Aquitani
2204 1389 2461 1460 milites
2516 1392 2882 1481 augebant„

643 1512 764 1602 qui
809 1509 1059 1599 rapinis
1102 1508 1347 1576 intenti
1363 1556 1385 1586 ,
1427 1504 1764 1598 quidquid
1815 1519 2165 1598 poterant,
2209 1506 2663 1597 impudenter
2710 1505 2863 1574 aufe-

643 1627 909 1697 rebant.
941 1626 1062 1693 His
1091 1624 1462 1694 addebatur
1493 1624 1679 1715 quod
1712 1622 2053 1696 frumenta
2098 1645 2140 1693 a
2185 1627 2462 1694 rusticis
2512 1649 2650 1716 pro
2678 1630 2863 1695 victus

644 1767 776 1813 usu
818 1746 890 1811 iu
936 1742 1176 1810 urbem
1235 1740 1447 1810 allata
1519 1741 1606 1812 ad
1671 1741 1978 1812 rnilitum
2043 1740 2367 1813 alimenta
2411 1744 2860 1812 vertebantur.

643 1861 961 1929 Gemitus
1025 1881 1402 1950 pauperum
1470 1870 1543 1924 et
1609 1857 2016 1940 mulierum,
2060 1876 2240 1948 quae
2305 1858 2440 1928 sub
2515 1859 2863 1949 porticibus

642 1988 1029 2069 pernoctare
1073 1975 1513 2066 cogebantur,
1554 1996 2061 2066 puerorumque
2131 1975 2433 2067 ploratus
2505 1976 2862 2046 miserando

641 2091 1025 2184 spectaculo
1072 2103 1287 2161 totam
1360 2091 1598 2159 urbem
1668 2092 2199 2182 compleverant.
2244 2092 2495 2182 Ingens
2541 2106 2860 2184 praeterea

641 2210 1083 2279 morientium
1122 2205 1499 2276 multitudo
1532 2204 1819 2275 afflictae
1848 2212 2143 2278 civitatis
2171 2208 2656 2276 calamitatem
2690 2210 2864 2276 adau-

640 2329 797 2409 xit3
839 2339 912 2395 et
953 2324 1139 2418 quod
1185 2323 1632 2393 miserabilius
1679 2338 1821 2406 est,
1863 2328 1919 2392 si
1966 2317 2353 2396 diuturnius
2399 2325 2689 2393 bellum
2731 2324 2862 2393 fuis-

640 2451 773 2526 se't,
817 2445 890 2511 in
935 2441 1105 2512 urbe
1147 2453 1535 2510 commeatu
1579 2440 1969 2521 deficiente,
2012 2445 2478 2522 civesomnes
2526 2443 2740 2511 bonis
2776 2444 2866 2509 de·

641 2561 932 2632 nudatos
974 2560 1143 2628 urbe
1186 2556 1481 2646 ejectum
1528 2561 1612 2627 iri
1656 2556 1989 2627 ferebant.

775 2678 962 2747 Inter
1003 2677 1174 2755 baec
1216 2665 1664 2758 Mocciatella,
1693 2687 1768 2743 et
1792 2674 2174 2746 Scaudiana
2218 2676 2309 2746 ab
2354 2676 2688 2748 hostibus
2730 2694 2867 2770 cap-

560 2871 563 2880 !
641 2800 764 2878 tis,
808 2807 878 2863 et
920 2793 1176 2866 ,canalis
1223 2793 1404 2884 aqua
1448 2813 1719 2869 aversa,
1763 2793 1925 2861 urbs
1968 2790 2110 2862 fere
2158 2785 2650 2866 obsidebatur.
2693 2796 2864 2864 Prae·

640 2912 809 2982 sidio
850 2911 952 2979 ibi
996 2914 1335 3000 imposito,
1371 2908 1702 2979 Octavius
1729 2909 1896 2978 dum
1930 2909 2241 2978 Parmam
2287 2913 2670 2980 revertitur
2711 2911 2862 2982 forte

644 3032 717 3098 in
783 3027 1217 3119 Alpbonsum
1283 3025 1558 3096 incidit.
1611 3026 2003 3096 Commisso
2070 3031 2288 3119 us'que
2354 3028 2441 3097 ad
2513 3030 2857 3103 obscuram

643 3157 911 3244 noctem
975 3145 1231 3236 praelio
1248 3195 1269 3225 ,
1333 3146 1405 3213 in
1473 3155 1787 3214 neutram
1847 3158 2105 3235 partem
2174 3147 2319 3216 visa
2380 3158 2486 3213 est
2551 3147 2857 3216 inclinare

643 3266 946 3332 victoria.
993 3261 1225 3331 Plures
1269 3274 1501 3332 tamen
1547 3286 1637 3332 ex
1680 3262 2020 3343 hostibus,
2065 3273 2136 3331 et
2182 3261 2391 3334 ferme
2435 3277 2854 3343 sexcentum,

644 3403 824 3471 equo
887 3381 1090 3447 etiam
1146 3403 1286 3471 quo
1329 3379 1658 3449 Octavius
1724 3378 2068 3452 ferebatur
2133 3380 2522 3463 vulnerato,
2571 3383 2852 3451 cecidisse

642 3496 1063 3568 dicebantur.
1110 3498 1409 3566 Domum
1453 3497 1658 3569 Rollo
1704 3511 1943 3590 capto,
1990 3523 2150 3570 cum
2206 3512 2512 3574 armenta
2571 3503 2852 3593 undique

645 3613 1104 3710 abigerentur,
1149 3617 1421 3708 vivique
1476 3615 1787 3688 homines
1852 3630 2280 3710 caperentur,
2324 3622 2586 3690 nemini
2649 3634 2849 3688 tutam

642 3741 773 3806 iter
815 3734 1130 3806 dabatur.
1186 3734 1314 3802 Per
1375 3734 1690 3826 hyemem
1743 3736 1907 3803 dum
1966 3761 2065 3805 res
2117 3739 2462 3828 quiescere
2521 3739 2849 3817 videntur,

644 3850 1032 3943 Alphonsus
1089 3851 1395 3920 Herculis
1447 3849 1631 3922 filius
1697 3875 1857 3922 cum
1927 3852 2115 3924 mille
2173 3853 2518 3943 peditibus
2564 3869 2641 3922 et
2682 3857 2850 3946 quin·

647 3973 859 4059 gentis
915 3968 1263 4060 equitibus
1329 3972 1727 4062 intempesta
1780 3983 1976 4040 nocte
2031 3970 2572 4053 Mocciatellam,
2629 3985 2693 4039 et
2738 3970 2849 4037 Cs-

644 4087 948 4158 numium
995 4089 1063 4152 vi
1106 4100 1493 4177 expugnata
1535 4087 1816 4158 castella
1861 4090 2151 4178 recepit:
2197 4090 2632 4166 moxNicea
2674 4112 2844 4179 supe·

645 4214 819 4285 rata,
863 4205 1069 4271 etiam
1116 4201 1631 4272 Guatdasonum
1687 4208 1756 4276 in
1815 4206 2511 4277 montibusmstrum
2563 4211 2632 4277 vi
2675 4228 2840 4277 oecu-
