2950 5017
584 412 732 498 458
1335 425 1581 474 amar
1622 359 2075 490 amnuerunt·

584 575 763 644 equo
829 570 1096 618 currens
1147 546 1563 618 Vdverdum
1627 546 1867 616 villam
1892 609 1913 626 ,
1932 568 2129 618 snam
2194 557 2396 615 antea
2462 549 2835 618 munitam

584 669 808 761 petiit.
852 665 1113 734 Tantus
1155 661 1293 732 fuit
1330 666 1741 733 currentium
1770 685 1974 753 angor
2019 675 2091 730 et
2138 662 2516 745 tumultus,
2564 676 2652 732 ut
2691 666 2826 734 ali-

586 788 734 878 qui,
782 787 959 873 inter
1002 806 1173 875 quos
1216 780 1356 849 fuit
1385 780 1696 863 Giarola‚
1740 794 1933 849 aestu
1976 792 2049 848 et
2090 779 2409 871 languore
2453 779 2704 856 defessi
2740 788 2820 853 in

584 904 806 971 media
852 904 965 970 via
994 881 1353 991 'expirasse
1404 900 1738 969 dicantur.
1783 898 2102 990 Magnam
2149 898 2461 968 hostibus
2513 897 2811 990 fugiendi

581 1020 1158 1110 opportunitatem
1225 1014 1599 1083 Calcaneus
1664 1012 1917 1082 dedisse
1982 1017 2410 1083 existimatus
2476 1027 2635 1098 est,
2698 1019 2809 1108 qni

580 1135 747 1204 dum
793 1138 863 1202 in
908 1129 1294 1224 diripiendis
1324 1132 1597 1210 Ioannis
1627 1130 1971 1222 Baptistae
2002 1130 2308 1202 Cordetti
2353 1132 2656 1200 aedibus
2697 1135 2815 1202 im-

583 1264 910 1334 moratur,
941 1254 1202 1322 exitum
1234 1264 1433 1320 extra
1460 1253 1727 1320 moenia
1770 1248 2255 1322 interclusurus
2296 1272 2447 1321 sero
2496 1252 2819 1322 occurrit.

583 1371 785 1458 Quod
827 1373 1032 1462 igitur
1074 1381 1416 1461 supererat
1481 1367 1570 1436 ad
1639 1367 1939 1437 bostium
1983 1367 2357 1459 spoliandas
2377 1419 2400 1449 ,
2445 1368 2819 1439 devastan-

583 1490 838 1580 dasque
881 1489 1118 1559 domos
1162 1488 1486 1566 conversi,
1529 1488 1603 1554 in
1648 1488 1882 1576 primis
1913 1484 2230 1577 Gasparis
2264 1486 2575 1556 Messorii
2622 1487 2821 1557 aedes

582 1606 1056 1687 incenderunt,
1098 1605 1334 1673 deinde
1379 1602 1464 1672 ad
1509 1602 1923 1674 Zobolorum
1987 1603 2272 1672 domum
2329 1603 2818 1686 convolantes,

581 1722 859 1810 dejectis
901 1720 1186 1803 foribus,
1230 1735 1303 1789 et
1343 1719 1730 1789 loculorum
1776 1721 2090 1788 claustris
2121 1724 2192 1790 vi
2220 1720 2552 1811 diruptis,
2584 1745 2821 1811 argen-

584 1855 770 1922 tum,
837 1863 1037 1921 vasa,
1108 1851 1355 1921 vestes,
1419 1860 1830 1929 omnemque
1902 1836 2387 1928 supellectilem
2450 1838 2821 1929 diripiunt.

582 1955 895 2026 Effractis
937 1955 1193 2026 horreis
1260 1967 1333 2023 et
1395 1954 1614 2036 cellis,
1657 1953 1950 2046 quiquid
2013 1965 2159 2022 erat
2228 1956 2472 2035 tritici,
2522 1958 2714 2036 vini,
2755 1967 2823 2023 et

582 2076 866 2164 penoris·
888 2075 1197 2139 certatim
1242 2083 1627 2161 exportant,
1669 2070 1865 2139 sellas
1906 2069 2266 2158 dejiciunt,
2313 2069 2643 2140 tabulata
2693 2071 2823 2139 dis-

582 2194 832 2281 sipant,
872 2186 1197 2291 fenestras
1239 2201 1615 2275 proterunt.
1671 2188 1783 2258 Ne
1840 2188 2039 2258 aedes
2106 2188 2633 2278 incenderentur
2685 2190 2828 2257 Lu-

584 2311 796 2374 cretia
839 2305 1133 2375 Falcona
1168 2305 1440 2395 Georgii
1478 2305 1674 2373 Bebii
1720 2328 1949 2374 socrus
1995 2305 2332 2394 precibus,
2375 2316 2448 2373 et
2490 2305 2827 2397 lacrymis

584 2422 879 2492 Paulum
922 2422 1212 2492 Bebium
1255 2423 1577 2490 detinuit.
1622 2421 1966 2492 Vincentii
2013 2444 2287 2514 quoque
2330 2420 2657 2509 Scajolae
2700 2423 2827 2492 do-

583 2564 739 2609 mus
783 2540 1083 2631 direpta,
1137 2542 1367 2609 vicinis
1436 2543 1639 2608 enixe
1686 2539 2246 2630 deprecantibus,
2313 2541 2436 2608 vix
2499 2539 2597 2607 ab
2666 2542 2829 2630 igne

582 2657 816 2726 illaesa
859 2671 961 2726 est
1006 2669 1417 2727 conservata.
1462 2656 1543 2725 In
1575 2659 1812 2725 ceteris
1842 2656 2009 2728 locis
2037 2679 2156 2746 pet
2184 2668 2343 2726 octo
2366 2655 2508 2724 dies
2539 2681 2585 2723 a
2610 2656 2826 2728 nullo

537 2841 546 2850 ,
582 2774 900 2862 injuriae,
943 2774 1326 2855 homicidii,
1368 2775 1964 2872 stupri,‘apinae,
1993 2771 2316 2854 incendii,
2344 2771 2825 2864 sacrilegiique

584 2914 819 2981 genere
859 2889 1438 2961 debacchantibus
1483 2892 1729 2981 passim
1769 2888 2139 2958 victoribus
2183 2900 2286 2956 est
2330 2901 2824 2980 temperatum.

582 3006 1013 3099 Efflagitatus
1057 3011 1127 3075 in
1174 3009 1402 3098 primis
1447 3030 1528 3075 ac
1576 3006 1935 3096 diligenter
1982 3007 2385 3098 perquisitus
2429 3017 2536 3074 est
2578 3030 2674 3073 ex
2719 3006 2820 3074 D.

582 3124 926 3193 Dominici
969 3123 1204 3194 ordine
1250 3125 1585 3192 Antonius
1627 3122 2063 3213 Mingbellus,
2108 3124 2231 3214 qui
2274 3133 2511 3191 contu
2557 3120 2819 3211 profes-

583 3245 785 3311 sionis
815 3243 1022 3311 decus
1055 3243 1297 3310 barum
1335 3241 1744 3311 seditionum
1789 3245 2187 3332 praecipuus
2231 3251 2464 3309 auctor
2506 3239 2821 3307 babeba-

586 3370 723 3440 tur,
753 3372 823 3426 et
855 3363 982 3427 tria
1027 3363 1233 3427 etiam
1268 3382 1386 3449 pro
1415 3357 1704 3445 Scajolis
1748 3358 2069 3426 cubicula
2112 3360 2195 3427 in.
2228 3357 2559 3427 coenobio
2602 3359 2815 3426 armis

583 3478 972 3545 instruxisse
1001 3473 1385 3557 ferebatur;
1430 3477 1546 3545 sed
1590 3480 1647 3546 is
1692 3479 1767 3546 iu
1812 3480 2029 3568 primo
2059 3473 2301 3546 furoris
2343 3479 2612 3566 impetu
2658 3497 2815 3542 ma-

583 3605 734 3664 ture
775 3590 1037 3684 fugiens
1081 3592 1396 3662 Venetiae
1434 3606 1873 3686 concesserat.
1919 3593 2291 3663 Gatharina
2328 3615 2608 3685 quoque
2636 3590 2820 3662 Boc-

497 3767 504 3776 .
583 3715 760 3780 catia
804 3712 971 3781 olim
1030 3709 1383 3780 Baltasaris
1436 3711 1782 3800 Scajolae,
1825 3712 2067 3780 deinde
2110 3710 2453 3779 Falcbetti
2503 3710 2810 3780 Messorii

581 3829 871 3914 conjux,
922 3842 993 3897 et
1037 3829 1255 3899 Tobia
1300 3829 1562 3900 Zobola
1607 3829 1914 3902 Auselmi
1977 3854 2184 3909 uxor,
2225 3827 2411 3919 quod
2457 3829 2531 3894 in
2576 3848 2819 3898 earam

584 3948 867 4035 gratiam
902 3944 1294 4015 mulierosus
1316 3947 1704 4020 Gozadinus
1733 3972 1870 4018 non
1901 3970 2118 4037 pauca
2149 3958 2406 4037 praeter
2432 3945 2543 4031 jus
2564 3940 2812 4016 ,fecisse

583 4061 948 4145 diceretur,
987 4063 1241 4153 ingenti
1310 4063 1536 4134 studio
1600 4066 2017 4154 conquisitae
2035 4114 2058 4144 ,
2118 4084 2468 4153 nunquam
2522 4060 2812 4128 inveniri

582 4191 951 4269 potuerunt
969 4230 988 4249 .
1056 4180 1281 4271 Hujus
1345 4185 1531 4252 enim
1597 4181 1838 4254 turbae
1901 4183 2097 4252 initio
2162 4179 2250 4248 ad
2313 4176 2803 4249 Bernardinum
