2950 5017
887 419 1088 470 tran
1131 421 1421 481 cmm-us
1690 398 1697 410 “
1774 441 1783 448 ·
2117 411 2245 479 321

42 546 112 615 nd
153 560 543 636 utrumque
572 556 780 635 caput
811 548 1117 628 munitis,
1150 549 1617 641 columnisque
1656 559 2049 641 perpetuam
2092 574 2252 621 cou-

42 664 484 754 tiguationem
534 664 858 752 utrinque
901 661 1386 732 sustinentibus
1453 663 1809 756 magnifico
1873 690 2073 757 opere
2139 692 2258 736 ex·-

42 790 344 846 truxerat.
415 778 774 846 Praeterea
840 782 1265 869 gymnasium
1314 780 1537 848 Ticini
1602 806 1643 848 a
1709 781 1956 851 carolo
1999 782 2251 874 Magno
2325 786 2333 796 ’

42 900 445 978 institutum,
497 909 573 963 et
615 910 842 988 postea
887 898 1221 967 bellorum
1260 899 1644 968 calamitate
1668 900 2107 983 destitutum,
2153 901 2252 970 al-

42 1016 220 1081 terius
250 1011 494 1084 Caroli
527 1013 628 1082 IV
659 1014 1082 1105 Imperatoris
1114 1019 1519 1084 auctoritate
1550 1030 2012 1099 renovaverat,
2043 1032 2249 1109 atque

42 1133 204 1198 inter
244 1130 421 1199 alios
473 1134 706 1221 magni
767 1134 1054 1202 nominis
1120 1135 1296 1201 viros
1364 1157 1444 1201 eo
1512 1135 1721 1201 etiam
1788 1129 2254 1225 Philippin‘um

42 1245 376 1315 Gassolum
425 1248 830 1339 Regiensem
889 1251 1217 1318 eximium
1288 1251 1544 1337 jurium
1613 1248 2080 1341 professorem,
2132 1256 2254 1345 qui

42 1363 382 1432 clarissima
430 1363 629 1432 fama
671 1377 922 1435 ceteros
965 1377 1117 1433 tum
1164 1367 1465 1434 anteibat
1483 1418 1503 1448 ,
1556 1366 1902 1459 perampla
1961 1371 2254 1459 pecunia

42 1481 298 1551 Patavio
345 1483 719 1552 evocatum
767 1484 1205 1554 conduxerat.
1265 1485 1331 1552 Is
1388 1487 1710 1554 memoria
1776 1489 2073 1555 maxime
2139 1511 2257 1556 ex-

45 1597 261 1668 cellens
307 1600 396 1667 ad
445 1625 605 1669 eam
651 1604 939 1670 nominis
992 1602 1455 1671 celebritatem
1518 1617 1939 1694 pervenerat,
1987 1617 2070 1672 ut
2113 1629 2258 1675 om·

52 1720 219 1785 nium
282 1721 386 1787 sui
465 1724 789 1812 temporis
855 1722 1208 1790 doctorum
1279 1722 1541 1791 Doctor
1605 1721 1812 1813 vulgo
1877 1737 2255 1792 vocaretur.

49 1834 317 1903 Demum
397 1833 700 1905 nimium
768 1838 1015 1930 gloriae
1085 1840 1372 1932 cupidus
1440 1843 1688 1931 ingenii
1757 1838 2115 1925 felicitate,
2183 1853 2256 1909 et

54 1949 271 2020 fiducia
313 1954 670 2026 doctrinae
715 1979 784 2024 se
828 1957 1179 2047 quibusvis
1225 1957 1625 2025 ultimarum
1656 1958 2092 2028 voluntatum
2127 1958 2255 2025 du-

56 2067 166 2135 biis
201 2094 679 2163 responsurum
752 2099 954 2142 ausus
1022 2045 1128 2143 est*
1189 2074 1514 2167 profiteri.
1560 2076 1742 2145 Inter
1789 2077 1957 2147 alios
1999 2071 2255 2148 no‘bile's

60 2182 458 2276 jurisperitos,
490 2194 618 2281 qui
666 2203 817 2259 tum
849 2192 1069 2261 Ticini
1116 2191 1629 2282 profitebantur,
1661 2192 2249 2272 Baldus'Ubaldus

66 2301 412 2390 Perusinus,
482 2309 1006 2401 christophorus
1071 2311 1566 2380 castellionem
1633 2313 1780 2401 ejus
1846 2311 2250 2402 discipulus,

66 2418 309 2493 Ioannes
376 2438 447 2494 et
517 2426 908 2518 Signorolus
956 2429 1284 2498 Homodei
1341 2428 1900 2510 Mediolanenses,
1967 2444 2261 2520 uterque·

71 2532 338 2625 Raphael
404 2555 475 2611 et
547 2544 854 2622 Ioannes,
888 2545 1120 2613 Petrus
1187 2547 1522 2614 Ferrarius
1589 2547 1926 2637 Papiensis
1993 2547 2250 2632 jurium

70 2652 420 2738 professores
467 2661 824 2729 clarissimi
871 2663 1321 2731 habebantur.
1367 2641 1521 2742 Jam
1567 2664 1706 2731 dies
1752 2675 2064 2744 venerat,
2109 2685 2248 2751 quo

70 2769 126 2835 in
163 2796 387 2865 magna
441 2777 868 2848 audientium
939 2783 1143 2850 turba
1211 2783 1597 2872 Philippino
1662 2784 1947 2871 ingenii,
1993 2791 2063 2848 et
2111 2804 2251 2846 me-

79 2892 286 2957 moriae
328 2893 615 2965 felicitas
654 2900 1048 2967 ostentanda
1092 2914 1265 2979 erat3
1314 2923 1472 2967 cum
1519 2901 1588 2965 in
1636 2898 1856 2967 medio
1901 2897 2248 2987 prosiliens

74 2999 284 3076 Baldus
339 3013 485 3099 ejus
545 3020 992 3107 antagonista:
1042 3016 1180 3084 Ubi
1224 3031 1357 3097 est,
1401 3018 1660 3107 inquit,
1704 3016 2049 3106 Philippe,
2101 3014 2251 3101 jure

78 3117 331 3194 decisum
373 3133 827 3201 substitutum
877 3134 1068 3202 alteri
1138 3137 1208 3202 in
1282 3134 1506 3225 legato
1566 3137 1662 3201 ita
1706 3131 1980 3201 demum
2027 3156 2255 3200 succe-

79 3234 232 3323 dere,
269 3250 322 3312 si
361 3249 479 3319 ille
526 3250 839 3320 relictum
901 3255 1340 3345 repudiasset,
1406 3279 1541 3321 non
1610 3277 1808 3335 casu,
1853 3276 1991 3343 quo
2058 3252 2254 3321 aliter

76 3350 425 3444 defecisset?
471 3369 581 3436 Ad
629 3373 1046 3461 inopinatam
1099 3373 1311 3439 banc·
1360 3374 1946 3462 interrogationem
2009 3370 2254 3439 obmu-

85 3482 329 3547 tercenta
371 3485 716 3580 Philippo,
759 3493 989 3557 statim
1040 3490 1254 3581 legem
1327 3515 1505 3581 quae
1571 3492 1832 3557 etiamsi
1900 3490 1968 3555 id
2036 3493 2254 3580 prima

81 3581 264 3661 fronte
306 3602 473 3671 velle
521 3606 588 3672 id
636 3606 1032 3688 videbatur,
1079 3620 1302 3676 tamen
1341 3609 1679 3676 diversum
1726 3607 2115 3675 continebat
2147 3607 2252 3686 (¹),

82 3698 290 3781 Baldus
333 3727 616 3809 aperuit.
671 3724 1053 3817 Repentino
1099 3749 1259 3793 casu
1307 3725 1647 3816 perculsus
1692 3721 2043 3815 Philippus
2088 3745 2250 3792 cum

83 3838 282 3898 Verum
331 3835 514 3909 illius
572 3865 839 3911 sensum
888 3868 976 3910 ex
1022 3857 1325 3934 tempore
1391 3847 1726 3937 percipere
1789 3866 1928 3910 non
1995 3853 2247 3932 posset,

84 3940 298 4024 pudore
336 3956 627 4030 suffusus
673 3960 868 4028 abiit.
916 3960 1086 4048 Ejus
1130 3965 1508 4032 etiamnum
1572 3960 1659 4028 de
1719 3949 2136 4028 testamentis
2172 3969 2251 4025 ‘et

688 4101 1590 4142 -O—-u-——-—————-——

146 4182 216 4255 (¹)
241 4190 297 4244 1..
328 4194 474 4252 Pater
508 4199 803 4255 Severinum
841 4198 930 4252 nbi
965 4198 1108 4252 Paul.
1142 4198 1311 4253 Castr.
1343 4198 1396 4251 ff.
1430 4199 1495 4251 de
1528 4195 1679 4250 cond.
1712 4202 1764 4249 st
1797 4194 2003 4248 demon.

1958 4304 2019 4341 ar
