2950 5017
891 436 902 441 ·
973 428 1173 473 mmm
1219 426 1519 482 Quam-us
1577 477 1588 490 ‚
1923 462 1930 470 .
2211 415 2343 483 235

109 559 186 615 et
249 544 597 638 oppidum
663 545 1125 630 Guastallam,
1192 549 1362 635 olim
1419 547 1976 646 Guardastallum
2040 550 2302 642 dictum
2321 605 2344 636 ,

101 662 328 755 quod·
354 663 647 741 Joannes
690 661 949 731 Griffus
985 664 1160 750 ‚ejus
1219 663 1564 733 familiaris
1618 677 1815 735 antea
1870 682 2342 758 occupaverat,

98 802 144 847 a
187 778 495 847 Caesare
542 782 944 870 promeruit,
1004 779 1332 871 Regiique
1377 781 1686 849 Vicarius
1739 806 1858 872 pro
1902 784 2187 853 Henrico
2241 798 2345 852 est

97 897 566 964 constitutus.
640 895 900 963 Interea
967 893 1152 964 fama
1219 897 1687 986 percrebuerat
1753 898 1988 966 Italiae
2056 886 2343 990 regnum

99 1010 561 1079 affectantem
608 1010 956 1081 Caesarem
1004 1035 1235 1082 omnes
1282 1013 1478 1080 urbes
1529 1016 1705 1082 intra
1760 1036 2008 1103 paucos
2052 1015 2196 1084 dies
2239 1019 2342 1085 in-

102 1150 482 1208 vasurum,
526 1127 710 1218 quod
754 1127 1238 1197 rebellantibus
1282 1129 1615 1220 supplicio
1670 1128 1923 1199 affectis
1968 1132 2338 1212 Cremona,

107 1242 386 1324 Brixia,
434 1242 675 1311 Genua
733 1256 904 1311 esset
965 1247 1241 1333 potitus.
1313 1245 1552 1335 Itaque
1613 1269 1771 1313 cum
1826 1245 2159 1337 Guelphis
2208 1271 2343 1315 non

106 1363 322 1450 pauci
370 1358 739 1442 Gibellini,
783 1363 903 1451 qui
971 1362 1212 1451 amplis
1265 1362 1633 1431 ditionibus
1685 1362 1955 1453 spoliari
2009 1365 2344 1431 timebant

111 1477 328 1543 simul
373 1479 864 1567 conspirarunt,
904 1490 974 1545 et
1016 1479 1102 1545 ad
1140 1477 1480 1546 Pontii-icis
1510 1477 1873 1548 factionem
1905 1483 2341 1549 transierunt.

113 1593 198 1661 In
243 1618 406 1661 eam
449 1594 981 1681 conjurationem
1027 1612 1185 1662 cum
1231 1595 1671 1685 Regiensibus
1707 1610 1780 1665 et
1808 1597 2343 1667 Bononiensibus

118 1713 336 1778 etiam
377 1710 700 1780 Gibertus
743 1711 1079 1801 corrigius
1144 1728 1523 1801 pertractus
1589 1738 1732 1782 rem
1800 1713 2144 1783 occultam
2200 1737 2341 1782 esse

121 1827 603 1931 arbitrgbatur.
672 1828 924 1896 Verum
986 1830 1347 1896 Henricum
1420 1827 1621 1898 officii
1688 1834 1907 1920 specie
1980 1835 2342 1900 comitatus

120 1945 250 2012 nbi
317 1946 407 2013 ad
445 1945 845 2014 Eridanum
911 1949 1352 2035 pervenisset,
1405 1947 1587 2015 clam
1645 1951 1945 2017 monitus
2008 1958 2148 2029 est,
2218 1949 2339 2014 ubi

121 2060 381 2130 flumen
408 2077 777 2153 superasset
804 2063 1105 2131 Caesaris
1135 2063 1325 2150 jussu
1371 2067 1442 2131 in
1485 2064 1758 2132 vincula
1799 2068 1883 2132 iri
1925 2057 2341 2150 conjectum,

122 2202 201 2247 ac
243 2183 481 2249 statim
529 2185 921 2250 retrocessit.
968 2183 1151 2249 Haec
1191 2185 1592 2253 inusitatum
1621 2196 1927 2250 secutum
1960 2183 2340 2272 prodigium
2425 2254 2433 2263 ‚

122 2298 377 2365 civium
424 2299 682 2365 animos
727 2297 1014 2387 amplius
1059 2299 1503 2388 perturbavit.
1551 2298 1935 2388 Incognitae
1969 2301 2148 2365 enim
2184 2322 2336 2367 aves

123 2412 191 2479 in
234 2412 536 2481 vallibus
582 2413 745 2481 Padi
799 2427 989 2481 tanta
1040 2411 1418 2503 frequentia
1474 2414 2151 2497 nidificaverunt,'ut
2199 2439 2354 2483 am·-

128 2528 299 2619 plius
343 2535 701 2623 quingenti
743 2516 906 2613 nidi,
935 2535 1056 2623 qui
1083 2530 1283 2600 denas
1334 2557 1491 2601 aves
1533 2534 2002 2614 continebant,
2047 2535 2119 2599 in
2166 2557 2355 2622 qua--

125 2646 290 2716 libet
336 2651 570 2719 arbore
613 2674 750 2719 non
795 2654 935 2717 sine
978 2653 1286 2718 omnium
1339 2651 1784 2718 admiratione
1825 2653 1964 2716 sint
2004 2663 2340 2739 repertae3
2395 2688 2403 2696 -

131 2762 297 2832 aliae
369 2764 596 2848 albae,
641 2764 976 2857 quaedam
1021 2770 1284 2857 nigrae,
1327 2757 1599 2855 aliquae
1638 2766 1928 2846 virides,
1972 2766 2338 2833 nonnullae

138 2881 440 2950 rubentes
499 2883 1210 2975 cernebanturyquod
1279 2906 1623 2949 summum
1693 2879 1888 2948 famis
1957 2882 2336 2972 prodigium

135 3017 266 3065 esse
307 3000 506 3089 vulgo
551 2986 1057 3091 praedicabant.
1102 2999 1341 3090 Ingens
1387 3011 1539 3089 post
1586 2998 1751 3065 haec
1804 2997 2139 3089 flagitium
2199 3024 2335 3067 non

135 3116 363 3185 urbem
423 3119 622 3189 modo
684 3132 977 3187 nostram
1046 3121 1336 3208 graviter
1405 3117 1864 3207 perturbavit,
1934 3118 2049 3183 sed
2121 3130 2336 3185 totam

133 3227 331 3301 ferme
373 3233 744 3304 Sessiorum
792 3236 1070 3305 domum
1118 3239 1381 3304 evertit.
1428 3235 1594 3303 Divi
1639 3238 1820 3302 enim
1867 3236 2172 3301 Faustini
2213 3237 2337 3302 Ar·

133 3347 599 3439 ehipraesbiter
630 3351 906 3432 Sessius,
936 3375 1137 3442 quem
1173 3375 1214 3417 a
1244 3350 1581 3419 Folleanis
1625 3353 1696 3417 in
1741 3345 2021 3437 aedibus
2051 3364 2333 3461 captum

136 3458 327 3532 fuisse
365 3489 571 3557 supra
617 3471 1010 3546 memoravi,
1055 3466 1259 3534 homo
1303 3470 1372 3534 in
1419 3465 1720 3534 familiae
1765 3490 1926 3533 suae
1970 3471 2333 3555 perniciem

135 3594 359 3663 natus,
403 3605 524 3650 seu
571 3595 649 3648 ut
691 3582 821 3649 hac
867 3594 1029 3651 nota
1073 3594 1330 3650 veteres
1378 3583 1678 3650 hostiu‘m
1732 3582 2009 3668 injurias
2053 3581 2329 3648 ulcisce-

135 3810 458 3884 Polleanis
500 3812 650 3885 Deo
695 3817 987 3883 dicatam
1034 3815 1119 3882 ad
1164 3829 1470 3906 stuprum
1505 3817 1822 3907 pellexit,
1866 3840 2005 3906 qua
2050 3819 2331 3907 potitus,

139 3937 204 3992 et
244 3954 395 4013 sua,
439 3942 510 3999 et
570 3933 843 3999 miserae
912 3954 1120 4022 quam
1190 3935 1550 4001 vitiaverat
1614 3932 2037 4023 impudicitia
2104 3931 2332 4021 palam

141 4036 336 4128 facta,
377 4044 592 4115 filiam
636 4071 725 4114 ex
769 4071 850 4114 ea
890 4056 1266 4139 susceptam
1313 4072 1431 4138 per
1477 4048 1855 4116 ludibrium
1900 4047 1985 4115 ad
2030 4045 2332 4117 familiae

140 4179 366 4235 nomen
410 4163 712 4235 alludens
752 4165 1112 4235 dimidium
1142 4164 1384 4237 folium
1416 4169 1820 4243 nominavit.
1865 4167 1945 4233 Id
1990 4165 2328 4236 Follcanis
