2950 5017
643 418 774 484 350
1388 430 1628 477 acaum
1684 429 2112 475 amorensium

642 554 868 624 adhuc
937 550 1274 620 tabulario
1335 562 1843 631 conservantur,
1886 551 2293 639 conscriptae
2337 546 2648 617 fuerant.
2700 550 2873 618 Inter

638 685 860 738 cetera
890 671 1230 750 convenit,
1261 686 1338 735 ut
1367 667 1689 735 Nicolaus
1721 665 2171 755 navigabilem
2204 662 2475 745 fossam,
2509 690 2642 755 per
2671 692 2870 757 quam

636 791 708 857 in
754 787 991 856 urbem
1039 810 1080 855 a
1124 785 1565 877 vectigalibus
1610 789 1943 851 immunes
1993 807 2239 851 merces
2286 783 2738 864 veherentur,
2786 783 2871 849 ef·

639 903 779 976 fodi
825 917 1109 985 curaret,
1155 916 1225 971 et
1270 917 1351 971 ut
1395 906 1625 973 omnia
1676 905 1968 970 civitatis
2036 906 2301 991 negotia
2361 905 2429 970 in
2493 902 2863 971 duodecim

637 1035 722 1091 ut
766 1034 1010 1091 vocant
1054 1023 1502 1090 Antianorum
1563 1034 1633 1088 et
1692 1019 2135 1111 quadraginta
2179 1020 2651 1087 Decurionussm
2701 1020 2867 1088 arbi-

639 1145 770 1209 trio
798 1153 1036 1208 essent.
1068 1139 1344 1208 Civium
1391 1139 1573 1208 bona
1604 1141 1936 1206 immunia
1966 1153 2540 1217 conservarentur,
2574 1150 2656 1204 et
2690 1139 2861 1206 urbis

638 1260 906 1336 moenia
937 1259 1144 1348 ipsius
1173 1257 1498 1346 Principis
1527 1257 1815 1324 Atestini
1863 1280 2009 1322 aere
2056 1259 2500 1322 munirentur.
2547 1254 2669 1321 Ad
2716 1278 2863 1323 con·

636 1376 984 1444 ventiones
1027 1372 1514 1444 confirmandas
1544 1373 1780 1442 Simon
1815 1374 2143 1441 Zachetta
2187 1373 2758 1453 Jurisconsultus,
2800 1387 2860 1439 et

637 1492 957 1562 Giroldus
998 1492 1463 1564 Flordebellus
1531 1493 1734 1583 legati
1790 1493 2162 1560 Ferrariam
2233 1494 2450 1572 missi,
2496 1503 2729 1581 'pacta
2787 1516 2863 1557 ex

637 1615 969 1679 sententia
1036 1610 1472 1701 comprobata
1541 1609 1916 1678 retulerunt
1940 1660 1959 1690 ,
2004 1611 2150 1677 Arx
2192 1633 2466 1699 quoque
2524 1611 2597 1676 in
2660 1632 2861 1699 quam

635 1725 848 1794 Tertii
894 1726 1142 1795 milites
1186 1725 1628 1817 confugerant
1698 1727 1875 1793 intra
1941 1749 2188 1815 paucos
2229 1725 2374 1792 dies
2419 1749 2459 1792 a
2505 1724 2863 1792 contrario

636 1858 902 1936 recepta
945 1843 1103 1913 fuit.
1149 1845 1435 1935 Regium
1483 1848 1882 1934 praemissus
1929 1842 2207 1925 Sfortia,
2255 1868 2387 1912 uon
2436 1842 2673 1911 multo
2719 1856 2861 1933 post

635 1960 948 2031 Parmam
980 1988 1253 2055 quoque
1284 1963 1586 2043 Giberti,
1619 1963 1920 2043 Joannis,
1967 1976 2036 2029 et
2080 1963 2355 2030 Martini
2399 1961 2862 2029 Sanvitalium

635 2079 912 2149 consilio
954 2080 1217 2147 civibus
1262 2104 1331 2148 se
1376 2079 1802 2158 dedentibus,
1849 2082 1918 2145 in
1965 2080 2255 2147 Atestini
2305 2091 2724 2168 potestatem
2774 2103 2861 2145 re·

634 2195 841 2287 degit.
886 2196 1051 2264 Erat
1081 2196 1181 2263 ibi
1213 2196 1537 2264 Nicolaus
1582 2211 2027 2286 cognomento
2061 2195 2480 2275 Guerrerius,
2511 2219 2699 2286 quae
2730 2220 2857 2262 vox

633 2313 845 2382 latine
889 2314 1286 2383 bellicosum
1331 2317 1676 2403 exprimit,
1721 2313 2065 2383 othoboni
2100 2313 2304 2380 Tertii
2345 2312 2524 2380 filius
2574 2327 2856 2380 natura-

634 2428 745 2513 lis,
775 2434 895 2522 qui
937 2443 1206 2522 captam
1256 2430 1492 2498 urbem
1540 2434 1828 2498 sentiens
1873 2433 1943 2497 in
1992 2453 2212 2497 arcem
2244 2453 2312 2498 se
2341 2432 2618 2520 recepit,
2651 2455 2861 2521 quam

634 2546 726 2614 ab
770 2547 1075 2615 hostibus
1136 2569 1380 2636 magna
1446 2548 1517 2614 vi
1588 2558 2049 2637 oppugnatam
2098 2545 2300 2637 paulo
2347 2557 2499 2636 post
2543 2546 2860 2615 deseruit.

634 2661 877 2731 Cetera
920 2663 1382 2732 Parmensium
1429 2661 1742 2743 castella,
1773 2673 2035 2752 praeter
2069 2666 2197 2731 tria
2225 2686 2383 2730 cum
2414 2662 2670 2740 Jacobo
2703 2663 2863 2731 Ter-

635 2781 732 2849 tio
777 2779 1223 2850 Florentiolae
1264 2780 1354 2847 ab
1382 2779 1667 2849 Alberto
1713 2779 1919 2849 Scoto
1963 2792 2190 2870 capto,
2235 2780 2420 2847 brevi
2469 2781 2544 2846 in
2587 2780 2857 2850 Nicolai

633 2898 929 2966 Atestini
959 2898 1285 2967 ditionem
1332 2921 1705 2989 pervenere.
1739 2897 2048 2968 Casalem
2082 2897 2432 2984 Majorem,
2466 2898 2854 2982 Brixillum,

633 3026 704 3081 et
746 3013 1155 3097 Colarnum,
1201 3038 1377 3105 quae
1420 3016 1549 3083 sibi
1596 3014 1855 3106 reliqua
1917 3021 2145 3097 erant,
2189 3014 2436 3093 Tertii,
2484 3039 2568 3081 ne
2612 3019 2683 3083 in
2729 3016 2851 3085 ho·

632 3133 840 3199 stium
890 3144 1286 3221 potestatem
1348 3135 1801 3221 pervenirent,
1845 3131 2124 3200 Venetis
2179 3130 2635 3211 tradiderunt,
2679 3157 2851 3222 quae

635 3258 866 3336 postea
896 3246 1246 3337 Philippus
1278 3246 1636 3316 Mediolani
1662 3249 1829 3315 Dux
1859 3250 2240 3338 occupavit.
2274 3248 2314 3324 J
2316 3272 2561 3315 oannes
2583 3248 2845 3316 Tertius

635 3362 987 3431 Othoboni
1030 3362 1235 3432 frater
1278 3363 1454 3431 clam
1503 3388 1622 3454 per
1667 3368 1930 3434 sicarios
1962 3367 2391 3434 Franciscum
2427 3379 2498 3431 et
2526 3366 2839 3443 Joannem

539 3519 543 3523 Δ
634 3479 875 3549 Scotos
918 3480 1044 3547 sibi
1090 3479 1563 3550 infensissimos
1616 3482 1990 3552 interficere
2047 3486 2368 3551 tentavit:
2417 3482 2533 3552 sed
2581 3486 2716 3573 ipse
2751 3484 2838 3551 ab

547 3645 564 3662 .
633 3597 768 3665 illis
815 3598 1115 3689 proditus
1157 3611 1229 3666 et
1269 3610 1536 3689 captus,
1581 3624 1842 3671 veneno
1897 3602 2206 3670 sublatus
2248 3616 2374 3670 est.
2420 3601 2708 3680 Jacobus
2747 3601 2837 3668 al-

637 3728 735 3786 ter
777 3717 926 3804 ejus
971 3716 1172 3786 frater
1215 3743 1258 3786 a
1301 3718 1587 3789 Nicolao
1614 3720 1924 3790 dimissus
1950 3720 2436 3791 Florentiolam
2469 3745 2541 3789 se
2587 3744 2831 3811 recepe-

633 3848 767 3918 rat,
809 3860 1015 3927 quem
1059 3836 1378 3907 Albertus
1419 3837 1664 3908 Scotus
1718 3835 1947 3909 ‘castro
2017 3843 2270 3931 potitus
2342 3842 2580 3909 vivum
2637 3843 2828 3930 cepit.

634 3953 962 4024 Hortatur
994 3967 1074 4022 ut
1104 3958 1436 4025 munitam
1486 3981 1701 4025 arcem
1733 3957 1862 4025 sibi
1895 3958 2207 4040 traderet,
2238 3959 2424 4048 quod
2456 3981 2616 4026 cum
2646 3958 2833 4025 nullis

632 4070 942 4160 precibus
986 4095 1027 4140 a
1070 4071 1408 4164 praefecto
1452 4077 1808 4166 impetrare
1851 4077 2180 4165 potuisset
2225 4074 2313 4143 ab
2359 4076 2704 4165 oppidanis
2745 4088 2831 4142 est

577 4171 580 4174 ¹
633 4189 1026 4260 trucidatus.
1084 4190 1304 4284 Burgo
1355 4216 1631 4285 quoque
1697 4191 1927 4262 Sancti
1995 4193 2245 4263 Donini
2315 4192 2405 4261 ab
2473 4191 2826 4262 Orlandino
