2950 5017
685 401 772 475 90
1419 402 1655 448 RERUM
1698 402 2114 450 uolt-mmm

681 520 796 590 sed
828 519 939 587 alii
970 542 1125 587 eum
1154 519 1546 590 Anassolum
1576 520 1827 589 dictum
1858 518 2062 590 fuisse
2104 530 2376 611 putant3
2404 524 2525 613 qui
2573 524 2904 592 moriens

688 638 1018 706 Anicheto
1062 636 1372 705 familiari
1416 637 1841 726 impuberum
1872 636 2160 706 filiorum
2192 636 2476 705 tutelam
2519 663 2894 708 commen-

678 752 929 819 davisse
963 752 1273 821 traditur.
1320 752 1384 819 Is
1425 752 1739 841 singulari
1764 753 2095 842 probitate
2127 776 2204 819 ac
2233 752 2574 843 diligentia
2606 778 2683 822 se
2705 778 2888 845 -erga

677 866 995 956 pupillos,
1011 879 1083 933 et
1107 866 1433 957 populum
1455 870 1673 957 gessit,
1688 867 2064 958 adultisque
2084 870 2342 957 patroni
2362 868 2584 936 liberis
2606 873 2886 939 sincera

675 980 811 1052 fide
837 984 1114 1072 imperio
1141 986 1452 1052 restituto
1494 1006 1826 1051 summam
1867 1007 1955 1051 ex
1995 984 2558 1055 administratione
2587 984 2882 1052 laudem

676 1101 1075 1188 promeruit.
1116 1096 1248 1166 Sed
1289 1122 1429 1189 quo
1472 1122 1648 1167 anno
1691 1099 1761 1165 id
1806 1102 2097 1166 evenerit
2140 1124 2275 1169 non
2318 1102 2477 1169 satis
2518 1110 2822 1176 constat.

807 1212 1078 1280 Interim
1132 1237 1174 1280 a
1223 1213 1509 1284 ducibus
1571 1214 2021 1303 Longobardis
2087 1216 2398 1284 universa
2441 1212 2578 1294 fere
2623 1213 2876 1293 Italia,

674 1331 939 1417 praeter
972 1329 1208 1397 urbem
1250 1329 1535 1426 Romam
1554 1379 1573 1408 ,
1600 1330 1912 1410 subacta,
1943 1330 2314 1419 Longinus,
2345 1353 2547 1419 quem
2578 1352 2618 1395 a
2645 1329 2872 1405 Justi-

673 1467 762 1511 uo
802 1440 898 1510 11⁰
941 1443 1176 1510 Italiae
1219 1442 1625 1534 praefectum
1669 1442 1874 1511 fuisse
1909 1467 2118 1535 -supra
2160 1445 2340 1526 dixi,
2380 1444 2544 1510 dum
2589 1443 2872 1509 barbari

672 1582 822 1649 rege
864 1553 1209 1637 carebant,
1237 1573 1679 1651 opportunam
1726 1557 2098 1650 proferendi
2143 1561 2405 1651 imperii
2442 1560 2869 1629 occasionem

672 1697 811 1742 esse
862 1674 1220 1742 arbitratus
1273 1689 1401 1743 est.
1461 1674 1696 1765 Itaque
1739 1674 2043 1744 Taurisio
2086 1677 2415 1766 primum,
2457 1673 2693 1741 deinde
2740 1672 2869 1739 Pa-

671 1794 881 1873 tavio,
924 1816 1085 1861 mox
1131 1792 1440 1860 Vicentia
1457 1841 1478 1872 ,
1524 1792 1837 1872 Mantua,
1880 1791 2212 1862 Cremona
2253 1803 2325 1860 et
2365 1791 2710 1860 Placentia
2754 1811 2866 1857 oc-

670 1909 953 1995 cupatis,
999 1907 1221 1974 audax
1251 1905 1467 1974 factus
1506 1910 1711 1973 etiam
1740 1907 2194 1978 Mediolanum
2238 1906 2608 1976 contendit.
2653 1903 2862 1971 Urbis

670 2020 812 2087 dux
854 2022 1150 2088 Peridius
1197 2044 1354 2087 cum
1397 2020 1621 2088 valida
1663 2021 1956 2088 militum
2004 2045 2208 2090 manu
2250 2024 2503 2100 exiens,
2539 2018 2854 2088 undecim

672 2137 979 2205 millibus
1045 2137 1339 2204 hostium
1409 2139 1607 2205 caesis
1626 2188 1646 2218 ,
1712 2138 2075 2228 exarchum
2118 2138 2510 2206 Ravennam
2576 2136 2859 2224 turpiter

671 2250 899 2341 fugere
941 2252 1288 2341 compulit.
1335 2253 1435 2319 Ac
1485 2275 1703 2319 rursus
1731 2252 2146 2322 Flotharium
2176 2253 2557 2321 Pannoniae
2600 2270 2853 2338 regem,

668 2369 789 2457 qui
810 2418 831 2448 ,
874 2367 1309 2456 quadraginta
1353 2366 1655 2434 millibus
1697 2368 2048 2438 hominum
2116 2371 2214 2434 cis
2281 2368 2460 2457 alpes
2512 2363 2851 2441 adductis,

667 2483 970 2571 Longino
1014 2505 1210 2572 opem
1266 2482 1515 2550 tulerat
1537 2531 1557 2563 ,
1600 2505 1755 2552 cum
1799 2494 1942 2552 toto
1993 2486 2285 2552 exercitu
2330 2481 2607 2550 delevit.
2655 2484 2848 2551 Hanc

673 2592 991 2684 injuriam
1048 2597 1309 2665 ulturus
1352 2599 1665 2670 Florisius
1715 2601 1817 2667 vir
1869 2603 2042 2666 inter
2091 2601 2471 2670 Pannoniae
2526 2600 2849 2689 principes

667 2715 967 2802 insignis,
1011 2718 1264 2804 magnis
1309 2715 1606 2782 militum
1651 2717 1856 2805 copiis
1898 2727 1967 2782 et
2012 2719 2150 2804 ipse
2192 2713 2461 2781 Italiam
2503 2716 2847 2803 ingressus,

666 2832 883 2919 primo
936 2832 1194 2919 impetu
1245 2830 1629 2910 Mantuam,
1673 2830 2105 2911 Cremonam,
2149 2830 2518 2909 Mutinam,
2562 2829 2846 2919 Regium

668 2956 737 3010 et
778 2945 1187 3013 Placentiam
1233 2949 1611 3035 occupavit.
1656 2943 1790 3014 Sed
1834 2970 1912 3014 eo
1956 2948 2130 3012 intra
2157 2933 2158 2936 ¹
2183 2967 2426 3034 paucos
2469 2944 2609 3011 dies
2668 2968 2849 3014 com-

667 3074 934 3132 mutata
998 3062 1346 3129 voluntate
1407 3063 1683 3130 domum
1750 3084 2046 3143 reverso,
2088 3062 2476 3141 Mantuam,
2517 3061 2842 3142 Brixiam,

562 3235 567 3242 ,
671 3175 1068 3264 Bergomum
1135 3189 1206 3240 et
1271 3175 1554 3263 Regium
1611 3175 1911 3242 Peridius
1975 3179 2247 3245 invasit.
2298 3177 2592 3244 Demum
2664 3187 2842 3244 tanta

668 3289 990 3357 felicitate
1043 3289 1257 3356 elatus
1310 3294 1380 3355 in
1437 3269 1587 3357 eam
1640 3314 1823 3379 spem
1867 3293 2088 3370 venit,
2133 3304 2213 3359 ut
2264 3296 2467 3359 etiam
2511 3293 2597 3357 ad
2644 3296 2843 3360 totius

666 3405 904 3471 Italiae
947 3428 1224 3493 regnum
1268 3415 1615 3495 spectaret.
1663 3404 1795 3471 Sed
1839 3405 2006 3473 haec
2058 3408 2328 3475 consilia
2370 3407 2640 3474 exarchi
2687 3411 2846 3497 vigi-

667 3519 878 3588 lantia
919 3508 1302 3610 dissipavit3
1347 3523 1463 3609 qui
1512 3543 1626 3608 per
1669 3521 1749 3588 L.
1781 3520 2162 3589 Cornelium
2197 3536 2264 3589 et
2295 3522 2616 3588 Fulvium
2660 3522 2843 3589 Flac·

667 3659 824 3701 cum
878 3635 1062 3704 Coss.
1116 3638 1294 3701 intra
1358 3635 1616 3702 Padum
1682 3638 1866 3703 brevi
1937 3641 2158 3706 omnia
2221 3641 2501 3726 recepit.
2552 3637 2842 3704 Demum

668 3749 926 3818 Peridio
968 3773 1124 3816 cum
1171 3749 1374 3818 altero
1418 3750 1686 3818 consule
1729 3756 1800 3819 in
1844 3751 2162 3841 singulari
2207 3753 2565 3818 certamine
2596 3756 2842 3818 mutuis

666 3863 1051 3932 vulneribus
1098 3867 1426 3943 extincto,
1472 3865 1926 3935 Romanorum
1972 3863 2295 3933 exercitus
2342 3888 2501 3931 cum
2545 3868 2838 3959 univema

665 3983 1039 4071 provincia,
1093 3991 1290 4068 capto
1348 3981 1756 4061 Mediolano,
1799 3986 2000 4048 etiam
2047 3982 2329 4072 Regium
2373 3965 2836 4051 Constantino-

668 4095 944 4185 politani
989 4097 1392 4185 imperatoris
1435 4095 1672 4164 ditioni
1719 4096 2023 4182 subjecit.
