2950 5017
1003 393 1205 485 trimi
1247 437 1540 495 ommes
2236 421 2359 489 381

115 560 282 629 sabi
327 581 632 651 prospere
675 558 1027 627 succedere
1071 559 1280 642 videt,
1308 562 1380 628 in
1412 558 1725 630 hostilem
1770 558 2047 630 classem
2081 558 2167 627 ad
2195 558 2371 630 Bon-

123 676 412 744 denum
458 676 711 744 victore
775 697 935 743 cum
1004 681 1303 745 exercitu
1344 679 1678 767 impetum
1724 675 1909 758 facit,
1955 690 2367 767 cruentaque

121 814 386 883 pugna
427 790 730 860 ducentis
771 793 1057 882 navigiis
1110 813 1270 859 cum
1311 793 1689 870 justiniano
1759 789 2091 882 praefecto
2156 795 2370 883 captis

123 908 362 978 aliam
396 910 746 978 victoriam
776 907 1164 999 reportavit.
1197 908 1346 980 Nec
1374 908 1597 978 multo
1626 923 1778 1000 post
1805 912 2138 978 onerarias
2166 931 2371 980 naves

122 1029 678 1118 quinquaginta·
716 1026 846 1092 sub
911 1023 1116 1094 finem
1185 1026 1568 1096 novembris
1618 1028 2007 1118 intercepit,
2051 1050 2131 1094 ac
2175 1026 2371 1096 velut

123 1143 342 1214 hello
370 1144 510 1231 jam
541 1139 849 1213 confecto
878 1141 1279 1213 Cremonam
1310 1167 1380 1212 se
1408 1143 1722 1213 contulit.
1768 1144 1877 1212 lbi
1923 1156 2372 1214 trecentorum

129 1262 467 1351 equitum
512 1258 638 1328 ala·
678 1271 750 1327 et
804 1262 1325 1350 quingentorum
1372 1261 1681 1350 peditum
1727 1283 1938 1332 manu
1981 1273 2271 1356 accepta·
2296 1262 2370 1330 in

131 1376 585 1467 Bergomates
630 1398 984 1445 conversus
1030 1378 1158 1446 tria
1202 1376 1448 1469 oppida
1493 1376 1769 1447 Venetis
1821 1380 2089 1469 eripuit.
2136 1376 2374 1448 sixtus

133 1489 471 1562 Pontifex
516 1491 602 1560 ad
645 1515 799 1597 eam
842 1492 1336 1583 expeditionem
1367 1492 1747 1563 obeundam
1780 1496 1909 1562 tria
1939 1493 2158 1562 millia
2178 1496 2377 1585 ‘equi-

137 1622 309 1678 tum
354 1612 576 1690 misit,
619 1612 741 1700 qui
795 1609 924 1677 sub
965 1610 1225 1688 Joanne
1271 1609 1635 1679 Tolentino
1679 1611 1890 1702 Regio
1948 1614 2369 1682 transierunt.

139 1725 412 1795 Decem
459 1749 690 1795 currus
733 1725 1015 1817 pulvere
1044 1730 1474 1798 tormentatio
1505 1731 1730 1798 onusti
1767 1730 1972 1819 copiis
2001 1729 2377 1797 Ariminen-

140 1844 343 1914 sibus
394 1844 877 1913 comitantibus
930 1843 1220 1935 Regium
1287 1845 1477 1913 ducti
1544 1849 1617 1913 in
1690 1845 2041 1915 Brixianos
2105 1845 2379 1915 deducti

141 1958 365 2030 fliete.
411 1962 733 2034 Hercules
777 1985 1156 2053 prosperam
1202 1959 1544 2031 fortunam
1592 1975 1859 2032 secutus
1901 1971 2066 2032 cum
2113 1986 2375 2046 eorum,

142 2082 717 2171 quaemmiserat,
759 2102 1072 2170 magnam
1118 2092 1382 2170 partem
1412 2083 1787 2171 recepisset,
1818 2093 2072 2172 septem
2102 2104 2377 2174 quoque

145 2219 368 2265 naves
406 2194 820 2266 Venetorum
866 2200 1219 2279 onerarias,
1243 2198 1518 2287 'quibus
1563 2221 1750 2266 arma
1779 2199 2078 2268 Brixiam
2119 2198 2207 2266 ad
2245 2198 2380 2269 Ro-

143 2313 428 2382 bertum
457 2311 975 2386 Sanseverinum
1005 2314 1328 2385 Ravenna
1374 2317 2024 2397 transmittebantur,
2055 2339 2214 2383 cum
2247 2315 2379 2384 du-

148 2434 373 2500 centis
417 2431 755 2521 peditibus
800 2434 1001 2523 cepit.
1043 2433 1193 2500 Nec
1218 2433 1436 2502 multo
1463 2447 1622 2524 post
1651 2433 1984 2503 Thomam
2019 2435 2109 2502 ab
2136 2434 2378 2517 Imola,

148 2552 281 2642 qui
312 2547 670 2620 Stellatam
716 2573 874 2618 cum
920 2551 1026 2618 bis
1070 2551 1260 2619 mille
1304 2565 1374 2619 et
1419 2555 1751 2620 sexcentis
1795 2554 2139 2643 equitibus
2183 2575 2380 2620 occu-

150 2679 482 2758 paverat,
546 2670 691 2758 pari
757 2665 1034 2736 fortuna
1090 2669 1473 2742 trucidavit.
1521 2668 1815 2737 Tantam
1883 2692 2039 2737 vero
2106 2668 2189 2735 de
2247 2667 2380 2737 hac

157 2784 408 2873 insigni
450 2785 728 2852 victoria
774 2781 1107 2852 laetitiam
1153 2789 1495 2876 concepit,
1539 2798 1618 2853 ut
1662 2798 1815 2854 octo
1859 2783 2185 2875 exemplis
2227 2783 2382 2852 lite-

156 2924 266 2969 ras
307 2900 398 2969 ad
442 2900 736 2969 Paulum
784 2897 1186 2971 Antonium
1211 2903 1532 2972 Trottum
1577 2904 1767 2993 Regii
1822 2902 2237 2994 praefectum
2276 2905 2382 2971 in-

157 3018 470 3087 credibili
522 3019 871 3087 celeritate
917 3021 1211 3089 dederit.
1253 3021 1581 3090 Ceterum
1642 3045 1797 3090 cum
1846 3021 2251 3090 Ambrosius
2291 3020 2380 3089 ad

160 3133 456 3203 Turrem
489 3134 740 3203 claram
770 3134 1200 3228 confugisset,
1222 3138 1611 3207 Ludovicus
1632 3135 1879 3207 Sfortia
1901 3137 2202 3206 Felinam
2224 3160 2382 3229 cap·

163 3263 314 3320 tam
359 3255 621 3320 munire
649 3256 855 3343 cepit,
886 3251 1118 3346 ibique
1146 3257 1495 3324 inventam
1533 3254 1745 3323 filiam
1792 3254 2095 3323 nubilem
2141 3255 2383 3323 buma-

153 3373 342 3440 niter
385 3372 588 3437 matri
629 3373 913 3453 remisit,
958 3386 1029 3439 et
1070 3375 1244 3440 intra
1287 3396 1537 3463 paucos
1583 3370 1727 3453 dies
1770 3396 1928 3440 cum
1974 3375 2206 3440 ceteris
2248 3372 2384 3442 Ro-

158 3491 461 3558 sciorum
512 3489 773 3579 oppidis
827 3493 1029 3557 etiam
1077 3490 1601 3561 Turrimclaram
1648 3504 1718 3558 et
1761 3490 2221 3581 Besganovum
2270 3513 2388 3559 ex-

156 3609 520 3699 pugnavit.
567 3607 822 3677 Contra
866 3606 1093 3696 Guido
1136 3608 1491 3680 Taurellus
1535 3610 2030 3679 Protonotarius
2071 3607 2385 3678 Pratone-

143 3727 338 3792 -riam
384 3722 615 3792 villam
648 3725 882 3793 multis
912 3728 1121 3817 captis
1149 3725 1595 3817 depopulatus
1641 3727 1963 3808 incendit,
1994 3749 2072 3793 ac
2102 3724 2383 3794 domum

159 3863 461 3911 reversus
506 3831 744 3933 viginti
788 3842 1311 3924 Monticulanos,
1375 3846 1498 3933 qui
1566 3843 1855 3911 hominis
1920 3841 2385 3910 crudelitatem

161 3961 353 4029 exosi
406 3961 481 4027 in
550 3981 709 4026 eum
763 3960 1311 4046 conjuraverant,
1357 3963 1430 4027 in
1473 3959 1748 4037 vincula
1804 3959 2114 4047 conjecit.
2144 3958 2385 4028 *Ceteri

163 4079 286 4168 qui
330 4076 408 4145 id
449 4073 711 4146 factum
751 4099 944 4168 aegre
972 4076 1303 4159 ferebant,
1335 4091 1611 4148 auctore
1643 4079 1871 4169 oppidi
1903 4075 2386 4154 Archiflamine

159 4218 326 4268 eum
392 4194 635 4278 fratre,
702 4218 927 4267 rursus
970 4198 1041 4265 in
1085 4196 1488 4266 Taurellum
1535 4199 1937 4290 conspirant.
1983 4196 2084 4265 Re
2127 4219 2243 4288 per
2284 4197 2385 4264 in·
