2950 5017
903 449 1102 495 man
1141 447 1441 511 cosmus
2126 436 2254 526 309

40 571 187 640 clitis
230 568 672 637 damnatum
713 572 972 659 saepius
1015 568 1407 660 profligavit.
1453 569 1618 637 Mox
1655 568 1971 638 Herberia
2014 574 2258 663 oppido

40 710 80 754 a
115 683 544 776 sylvatico,
586 695 655 751 et
697 683 1006 754 Gnidone
1045 685 1360 772 ‘Bojardis
1404 683 1549 766 vel,
1592 697 1672 752 ut
1716 685 1831 752 alii
1875 685 2174 770 malunt,
2217 713 2263 757 a

40 800 404 870 [eonardo
454 797 770 869 Rolando
798 798 1242 882 Herberiensi,
1284 799 1532 889 quibus
1573 810 1840 866 centum
1887 813 2259 872 menstruos

41 915 325 987 florenos
398 916 757 1007 promisit,
812 905 1114 1006 accepta,
1167 915 1550 985 Nicolaum·
1580 916 2005 997 Atestinum,
2058 918 2264 986 Fran-

41 1036 305 1101 ciscum
354 1031 782 1115 Gan-arium,
826 1031 1200 1100 Feltrinum
1230 1031 1624 1121 Gonzagum
1667 1043 1739 1099 et
1781 1030 2144 1122 Scaligeros
2184 1036 2285 1102 in

51 1149 561 1219 vicecomitem
618 1152 961 1219 communi
1019 1152 1301 1241 pecunia
1346 1151 1568 1239 copias
1609 1148 1847 1217 ducere
1889 1149 2263 1242 compulit;
2387 1131 2419 1196 ·'

51 1288 95 1332 a
132 1265 393 1357 quibus
435 1265 787 1332 Barnabas
814 1265 977 1332 dum
1006 1268 1092 1333 in·
1107 1265 1546 1335 Bononienses
1588 1266 2030 1360 incursionem
2074 1262 2263 1348 facit,

55 1381 601 1461 circumventus,
645 1381 883 1448 amisso
925 1382 1256 1462 exercitu,
1301 1382 1600 1461 saucius,
1646 1390 1716 1447 et
1758 1391 2102 1467 superatus
2146 1382 2265 1448 vix

63 1491 314 1583 effugit.
359 1494 600 1584 Capti,
629 1506 788 1563 sunt
828 1494 900 1561 ini
944 1518 1024 1564 eo
1066 1494 1381 1564 conflictu
1426 1497 1708 1585 insignes
1737 1492 1939 1561 duces
1968 1493 2265 1564 Andreas

65 1608 348 1699 Pepulus
395 1632 578 1678 cnm
620 1610 1147 1680 Bononiensibus
1192 1611 1538 1692 exulibus,
1583 1608 2051 1679 Ambrosioluse
2090 1609 2267 1679 filius

74 1724 382 1824 naturalis
427 1725 814 1809 Barnabae,
855 1727 1104 1795 Paulus
1146 1726 1559 1809 Mirandula,
1588 1726 1850 1794 Guidus
1878 1725 2270 1809 Folleanus,

79 1841 299 1909 Actius
342 1841 727 1932 corrigias,
774 1856 843 1911 et
886 1842 1268 1912 Gulielmus
1313 1843 1758 1925 Cavalcabos,
1804 1843 2005 1910 duces
2049 1841 2268 1911 claris·

83 1957 220 2022 simi
246 1958 342 2025 (¹).
388 1959 719 2027 Hostium
765 1957 999 2056 foedus
1039 1961 1232 2029 initio
1277 1959 1611 2027 Barnabas
1653 1974 1980 2050 spreverat
2022 1959 2270 2048 quibus

83 2094 188 2160 per
225 2074 717 2142 contumeliam
750 2098 908 2143 vasa
937 2071 1245 2165 argentea
1270 2075 1663 2156 donaverat3
1693 2078 1943 2142 interea
1974 2072 2265 2163 Scaliger

86 2188 271 2256 scalas
312 2188 557 2258 furcae
597 2195 955 2282 appositas,
999 2193 1337 2261 Carrarius
1382 2192 1727 2262 columbas
1758 2189 2082 2271 volantes,
2112 2192 2271 2287 Ate-
2336 2269 2341 2274 ⁴

95 2305 285 2371 stinus
323 2304 676 2397 flagellum
723 2310 982 2376 invenit
1012 2309 1117 2374 (²).
1159 2307 1477 2375 Mantuae
1516 2319 1744 2373 autem
1776 2306 2158 2375 Ludovicus
2205 2318 2276 2373 et

94 2418 457 2490 Franciseus
490 2423 799 2514 Gonzagi
839 2424 1130 2492 corrado
1177 2428 1247 2491 in
1292 2423 1579 2492 Eridano
1624 2426 1952 2504 extincto,
1999 2435 2066 2489 et
2110 2422 2277 2489 Gui-

99 2535 248 2604 ‹lone
285 2539 705 2630 Albertoque
749 2543 1005 2630 patruis
1048 2543 1120 2608 in
1167 2536 1459 2609 furorem
1508 2542 1670 2605 actis
1694 2588 1714 2618 ,
1758 2538 2117 2626 Ugolinum
2165 2559 2279 2626 pa-

99 2652 353 2720 truelem
384 2658 516 2746 qui
549 2679 591 2722 a
619 2647 931 2724 Gnidone
974 2668 1162 2745 patre
1206 2646 1657 2746 principatum
1703 2651 1881 2720 solus
1928 2663 2277 2742 acceperat

108 2766 289 2854 pridie
348 2771 502 2839 idus
575 2770 862 2841 octobris
907 2774 1166 2837 circiter
1212 2769 1444 2837 horam
1490 2769 1702 2835 noetis
1743 2778 2051 2856 quartam
2101 2765 2280 2855 apud

113 2901 174 2946 ω
206 2899 595 2956 coenantem
641 2887 1092 2954 trucidarunt.
1139 2885 1506 2953 catharina
1559 2882 1703 2968 ejus
1762 2905 1972 2950 uxore
2032 2882 2283 2952 Medio·
2317 2959 2327 2970 ,

114 2992 317 3067 lanum
356 3006 635 3071 remissa
678 3002 1067 3093 parricidae,
1095 2997 1437 3078 Pontificis
1467 2999 1725 3066 Urbani
1755 2996 1822 3064 V
1851 3000 2279 3081 auctoritate,

118 3114 356 3184 crimine
419 3121 716 3210 expiati,
757 3131 825 3186 et
868 3144 910 3187 a
951 3117 1197 3189 Garclo
1241 3117 1341 3186 lv
1385 3120 1781 3206 imperatore
1800 3165 1820 3196 ,
1867 3138 2000 3182 non
2059 3114 2278 3183 solum

120 3247 353 3300 omnem
396 3235 631 3303 delicti
683 3256 1000 3326 poenam,
1044 3234 1156 3303 sed
1199 3234 1523 3331 Mantuae
1576 3235 1780 3300 etiam
1822 3233 2282 3323 *principatum

123 3363 271 3413 novo
311 3350 659 3440 privilegio
706 3352 1078 3420 obtinuere.
1125 3350 1461 3419 Feltrinus
1494 3374 1648 3419 vero
1678 3373 1720 3416 a
1749 3348 2062 3429 Caesare,
2093 3350 2278 3416 omni

125 3456 518 3534 immunitate
540 3519 562 3549 ,
626 3466 1078 3558 Mantuaeque
1144 3467 1397 3536 ditione
1471 3470 1773 3557 privatus
1838 3489 1993 3560 cum
2060 3464 2284 3530 liberis

127 3566 293 3663 Regii
331 3603 400 3648 se
441 3585 865 3666 continebat,
912 3587 1175 3651 tametsi
1220 3583 1484 3651 Platina
1510 3583 1581 3649 (3)
1625 3606 1743 3672 pro
1786 3580 2082 3649 Feltrino
2128 3578 2285 3644 Phi-

134 3681 427 3778 lippinum
469 3723 607 3769 non
652 3697 929 3770 obscuro
967 3723 1176 3769 errore
1217 3701 1541 3769 nominat.
1588 3698 1901 3767 Ceterum
1946 3693 2282 3763 Barnabas

157 4053 170 4064 ‚
199 3991 272 4059 (1)
299 3991 421 4050 Pht.
452 3999 511 4052 in
544 4001 676 4055 urb.
707 4020 761 4058 v.

203 4081 280 4151 (ι)
309 4085 491 4145 Μιω».
522 4095 653 4147 vin.
684 4096 773 4149 m„
809 4116 875 4163 x,
908 4114 952 4150 e.
983 4099 1068 4166 96.

204 4169 280 4242 (3)
308 4174 431 4234 Pht.
466 4185 547 4238 ub.
578 4204 686 4257 sup.
