2950 5017
625 435 758 525 392
1366 448 1609 494 samm
1649 445 2074 494 nzcmnsmu

625 573 814 643 mille
853 569 1207 640 Gallorum
1268 571 1581 659 equitum
1640 565 1974 659 praefecto
2037 565 2437 654 conjunctus
2461 617 2481 649 ,
2534 568 2853 638 hostibus

626 673 898 760 obviam
944 688 1282 778 processit.
1328 684 1510 752 Eum
1548 696 1813 752 secutus
1853 682 2203 751 Gallaciae
2245 707 2471 753 comes
2515 683 2846 754 Sfortiani

628 786 976 876 exercitus*
1012 807 1407 894 imperator,
1453 814 1524 869 et
1566 803 1725 892 ipsis
1770 802 1840 867 in
1886 798 2065 869 villis
2109 799 2379 883 Cellae,
2423 801 2744 884 Gaidae,
2786 816 2846 870 et
2920 865 2921 882 ἶ

625 925 854 992 Turris
917 919 1228 1012 Episcopi
1298 942 1542 1008 magno
1586 940 1743 984 cum
1790 916 2247 1006 Regiensium·
2281 917 2643 1007 dispendio
2715 943 2841 988 uno
2920 979 2921 992 r

626 1041 734 1107 die
791 1039 1188 1129 permansit,
1232 1034 1545 1126 postridie
1590 1044 1780 1101 extra
1825 1032 2067 1100 urbem
2112 1055 2268 1099 cum
2317 1033 2645 1124 plaustris
2706 1059 2840 1102 sex-

627 1168 901 1225 centum
969 1153 1208 1243 viginti
1272 1153 1579 1243 quinque
1644 1149 2013 1217 secundum
2076 1172 2300 1218 muros
2362 1154 2489 1218 iter
2566 1151 2838 1234 habuit,

626 1296 834 1367 quem
881 1270 1055 1338 aliae
1097 1267 1455 1339 Gallorum
1500 1269 1730 1357 copiae
1772 1290 1931 1335 cum
1987 1266 2317 1359 pluribus*
2346 1253 2841 1359 impedimentis

624 1403 783 1458 sunt
824 1387 1246 1456 subsecutae.
1288 1385 1440 1453 Rex
1482 1381 1764 1453 Carolus
1781 1435 1801 1465 ,
1846 1386 1966 1451 cui
2007 1383 2328 1452 Hercules
2372 1384 2678 1454 liberum
2733 1411 2837 1477 pet

625 1507 979 1597 Regienses
1030 1515 1100 1569 et
1142 1502 1554 1569 Mutinenses
1609 1504 1737 1569 iter
1797 1514 2239 1583 concesserat,
2303 1504 2837 1592 expectabatur-3
2920 1495 2921 1510 ¹

624 1622 737 1691 sed
784 1632 1050 1688 mutato
1095 1617 1365 1686 consilio
1394 1619 1654 1685 Lucam
1699 1640 2053 1687 conversus
2097 1641 2213 1708 per
2243 1618 2642 1708 Appennini
2688 1619 2837 1709 juga
2920 1625 2921 1638 ¹

624 1723 1036 1805 Florentiam
1081 1736 1307 1825 petiit:
1341 1736 1402 1800 ei
1434 1733 1755 1801 Hercules
1786 1734 2161 1815 Atestinus,
2191 1737 2313 1823 qui
2359 1747 2514 1802 tum
2565 1736 2839 1804 absente
2920 1775 2921 1794 ι

627 1841 970 1933 Ludovico
1025 1850 1273 1919 Sfortia
1325 1850 1784 1919 Mediolanum
1843 1850 2148 1942 regebat,
2200 1849 2647 1919 artificiosum
2709 1865 2838 1920 ten-

627 1971 874 2039 torium
920 1978 1174 2056 septem
1233 1966 1531 2034 millium
1596 1989 1952 2035 aureorum
2021 1967 2312 2056 pretium
2356 1966 2696 2035 excedens
2737 1968 2837 2036 do·
2920 1989 2921 2002 ²

626 2086 839 2152 navit.
884 2083 1097 2150 Vasta
1141 2082 1449 2153 machina
1482 2082 1806 2163 diversas,
1840 2085 2293 2172 spatiosasque
2339 2081 2567 2163 aulas,
2620 2096 2696 2150 et
2737 2107 2836 2150 cu·-

623 2198 854 2267 bicula
896 2197 1309 2278 continebat,
1352 2221 1476 2264 nec
1520 2201 1645 2265 nisi
1692 2201 1904 2265 trium
1949 2198 2231 2266 dierum·
2255 2201 2471 2287 spatio
2520 2202 2718 2289 erigi,
2750 2223 2839 2268 so-

624 2314 908 2406 lutaque
974 2338 1109 2382 non
1177 2316 1402 2381 minus
1444 2314 1886 2405 quadraginta
1928 2313 2132 2382 mulis
2177 2318 2501 2404 asportari
2555 2329 2834 2405 poterat.

626 2433 817 2500 Dum
862 2430 1030 2498 baec
1074 2442 1365 2521 aguntur
1395 2431 1597 2522 Regii·
1631 2455 1837 2522 opera
1867 2429 2146 2518 facundi·
2173 2434 2696 2514 concionatoris,
2726 2435 2835 2523 qui

628 2572 718 2615 ex
758 2546 818 2614 F
820 2549 1368 2616 ranciscanorum‘
1398 2546 1920 2617 Observantium
1966 2549 2200 2628 ordine
2250 2551 2429 2617 cives
2484 2548 2576 2615 ad
2638 2552 2839 2639 pieta·

625 2678 763 2732 tem
806 2665 1105 2754 quotidie
1150 2664 1675 2745 exhortabatur,
1717 2688 1902 2733 sacer
1952 2689 2145 2733 mons
2199 2668 2464 2756 pietatis
2511 2678 2615 2732 est
2658 2670 2839 2733 insti·
2920 2703 2921 2712 κ

626 2763 841 2849 tutus.
878 2781 1010 2848 Die
1038 2805 1180 2870 quo
1209 2780 1503 2850 Simonis
1548 2794 1618 2848 et
1660 2780 2000 2864 Thaddaei
2046 2785 2377 2849 memoria·
2406 2783 2637 2871 agitur
2679 2782 2839 2849 cele-
2920 2867 2921 2874 ἵ

624 2897 728 2966 bri
789 2905 1039 2989 pompa'
1104 2921 1264 2965 cum
1331 2902 1524 2988 pictis
1583 2896 1882 2979 vexillis,
1926 2911 1995 2965 et
2044 2899 2456 2965 tubicinibus
2511 2899 2834 2967 solemnes

625 3037 741 3105 per
806 3015 1044 3081 urbem
1115 3026 1303 3081 actae
1371 3027 1530 3080 sun‘t
1596 3013 2133 3103 supplicationes.
2203 3017 2380 3082 Ante
2447 3019 2833 3106 episcopum

625 3130 957 3205 vexillum
1002 3131 1251 3199 Montis
1291 3133 1438 3219 ipse
1475 3135 1900 3200 concionator
1953 3136 2046 3200 rei
2101 3147 2331 3201 auctor
2386 3132 2832 3223 praeferebat,

623 3271 827 3338 quem
873 3251 1079 3314 ceteri
1122 3246 1401 3336 religiosi
1443 3267 1600 3314 cum
1646 3271 1806 3316 suae
1849 3253 2070 3316 crucis.
2102 3253 2304 3339 signis
2350 3250 2826 3338 sequebantur.

621 3363 763 3431 Ubi
808 3363 893 3430 ad
940 3363 1156 3450 majus
1202 3361 1533 3452 templum
1579 3375 1979 3455 pervenere,
2003 3367 2265 3434 civibus
2309 3370 2633 3434 certatim
2667 3366 2830 3436 'offe-

573 3481 580 3486 '
623 3481 951 3561 rentibus,
992 3483 1219 3570 ingens
1264 3460 1547 3616 &conia
1589 3495 1929 3551 contracta
1970 3482 2127 3550 fuit.
2174 3483 2317 3583 Soli
2347 3488 2562 3552 sancti
2596 3486 2822 3555 Domi-

625 3602 764 3667 nici
807 3598 1252 3679 coenobitae,
1316 3602 1436 3688 qui
1475 3589 1773 3669 “novum
1824 3605 2215 3670 institutum
2261 3585 2718 3685 damnabant,
2759 3615 2820 3669 et

626 3715 801 3783 hanc
853 3718 1120 3807 pietatis
1164 3728 1539 3806 praetextu¹
1564 3740 1920 3785 usurarum
1963 3723 2247 3810 speciem
2293 3743 2431 3787 esse
2474 3720 2821 3789 contende-

625 3830 828 3912 bant,
859 3834 1167 3901 interesse
1213 3831 1598 3900 noluerunt.
1626 3833 1784 3902 Non
1814 3834 2036 3903 multo
2067 3848 2216 3926 post
2243 3836 2590 3906 Matthaeo
2618 3837 2817 3906 Maris

626 3945 913 4033 Bojardo
957 3948 1140 4016 urbis
1183 3946 1513 4039 praefecto
1557 3948 1839 4020 defunto
1862 3952 1964 4034 (¹),
1993 3950 2053 4018 F
2053 3956 2377 4022 ranciscus
2407 3954 2622 4023 Maria
2649 3953 2814 4021 Ran-

699 4180 785 4251 (r)
819 4157 917 4236 Dis
951 4201 1051 4235 ιιι
1081 4182 1365 4238 decembris
1402 4184 1530 4241 hora
1562 4186 1734 4242 noctis
1764 4187 1986 4243 secunda
2017 4204 2329 4242 mcccxuxv.
2406 4195 2415 4200 “
