2950 5017
880 345 886 351 ”
989 381 1189 437 mm
1235 373 1547 440 oct-avus
2217 378 2348 446 523

47 491 485 612 ‚mendis
513 523 738 595 erant,
783 511 1176 582 aetheriam
1228 516 1533 595 veniens,
1575 511 1987 590 mutinenses
2040 514 2125 582 aa
2168 515 2352 585 dedi-

47 631 394 722 :iqnem
460 628 801 702 sollicitat.
848 628 1234 698 Ludovicus
1276 628 1637 721 Raugonus
1650 680 1672 713 ,
1713 632 1835 721 qui
1891 654 2051 699 cum
2116 635 2350 722 paucis

47 748 482 817 militibus
543 747 782 816 urbem
850 746 1194 827 tuebatur,
1245 770 1316 816 se
1382 750 1601 839 primo
1661 751 1848 819 vanis
1889 749 2351 819 Atestinorum

47 868 338 934 minis
409 889 546 933 non
614 865 840 932 terreri
905 863 1288 955 respondit3
1330 864 1457 932 sed·
1495 885 1661 932 ‚cum
1723 866 1971 933 attritis
2013 864 2353 935 Pontificis

47 981 404 1050 vii-ibus
446 980 539 1049 ab
576 982 750 1049 *irato
796 977 1145 1071 Alpbonso
1198 979 1462 1049 cladem
1523 983 1850 1072 perterriti
1914 984 2091 1050 cives
2153 984 2352 1050 time-

47 1110 311 1181 rent,
356 1096 720 1166 excedente
762 1097 1111 1189 Rangono,
1154 1097 1473 1188 postridie
1522 1101 1585 1167 ei
1654 1097 1839 1167 urbis
1890 1097 2116 1169 claves
2161 1101 2353 1167 mise·

47 1227 321 1284 tunt.
369 1215 614 1306 Itaque
655 1226 831 1305 post·
852 1213 1185 1282 sexdecim
1219 1235 1467 1296 annos,
1487 1195 1704 1306 quarn
1737 1214 2041 1284 Pontifici
2074 1238 2144 1282 se
2171 1238 2353 1284 com-

52 1333 490 1413 miserant,
518 1333 588 1399 in
618 1332 1077 1400 Atestinorum
1118 1341 1518 1421 potestatem
1564 1330 1924 1400 redierunt.
1955 1330 2100 1398 Nec
2131 1330 2351 1400 multo
2423 1359 2434 1366 ·
2561 1349 2568 1364 ¹

60 1462 284 1540 post
356 1451 501 1541 pari
566 1446 889 1517 felicitate
955 1464 1360 1539 occupatum
1412 1448 1871 1519 Monticulum
1925 1447 2184 1517 fuisset.
2236 1449 2351 1517 Ob

78 1590 232 1636 res
280 1589 599 1657 prospere
642 1578 855 1657 gestas
898 1568 1185 1635 accensis
1214 1566 1490 1656 ignibus
1515 1565 1953 1658 displosisque
1983 1565 2352 1654 majoribus

80 1686 492 1754 tormentis
534 1683 723 1778 Regii
765 1682 1062 1751 laetitiae
1105 1683 1421 1775 publicae
1472 1684 1660 1776 signa
1710 1682 1894 1752 edita
1943 1680 2154 1752 fuere.
2200 1682 2355 1752 Cle-

94 1825 366 1885 mens,
408 1804 529 1894 qni
572 1802 829 1871 Romae
882 1825 1031 1870 arce
1072 1825 1117 1869 a
1160 1795 1574 1871 Caesarianis
1634 1814 1831 1893 capta
1845 1852 1867 1884 ,
1910 1814 1982 1870 et
2022 1801 2353 1870 Centum-

92 1919 352 2002 cellis,
392 1919 597 1989 bodie
641 1920 898 1989 Civitas
945 1932 1138 1989 vetus
1170 1920 1453 2002 dicitur,
1497 1919 1676 1989 hosti
1716 1918 2010 2002 traditis,
2053 1930 2227 2010 post.
2248 1942 2354 1987 se-

100 2040 434 2129 ptimum
477 2061 776 2106 mensem
817 2061 1028 2130 quam
1072 2038 1371 2107 obsessus
1414 2035 1684 2119 fuerat,
1707 2036 2154 2128 quadraginta
2197 2035 2352 2105 mil-

100 2155 319 2224 libus
366 2179 718 2224 aureorum
773 2179 1133 2223 nummum
1177 2179 1247 2223 se
1290 2155 1614 2223 redimere
1667 2167 1941 2224 coactus
1993 2166 2167 2237 erat,
2224 2154 2351 2224 ubi

117 2275 418 2340 amissae
461 2273 769 2342 Mutinae
818 2275 1157 2350 nuncium,
1199 2275 1460 2363 accepit
1481 2323 1502 2355 ,
1546 2270 2006 2341 incredibilem
2052 2271 2351 2341 dolorem

115 2390 471 2479 concepit.
502 2389 814 2479 Denique
846 2387 1037 2457 velut
1078 2388 1393 2458 omnibus
1437 2387 1674 2457 eodem
1722 2401 2024 2480 tempore
2069 2411 2350 2457 concur·

120 2505 444 2574 rentibus
472 2504 974 2574 calamitatibus
1006 2507 1230 2573 animo
1262 2504 1460 2595 plane
1490 2494 1950 2574 consternatus
1977 2517 2104 2585 est,
2131 2527 2352 2594 quum

123 2619 544 2713 Hippolyto,
588 2634 660 2690 et
701 2621 1085 2694 Alexandro
1127 2620 1439 2689 Mediceis
1497 2622 1876 2692 necessariis
1918 2619 2150 2707 ejectis
2193 2618 2352 2689 Flo·

124 2741 430 2808 rentinos
494 2743 571 2807 in
633 2761 820 2830 spem
871 2741 1118 2807 veteris
1174 2737 1506 2806 libertatis
1571 2748 1824 2806 erectos
1866 2734 2192 2806 defecisse
2243 2759 2353 2806 co-

130 2860 392 2954 gnovit.
437 2856 736 2926 Annibal
803 2877 1076 2949 qnoque
1125 2854 1515 2926 Bentivolus
1580 2854 1923 2925 nonnullis
1989 2833 2352 2925 contractis

74 2951 87 2958 “
133 2978 346 3067 copiis
386 2974 757 3045 Bononiam
802 2976 1168 3055 invaserat,
1211 2973 1324 3042 sed
1367 2973 1535 3042 dum
1581 2971 1888 3042 hostibus
1953 2996 2026 3042 se
2082 2970 2353 3043 inferio-

139 3117 275 3161 rem
308 3105 628 3175 cerneret,
661 3095 938 3186 receptis
970 3093 1430 3168 Atestinornm
1461 3097 1662 3182 opera
1692 3092 1986 3180 paternis
2032 3089 2348 3180 praediis,

145 3213 531 3278 retrocessit.
576 3211 874 3279 Caesaris
918 3207 1223 3277 felicitati
1270 3211 1476 3275 etiam
1524 3209 1821 3289 accessit,
1865 3206 2048 3298 quod
2094 3206 2351 3299 Philip-

142 3349 304 3418 pum
350 3350 439 3393 ex
481 3326 771 3395 Isabella
813 3325 1099 3417 conjuge
1140 3328 1455 3415 suscepit.
1501 3322 1889 3417 Alphonsus
1919 3348 2106 3407 vero,
2147 3337 2351 3416 capto

145 3442 436 3512 Castello
479 3444 763 3524 Franco,
807 3445 1031 3511 omnia
1061 3441 1392 3511 Gnidonis
1423 3440 1767 3536 Raugoni,
1811 3440 2005 3510 velut
2051 3441 2349 3524 rebellia,

148 3572 358 3627 castra
399 3562 681 3629 invasitz
726 3583 864 3652 quo
909 3573 1204 3651 tempore
1244 3576 1620 3650 opportune
1663 3559 1984 3649 Raugouo
2016 3558 2348 3626 Antistite

148 3674 466 3749 defuncto
523 3702 643 3769 pro
701 3676 842 3748 filio
888 3677 1257 3769 Hippolyte
1301 3678 1609 3746 Mutinae
1663 3678 2126 3766 episcopatum
2172 3673 2350 3742 obti-

148 3796 315 3862 nuit.
360 3794 457 3861 At
499 3793 740 3863 Gallus
795 3795 914 3864 ubi
973 3793 1414 3863 miserandam
1459 3793 1827 3863 Clementis
1879 3789 2345 3859 calamitatem

153 3911 517 3995 intellexit,
561 3913 888 4002 Odettum
934 3912 1364 3984 Louechium
1408 3913 1503 3979 cis
1554 3909 1736 4002 alpes
1791 3909 1877 3978 ad
1921 3908 2349 3978 liberandum

148 4026 531 4098 Pontificem
601 4032 714 4121 pia
780 4030 1216 4120 generositate
1277 4029 1676 4117 transmisit,
1730 4028 1885 4117 qui,
1935 4025 2349 4094 Caesarianis

156 4146 234 4214 ad
275 4144 607 4217 Boscbum
668 4146 997 4238 oppidum
1057 4144 1419 4237 profligatis
1438 4197 1458 4229 ,
1509 4156 1845 4236 captaque
1899 4140 2309 4214 Alexandria
2327 4192 2348 4225 ,
