2950 5017
731 404 815 493 76
1458 426 1690 472 aarum
1734 427 2144 473 auciensium

726 556 797 611 et
838 542 1029 609 Pauli
1068 541 1302 611 limina
1346 559 1774 613 veneraturus
1805 550 2019 627 venit3
2052 547 2169 613 nbi
2197 545 2519 625 doctrina,
2563 557 2632 614 et
2681 548 2893 617 incon

724 661 935 748 ruptis
984 658 1276 727 moribus
1333 658 1549 726 clarus
1608 660 1785 750 apud
1845 660 2131 730 Leonem
2177 658 2554 728 Pontificem
2622 684 2892 729 summ<

696 768 882 841 'cum
925 773 1119 842 laude
1159 774 1412 843 scribae
1441 773 1646 844 offitio
1675 777 1760 842 ab
1793 779 2093 865 epistolis
2136 773 2405 844 functus
2432 754 2553 844 est.
2596 777 2778 846 Mox
2821 802 2893 844 a«

725 891 1084 959 Nicaenam
1142 891 1463 981 synodum
1532 895 1763 960 missus
1820 892 2367 961 Eutichianorum
2384 944 2403 975 ,
2464 894 2895 963 Nestor-iano

724 1029 1007 1097 rumque
1061 1010 1418 1074 amentiam
1478 1030 1634 1073 cum
1676 1008 2072 1097 disputando
2136 1011 2442 1076 acerrime
2502 1006 2894 1077 refutasset

728 1121 941 1191 altiori
990 1122 1195 1212 gradu
1233 1122 1468 1213 dignus
1512 1135 1612 1189 est
1652 1122 2017 1209 judicatus,
2061 1146 2333 1213 eumque
2383 1125 2647 1212 mirifice
2704 1127 2895 1215 juvi

728 1241 801 1303 in
842 1236 1268 1325 confutandis
1311 1236 1848 1322 Manicbeomm,
1880 1237 2177 1326 Pelagii,
2217 1242 2619 1327 aliorumque
2660 1239 2895 1306 haere

724 1352 936 1420 sibus.
980 1352 1148 1419 Erat
1199 1368 1343 1419 tum
1395 1351 1697 1442 Elpidius
1752 1352 1970 1444 Regii,
2024 1355 2138 1422 vel
2188 1367 2264 1421 ut
2314 1355 2436 1420 alii
2475 1357 2717 1421 volunt
2760 1355 2895 1420 Fa

725 1472 1008 1552 vetitius,
1052 1468 1327 1534 antistes
1394 1470 1465 1533 in
1530 1481 1827 1534 extrema
1877 1480 2136 1535 senecta
2179 1465 2422 1533 difficili
2477 1467 2897 1556 aegritudine

723 1581 884 1649 adeo
925 1581 1291 1672 implicitus
1319 1593 1398 1649 ut
1426 1586 1603 1649 intra
1646 1605 1889 1673 paucos
1918 1582 2059 1649 dies
2089 1585 2445 1651 moriturus
2489 1583 2896 1649 crederetur

722 1694 1073 1764 Deficienti
1117 1700 1316 1787 igitur
1357 1700 1494 1765 seni
1536 1698 1805 1788 Prosper
1842 1721 1882 1765 a
1919 1698 2136 1765 Leone
2176 1696 2479 1765 laborum
2524 1702 2738 1765 socius
2777 1698 2897 1764 ad-

720 1812 899 1880 ditus
944 1836 1117 1881 anno
1161 1835 1504 1894 ooocxmv,
1532 1816 1729 1881 etiam
1763 1812 2175 1903 Regiensium
2219 1815 2555 1902 episcopus
2593 1812 2897 1901 designa-

723 1938 855 1994 tur.
899 1928 1177 2019 Iamque
1223 1941 1303 1995 ut
1349 1928 1668 1995 traditum
1715 1951 1957 1995 munus
2000 1930 2385 2018 susciperet,
2413 1930 2536 1993 iter
2563 1930 2899 2016 ingressus

722 2054 896 2122 erat,
940 2066 1091 2109 cum
1112 2094 1131 2123 ‚
1174 2042 1441 2133 Elpidio
1485 2055 1778 2124 mortuo,
1807 2042 2091 2134 populus
2136 2046 2366 2133 optimi
2409 2044 2678 2132 pastoris
2725 2066 2899 2109 cura

724 2157 1076 2225 destitutus
1124 2158 1206 2224 de
1248 2181 1614 2226 successore
1656 2158 1973 2248 sollicitus
2014 2181 2149 2225 esse
2193 2161 2431 2248 coepit.
2477 2157 2652 2224 Tum
2698 2181 2898 2247 spec-

723 2284 902 2338 tatae
945 2276 1120 2340 vitae
1162 2272 1458 2341 sacerdos
1502 2296 1765 2341 omnem
1831 2296 2062 2340 curam
2127 2272 2401 2352 ademit,
2444 2272 2766 2340 divinitus
2820 2296 2893 2339 se

721 2391 1051 2457 monitum
1096 2411 1374 2456 asserens
1418 2392 1903 2456 sanctissimum
1949 2390 2308 2455 adventare
2341 2389 2736 2467 antistitem,
2768 2391 2891 2477 qui

598 2554 603 2560 -
720 2502 1026 2594 exemplo
1054 2517 1122 2570 et
1151 2504 1446 2573 doctrina
1477 2501 1876 2571 destitutam
1920 2503 2256 2571 ecclesiam
2301 2507 2386 2570 sit
2429 2484 2884 2569 instituturus.

719 2617 984 2686 Litteris
1026 2642 1180 2687 vero
1226 2643 1265 2685 a
1308 2642 1570 2687 summo
1618 2618 1932 2687 Pontifice
1961 2619 2043 2685 de
2072 2620 2363 2708 Prosperi
2406 2617 2729 2685 electione
2781 2642 2892 2684 ac-

720 2738 953 2824 ceptis,
992 2737 1188 2816 cives,
1216 2735 1459 2825 quibus
1507 2737 1629 2803 viri
1676 2735 1964 2825 probitas
2007 2747 2163 2802 nota
2207 2747 2373 2814 erat,
2415 2734 2715 2823 squalore
2766 2735 2888 2800 de-

720 2852 958 2939 posito,
990 2853 1275 2919 universi
1303 2853 1373 2917 in
1405 2854 1724 2918 venientis
1756 2849 2069 2940 praesulis
2107 2871 2449 2916 occursum
2493 2847 2685 2916 effusi
2727 2874 2887 2916 eum

719 2966 907 3034 laetis
949 2968 1537 3036 acclamationibus
1583 2978 2020 3055 susceperunt.
2066 2965 2311 3033 Urbem
2343 2969 2685 3055 ingressus,
2713 2982 2789 3033 et
2818 2971 2885 3033 in

721 3084 1035 3151 cathedra
1067 3087 1433 3152 collocatus
1463 3084 1847 3170 hujusmodi
1888 3088 2243 3150 orationem
2272 3082 2530 3149 habuit.
2562 3085 2603 3121 ‘⁶
2647 3083 2883 3163 Video,

722 3246 764 3282 „
793 3198 863 3266 F
858 3213 1032 3265 rates
1079 3203 1439 3279 carissimi,
1485 3212 1806 3284 quantum
1873 3202 2032 3263 meis
2098 3197 2566 3266 imbecillibus*
2596 3198 2882 3266 humeris

721 3361 764 3398 „
795 3335 962 3396 onus
1004 3318 1377 3400 impositum
1403 3312 1584 3401 fuit,
1631 3335 1841 3401 neque
1888 3318 2059 3379 enim
2101 3318 2342 3402 major,
2387 3338 2583 3402 quam
2626 3320 2881 3381 anima-

721 3477 763 3513 „
799 3452 938 3494 rum
982 3450 1142 3494 cura
1185 3430 1563 3494 demandari
1606 3432 1911 3516 cuiquam
1931 3443 2186 3517 potest,
2219 3434 2398 3519 quod
2424 3432 2688 3518 quidem
2716 3453 2883 3498 onus

723 3591 766 3629 2,
796 3566 874 3611 eo
920 3557 1094 3611 certe
1136 3548 1415 3632 gravius.
1451 3556 1586 3628 est,
1638 3566 1768 3631 quo
1822 3549 1937 3632 qui
1986 3546 2253 3633 regendi
2300 3559 2458 3613 sunt
2518 3548 2774 3633 majora
2819 3559 2885 3613 et

722 3708 764 3744 ‚,
786 3664 1034 3751 paucis
1081 3680 1395 3727 concessa
1424 3672 1808 3748 expectant.
1847 3659 2138 3738 Iudiciis
2182 3667 2353 3728 enim
2396 3661 2778 3749 hujusmodi
2817 3674 2885 3728 et

722 3824 764 3860 ,‚
795 3781 1145 3843 concitatis
1187 3781 1296 3842 sui
1340 3777 1763 3865 opinionibus
1814 3780 2200 3867 respondere
2241 3777 2698 3867 difficillimum
2750 3792 2876 3846 est.

720 3940 764 3977 2,
804 3891 1038 3961 Videre
1070 3894 1219 3979 jam
1247 3893 1497 3975 videor,
1527 3896 1691 3979 quid
1723 3899 2128 3982 expectetis,
2159 3906 2229 3960 et
2255 3896 2423 3982 quid
2447 3895 2529 3960 de
2557 3915 2659 3959 me
2689 3892 2874 3963 vobis

719 4055 763 4092 „
781 4009 1260 4097 polliceamini.
1285 4007 1509 4097 Quare
1530 4011 1817 4076 dandam
1848 4010 2007 4077 mihi
2035 4015 2229 4079 enixe
2260 4032 2525 4101 operam
2548 4011 2874 4098 intelligO,

719 4171 764 4209 „
793 4146 876 4193 ne
921 4127 1083 4214 quid
1107 4148 1152 4193 a
1179 4147 1278 4195 me
1295 4130 1887 4218 praetermittatur,
1918 4129 2097 4216 quod
2128 4128 2222 4195 ad
2250 4149 2471 4195 verum
2515 4131 2874 4193 animarum
