2950 5017
941 443 1144 494 mum
1183 441 1545 494 mnuus'
1850 477 1856 498 ¹
2182 430 2316 525 509

61 574 168 633 et
213 559 430 635 salem
473 560 800 634 duodenis
839 565 1098 635 assibus
1140 565 1591 658 Regiensibus‘
1636 565 1711 638 iu
1771 566 2316 661 vigintiquinque

63 680 314 751 libras
353 680 775 751 vendendum
819 706 956 751 esse
999 685 1333 756 convenit.
1367 682 1756 776 Alphonsus
1800 688 1940 753 arci
1982 686 2312 765 Ioannem

65 798 427 866 Rubeum
479 822 651 867 cum·
692 799 995 869 ducentis
1054 800 1430 891 peditibus,
1474 812 1547 868 et
1586 802 1745 870 urbi
1770 776 2070 871 ‘Eneam
2112 803 2314 874 Pium

65 911 446 1005 praefecit.
488 910 655 984 Mox
695 915 971 998 Reatio,
1013 919 1136 1008 qui
1190 919 1260 985 in
1314 916 1718 987 suburbanis
1775 920 1938 988 vicis
1999 920 2314 1010 praedam

67 1030 830 1121 agebat,‘Regiensium
871 1055 1030 1124 agro
1075 1030 1395 1102 excedere
1438 1033 1646 1121 jusso,
1691 1036 1832 1126 ipse
1874 1036 2185 1125 postridie
2228 1034 2315 1103 ad

73 1146 473 1235 Marsajam
503 1158 585 1215 ut
611 1144 950 1218 Mutinam
994 1152 1349 1240 reciperet,
1376 1163 1594 1219 castra
1637 1152 1883 1243 pusuitss
1913 1151 2024 1220 Ibi
2052 1152 2317 1222 civibus

76 1261 238 1331 nisi
278 1286 350 1331 se
390 1262 641 1332 dedant
707 1263 886 1333 bona
953 1264 1285 1338 militibus
1354 1267 1639 1357 praedae
1687 1266 2008 1336 daturum
2069 1264 2318 1337 frmtra

81 1380 406 1458 minatus
448 1380 873 1450 Theodorum
922 1381 1295 1476 Triultium
1340 1386 1689 1474 copiarum
1731 1382 2145 1452 Venetamm
2190 1384 2321 1456 du·

79 1519 256 1566 cem
303 1520 463 1565 cum
486 1500 998 1589 ,quinquaginta
1039 1498 1493 1591 cataphractis
1537 1512 1608 1568 et
1650 1499 1960 1571 ducentis
2018 1500 2168 1569 ‘aliis
2225 1501 2321 1570 le·

83 1615 405 1684 victibus
443 1615 787 1707 equitibus
837 1637 917 1683 ac
970 1619 1404 1706 septingentis
1456 1616 1794 1707 peditibus
1839 1616 1937 1685 ad*
1968 1617 2320 1688 meridiem

85 1732 241 1802 nub
286 1733 634 1802 moenibus
676 1746 892 1804 castra
936 1732 1183 1802 habere
1211 1733 1431 1821 jubet.
1463 1733 1759 1802 Hercule
1789 1751 1959 1805 vero·
1975 1734 2117 1806 filio
2158 1759 2323 1806 cum

87 1850 261 1920 aliis
328 1852 536 1942 copiis
597 1862 672 1919 et
734 1851 1104 1938 majoribus
1147 1854 1496 1922 tormentis
1538 1853 1833 1925 Ferraria
1880 1857 2124 1936 accito,
2175 1845 2356 1946 ipse‘

87 1966 500 2055 Herberiam
543 1990 838 2038 reversus
876 1967 1201 2078 oppidum
1231 1968 1362 2036 sibi
1390 1967 1546 2036 dedi
1577 1992 1696 2061 per
1724 1969 2097 2052 tubicinem
2124 1971 2325 2040 nonis

87 2084 402 2156 octobris
443 2082 769 2176 postulat.
808 2082 990 2153 Cum
1033 2107 1425 2177 responsum
1468 2098 1700 2155 eontra
1744 2097 1981 2155 votum
2029 2084 2321 2170 tulisset,

89 2205 413 2295 sequenti
440 2203 552 2271 die
579 2203 752 2271 eirca
782 2200 1017 2272 horam
1062 2206 1282 2272 noctis
1326 2204 1597 2272 tertiam
1640 2216 1905 2296 portam
1950 2203 2322 2292 majoribus

93 2321 460 2389 tormentis
503 2341 814 2410 quassare
856 2320 1112 2410 coepitt
1158 2319 1474 2410 postridie
1522 2320 1642 2387 ubi
1683 2332 2121 2412 expectatum
2166 2320 2324 2401 Mu-

97 2439 255 2520 tina
299 2437 672 2506 subsidium
717 2461 853 2507 non
900 2440 1113 2520 venit,
1141 2435 1371 2506 Guido
1401 2437 1742 2509 Covianus
1768 2442 1985 2510 senior
2012 2440 2133 2531 qui
2161 2463 2322 2508 cum

99 2556 424 2626 ducentis
468 2556 814 2649 peditibus
864 2556 1111 2647 oppido
1171 2570 1472 2648 praeerat
1524 2580 1612 2625 ex
1666 2557 2021 2626 moenibus·
2056 2556 2326 2626 descen-

94 2674 275 2756 dens
313 2697 385 2742 se
435 2686 512 2742 et
560 2673 886 2765 oppidum
931 2673 1237 2742 ‘Atestino
1280 2675 1657 2755 commisit,
1702 2675 2032 2741 incertum
2079 2696 2165 2741 au
2210 2697 2327 2765 pe·

95 2793 311 2862 cunia
373 2803 727 2882 corruptus
747 2841 768 2873 ,
833 2815 923 2859 ,an
990 2811 1154 2861 vero
1220 2812 1264 2857 a
1329 2769 1910 2860 tumultuantibus
1938 2785 1949 2796 ⁸
1974 2790 2325 2881 oppidanis

97 2921 381 2981 coactus
445 2908 517 2978 id
583 2906 838 2977 feeerit.
883 2907 1099 2977 Paulo
1143 2918 1296 2998 post
1338 2909 1665 2999 equitum!
1708 2919 1935 2975 turma
1979 2907 2066 2975 ad
2113 2906 2328 2978 feren-

95 3028 267 3097 dam
311 3026 589 3096 obsessis
631 3049 829 3117 opem
872 3026 1072 3092 missa
1114 3023 1238 3092 ubi
1281 3046 1506 3093 serum
1552 3019 1887 3094 au'xilium
1933 3046 2071 3093 esse
2116 3024 2324 3094 intel-

101 3143 292 3236 ligit,
333 3167 422 3212 ne
464 3140 832 3212 Gabellum
878 3139 1157 3233 quidem
1224 3142 1370 3209 ausi
1434 3152 1597 3210 sunt
1648 3143 2060 3234 pertransire.
2102 3140 2325 3234 Capta

100 3261 467 3343 Her-beria,
513 3257 898 3352 Alphonsus
943 3281 1164 3327 arcem
1217 3254 1405 3328 omni
1470 3282 1693 3327 rerum
1739 3261 1933 3350 copia
1970 3261 2326 3356 *munitam

98 3377 302 3448 nullo
342 3377 628 3470 disploso
676 3389 1008 3448 tormento
1052 3401 1094 3445 a
1138 3373 1297 3447 'rito
1341 3374 1750 3468 Tagliaferro
1793 3376 2131 3447 Parmensi
2188 3389 2325 3447 sta-

103 3499 238 3565 tim
282 3498 553 3588 recepit.
597 3473 764 3565 Mox
809 3497 1017 3564 muris
1083 3505 1154 3563 et
1184 3499 1192 3507 '
1221 3495 1569 3586 aggeribus
1620 3516 1865 3586 magno
1918 3493 2321 3565 rusticorum

111 3626 191 3683 et
220 3613 642 3705 Regiensium
675 3611 1019 3705 dispendio
1063 3612 1388 3704 oppidum
1434 3615 1701 3682 munire
1742 3615 1990 3703 eoepit,
2020 3612 2328 3680 aedibus-

107 3755 251 3823 que
294 3735 469 3800 circa
512 3734 775 3802 moenia
821 3730 907 3800 ad
949 3732 1350 3823 quingentos
1402 3753 1632 3822 passus
1685 3729 1860 3796 dirui
1918 3727 2150 3815 jussis,
2207 3751 2325 3818 per

109 3847 560 3941 quadraginta
602 3846 740 3916 dies
783 3849 880 3917 ibi
924 3870 995 3918 se
1037 3850 1395 3916 continuit.
1439 3848 1705 3914 Interea
1755 3846 1826 3912 in
1870 3843 2324 3913 Mutinensem

111 3988 354 4058 agrum
397 3968 582 4035 missi
626 3963 1120 4034 frumentatum
1180 3963 1431 4034 milites
1498 3974 1620 4032 aut
1669 3964 1877 4043 caesi,
1921 3973 2044 4030 aut
2101 3963 2326 4053 capti,

113 4086 407 4152 armisve
473 4083 688 4152 exuti'
719 4080 929 4150 fuere.
971 4080 1153 4151 Cum
1195 4103 1358 4152 vero
1403 4079 1586 4173 apud
1627 4076 2096 4149 Nonantulam
2138 4078 2339 4170 equi-.

117 4212 276 4269 tum
319 4198 433 4270 ala
472 4199 603 4271 sub
630 4197 981 4270 Albertino
1008 4199 1318 4271 Atestino
1344 4209 1416 4269 ct
1442 4196 1752 4270 Alberico
1782 4196 2100 4289 Raugone
2142 4215 2327 4267 com-
