2950 5017
717 384 807 468 64
1457 402 1695 450 anama
1736 401 2154 451 nacmnsnm

715 537 1080 617 pugnantes
1144 522 1512 594 Othoniani
1578 524 1707 594 fusi
1774 523 1987 594 fuere.
2054 524 2280 593 Cladis
2346 529 2586 596 nuntio
2668 528 2901 600 allato

711 643 1019 734 quamvis
1060 641 1304 710 milites
1346 644 1596 711 invicto
1642 645 1863 711 animo
1911 666 1978 711 se
2021 646 2230 711 aciem
2274 657 2718 740 renovaturos
2777 671 2901 736 pro

712 762 1081 841 mitterent,
1126 762 1425 826 animum
1468 745 1871 848 despondens
1916 757 2097 828 Otho
2149 775 2359 828 morte
2425 758 2634 828 finem
2713 762 2899 830 belli

710 873 1023 943 civilibus
1072 871 1297 940 afferre
1340 875 1602 940 statuit.
1649 873 2064 941 Adveniente
2107 876 2310 964 igitur
2339 897 2635 966 vespere,
2688 880 2901 966 prim«

709 988 962 1081 gelidae
1005 1012 1217 1081 aquae
1275 988 1524 1057 haustu
1581 990 1761 1056 sitim
1819 988 2107 1071 sedavit,
2149 989 2386 1058 deinde
2437 959 2746 1060 duolum
2796 1016 2901 1083 pu·

710 1108 983 1197 gionum
1010 1156 1031 1187 ,
1073 1107 1195 1196 qui
1236 1104 1424 1173 allati
1481 1102 1748 1174 fuerant
1775 1156 1797 1188 ,
1840 1107 2023 1196 prius
2075 1107 2221 1173 acie
2284 1118 2540 1175 tentata
2606 1108 2901 1177 alterum

707 1226 912 1318 capiti
951 1222 1266 1292 subdidit.
1327 1221 1504 1293 Tota
1553 1234 1749 1293 nocte
1797 1247 1954 1291 cum
2014 1227 2372 1293 arctissimo
2422 1248 2660 1294 somno
2715 1229 2901 1315 quie·

704 1344 940 1422 visset,
967 1341 1096 1409 sub
1124 1339 1342 1407 lucem
1388 1337 1887 1430 expergefactus
1930 1363 2067 1410 uno
2109 1344 2251 1408 ictu
2292 1364 2363 1409 se
2404 1343 2581 1410 intra
2627 1341 2901 1410 laevam

704 1454 1025 1547 papillam
1070 1453 1348 1541 trajecit.
1392 1454 1560 1536 Die,
1588 1478 1722 1545 quo
1752 1454 2057 1522 Bebriaci
2102 1466 2434 1523 certatum
2478 1454 2647 1539 fuit,
2695 1459 2901 1525 inusi-

704 1561 848 1639 tata
889 1573 1105 1662 specie
1171 1572 1309 1638 avis
1376 1570 1555 1662 apud
1598 1569 1880 1660 Regium
1922 1580 2227 1643 nostrum
2279 1571 2523 1638 celebri
2588 1574 2668 1639 in
2741 1572 2900 1642 luco

703 1690 1030 1772 consedit,
1078 1712 1251 1779 quae
1307 1689 1377 1762 in
1428 1698 1622 1755 coetu
1664 1687 2017 1771 hominum
2062 1688 2631 1770 circumvolitans,
2677 1688 2894 1758 donec

703 1807 888 1876 Otho
930 1809 1267 1875 extinctus
1310 1804 1476 1888 fuit,
1521 1804 1709 1874 nullo
1776 1805 1911 1875 telo
1977 1808 2202 1873 terreri
2265 1806 2525 1897 abigive
2580 1829 2889 1898 unquam

700 1926 958 2012 potuit.
1005 1922 1106 2020 1Ξο
1148 1923 1420 1990 demum
1472 1924 1785 2016 temporis
1839 1935 2179 1990 momento
2225 1946 2363 2012 quo
2416 1925 2719 2013 princeps
2774 1949 2885 1990 ex·

697 2041 964 2130 pir-avit,
1008 2039 1234 2106 alitem
1263 2062 1349 2106 ex
1388 2037 1602 2108 oculis
1646 2037 1994 2107 hominum
2038 2049 2271 2129 sponte
2299 2037 2683 2121 discessisse,
2712 2039 2874 2108 hora

699 2153 1044 2245 diligenter
1095 2153 1440 2245 explorata
1455 2204 1476 2235 ,
1519 2156 1812 2223 constitit
1825 2202 1844 2221 .
1890 2152 2028 2222 Ubi
2072 2153 2356 2224 Othonis
2418 2154 2643 2224 obitus
2693 2157 2880 2225 inno-

698 2272 866 2348 tuit,
909 2293 1150 2360 magno
1201 2269 1463 2357 ejulatu
1508 2282 1581 2338 et
1620 2268 1904 2337 lacrimis
1965 2268 2212 2339 vulnus
2239 2333 2242 2336 ,
2271 2272 2663 2362 manusque
2701 2271 2875 2338 surdi

696 2387 985 2476 Augusti
1045 2390 1301 2478 saepius
1364 2386 1700 2457 osculatae
1771 2387 2131 2476 praetoriae
2197 2387 2497 2456 cohortes
2519 2437 2538 2469 ,
2606 2386 2869 2455 tandem

696 2502 974 2600 cadaver
1016 2527 1171 2571 cum
1219 2506 1401 2572 omni
1443 2501 1694 2571 'funeris
1714 2552 1735 2584 ,
1764 2516 1834 2569 et
1867 2526 2146 2594 pompae
2187 2502 2435 2572 honore
2463 2501 2870 2594 deploratum

614 2634 624 2644 '
697 2620 1105 2689 extulerunt.
1149 2620 1439 2706 Quidam
1486 2609 1688 2687 etiam
1741 2622 1951 2688 nimia
2010 2643 2157 2711 erga
2217 2622 2678 2711 imperatorem
2720 2620 2867 2687 cha-

694 2740 891 2807 ritate
919 2741 1235 2807 commoti
1274 2738 1474 2824 juxta
1521 2736 1665 2824 ejus
1705 2746 1942 2829 ‘rogum
1986 2761 2058 2807 se
2101 2734 2505 2805 interfecisse
2536 2737 2859 2806 dicuntur.

693 2852 1092 2947 Sepulcrum
1121 2854 1402 2936 humile,
1429 2853 1542 2922 sed
1570 2853 1690 2921 diu
1719 2877 2109 2922 mansurum
2143 2857 2204 2920 ei
2234 2865 2613 2920 extructum
2646 2851 2860 2935 fuisse,

692 2970 881 3048 nullo
927 2985 1105 3039 certo
1147 2970 1295 3041 loco
1325 2971 1795 3051 demonstrato,
1823 2969 1978 3039 Cor.
2009 2968 2280 3037 Tacitus
2312 2981 2671 3065 memorat3
2701 2970 2853 3036 mihi

563 3167 568 3173 .
691 3100 915 3156 tamen
959 3087 1264 3157 nonnulli
1319 3111 1597 3176 magnae
1656 3090 2068 3155 auctoritatis
2113 3088 2269 3168 viri,
2313 3085 2595 3155 Othonis
2636 3110 2855 3155 monu-

691 3216 995 3284 mentum
1042 3213 1229 3268 extra
1274 3202 1510 3269 urbem
1557 3214 1884 3282 nostram,
1931 3202 2053 3268 ubi
2097 3214 2323 3270 contra
2366 3225 2585 3269 arcem
2642 3203 2851 3270 nobile

691 3318 851 3386 Divi
897 3318 1188 3405 Prosperi
1242 3314 1572 3405 templum
1633 3314 1798 3384 olim
1855 3313 2021 3397 fuit,
2081 3340 2150 3384 se
2209 3318 2445 3416 vidisse
2506 3328 2848 3399 testantur,

690 3433 872 3525 quod
933 3425 1160 3523 postea
1211 3435 1403 3501 ruina
1448 3433 1741 3500 cadentis
1783 3432 2053 3500 aedifitii
2099 3457 2480 3525 oppressum
2535 3458 2844 3525 nusquam

690 3551 1029 3639 apparuit.
1076 3548 1156 3615 In
1202 3548 1343 3636 ejus
1393 3548 1558 3614 belli
1623 3549 2081 3642 expeditione,
2132 3548 2254 3616 ubi
2300 3548 2639 3616 Vitelliani
2680 3563 2845 3617 trans

689 3666 948 3734 Padum
992 3678 1205 3733 castra
1250 3665 1650 3747 habuerant,
1678 3666 1935 3735 incolae
1980 3667 2318 3734 munitum
2364 3663 2587 3734 locum
2628 3676 2691 3731 et
2731 3667 2843 3733 mi-

686 3782 994 3851 litaribus
1038 3785 1228 3850 tectis
1271 3779 1590 3849 refertum·
1636 3786 1848 3865 nacti,
1878 3779 2197 3873 oppidum
2229 3805 2270 3849 a
2301 3784 2571 3852 victoris
2598 3784 2839 3850 nomine

687 3899 1116 3969 Vitellianam
1159 3899 1415 3966 dietum
1458 3900 1915 3969 condiderunt.
1962 3900 2064 3968 Ea
2109 3911 2235 3981 est,
2277 3922 2451 3990 quae
2495 3922 2669 3967 nunc
2710 3923 2838 3969 cor-

686 4030 885 4109 rupto
918 4017 1242 4087 vocabulo
1272 4018 1577 4086 Viadana
1605 4018 1873 4087 dicitur.
1921 4017 2155 4087 Nobili
2185 4016 2313 4084 hac
2341 4028 2530 4108 parta
2558 4019 2833 4097 victoria,

565 4155 573 4164 ·
685 4134 1050 4205 Cremonae
1119 4133 1402 4204 Caecina
1468 4146 1538 4226 et
1602 4134 1942 4205 Bononiae
2006 4133 2254 4221 Fabius
2308 4130 2555 4203 Valens
2596 4130 2831 4204 Vitellii
