2950 5017
673 416 808 483 232
1420 436 1658 481 esaum
1698 406 2118 488 auciensium

670 548 1086 624 sacerdotem
1132 552 1360 622 Sancti
1417 555 1721 624 Faustini
1765 555 2406 647 Archipresbiterum
2421 588 2459 638 ,·
2486 557 2614 648 qui
2672 580 2745 625 se
2786 582 2876 626 re-

574 712 578 717 «
664 672 911 762 ligicne
959 682 1187 756 tutum
1236 671 1625 752 crediderat,
1670 673 1937 759 injectis
1979 672 2155 743 collo
2201 671 2476 741 funibus
2519 687 2869 778 cepegunt.

666 787 881 856 Sessii‘
912 786 1373 856 Decuricnum'
1418 788 1687 857 decreto
1756 800 1976 886 extra·
2014 790 2251 857 urbem
2320 789 2596 880 relegati
2648 789 2874 856 Sancti

666 907 969 972 Faustini
1018 904 1278 995 templo
1324 905 1453 972 sub
1501 905 1820 973 Herberia
1865 929 1936 973 se
2000 909 2427 986 munierunt,
2474 906 2873 997 Albertique

667 1020 1011 1112 Scaligeri,
1055 1035 1127 1088 et
1169 1021 1491 1089 Passerini
1536 1021 1913 1090 Bonaccssii
1959 1025 2270 1090 accersito
2314 1022 2570 1104 auxilie
2620 1026 2867 1088 civium

667 1160 853 1227 agros
896 1133 1090 1206 foede
1136 1147 1601 1205 vastaverunt.
1660 1135 1794 1203 Sed
1850 1161 1934 1204 ne
1986 1137 2365 1206 redivivum
2411 1138 2769 1205 dissidium
2808 1140 2865 1204 in

667 1251 1079 1344 reipublicae
1124 1256 1480 1343 perniciem
1510 1253 1937 1333 redundaret,
1969 1254 2294 1321 Gibertus
2322 1253 2689 1344 Corrigius‚
2721 1250 2860 1321 Pas·

666 1372 958 1451 serinus,
1002 1383 1072 1437 et
1116 1369 1444 1462 Aiboinus
1489 1360 1794 1438 'Veronae
1841 1384 2197 1460 tyrannus,
2242 1370 2433 1437 velut
2477 1394 2860 1440 communes

665 1491 867 1555 amici
915 1488 1146 1555 arbitri
1192 1488 1437 1554 dissidii
1486 1486 1710 1568 electi,
1753 1487 2020 1557 dimisso
2068 1486 2664 1579 Archipresbitero,
2711 1510 2858 1562 con-

630 1609 1055 1699 troversiam
1100 1617 1640 1696 composuerunt.
1693 1604 2022 1696 Ugolinus
2068 1629 2225 1675 vero
2271 1605 2523 1674 Sessius
2567 1605 2861 1674 Veronae

608 1717 612 1722 ’
661 1723 1053 1792 Praeturam
1107 1721 1389 1812 adeptus
1445 1733 1576 1803 est,
1620 1720 1736 1789 alii
1782 1745 1943 1791 vero
1998 1725 2223 1813 agnati
2283 1723 2464 1812 quod
2533 1725 2704 1813 paci
2740 1745 2860 1789 non

664 1838 973 1921 fiderent,
1017 1840 1256 1907 urbem
1306 1841 1555 1928 ingredi
1623 1838 1758 1907 non
1826 1842 1971 1907 ausi
2040 1864 2127 1923 se,
2176 1843 2247 1907 in
2291 1839 2521 1906 Sancti
2566 1840 2857 1906 Faustini

664 1960 977 2051 speciosis
1010 1957 1286 2023 aedibus
1332 1969 1402 2023 et
1446 1957 1720 2024 excelsis
1755 1958 2049 2024 turribus
2081 1961 2577 2025 continuerunt.
2606 1955 2855 2023 Exinde

664 2073 993 2141 indomito
1068 2073 1412 2163 ferocique
1476 2077 1741 2164 ingenio
1805 2075 2246 2157 Mantuanos,
2310 2075 2749 2154 MutinenseS,
2795 2083 2855 2139 et

664 2183 1014 2260 Brixianos
1060 2216 1176 2281 spe
1218 2190 1657 2259 inveniendae
1695 2187 2015 2282 'praedae‘
2070 2192 2157 2259 ad
2227 2192 2481 2261 novum
2547 2192 2856 2282 oppidum

664 2309 1038 2395 conjunctis
1070 2309 1327 2375 viribus
1370 2309 1772 2396 capiendum
1822 2313 2135 2377 invitant.
2182 2308 2327 2376 Nec
2355 2333 2542 2378 mora
2571 2307 2853 2376 illi2lucri

663 2426 987 2525 aviditate
1031 2424 1305 2515 impulsi
1350 2438 1582 2495 coacto
1627 2430 1926 2494 exercitu
1970 2426 2235 2494 modico.
2272 2427 2596 2516 praesidio
2643 2426 2849 2492 muni-

664 2555 816 2608 tum
861 2525 1213 2609 castellum
1259 2545 1432 2609 intra
1465 2546 1726 2639 'paucos
1772 2543 1909 2608 dies
1954 2554 2306 2631 ceperunt,
2351 2554 2454 2624 et,
2500 2554 2581 2608 ut
2622 2562 2847 2609 conve-

661 2669 875 2738 nerat,
906 2657 1244 2747 direptum
1307 2657 1536 2725 Sessiis
1582 2658 2032 2725 tradiderunt.
2079 2657 2429 2748 Regienses
2472 2661 2564 2725 rei
2603 2634 2851 2725 novita-

662 2788 729 2842 te
774 2779 1098 2844 commoti
1144 2800 1301 2842 cum
1348 2777 1868 2844 Bononiensium
1923 2774 2201 2843 auxilio
2268 2775 2353 2842 ad
2418 2773 2850 2865 recipiendum

661 2894 979 2958 amissum
1027 2891 1253 2959 locum
1302 2904 1463 2959 sunt
1510 2890 1824 2981 profecti,
1870 2891 1983 2958 sed
2027 2893 2319 2959 instante
2365 2891 2631 2980 hyeme,
2672 2885 2843 2979 quod

585 2996 589 3003 ’
659 3006 1037 3075 diuturnior
1106 3008 1363 3078 obsidio
1433 3007 1662 3075 futura
1717 3008 2056 3077 videretur
2074 3040 2101 3087 ,·
2161 3033 2232 3074 re
2300 3004 2545 3093 infecta
2590 3005 2848 3074 domum

655 3123 956 3190 rediere.'
994 3124 1292 3189 Demum
1362 3123 1562 3189 Sessii
1607 3125 1875 3190 Henrici
1921 3124 1986 3191 V
2031 3123 2326 3192 Caesaris
2395 3120 2722 3201 adventu,
2761 3119 2837 3185 D.

617 3238 964 3303 ‚Faustini
1011 3260 1160 3303 arce
1205 3237 1504 3318 deserta,
1551 3240 1802 3326 patriae
1845 3251 2004 3304 sunt
2054 3239 2430 3308 conciliati.
2476 3239 2580 3319 Is,
2625 3253 2705 3304 ut
2747 3257 2843 3325 pro

664 3375 1211 3419 more‘coronam
1254 3355 1600 3442 acciperet,
1629 3352 1788 3428 cum,
1818 3355 2198 3442 ingentibus
2225 3357 2427 3444 copiis
2473 3357 2544 3420 in
2591 3352 2839 3420 Italiam

656 3467 1089 3537 descenderat
1141 3469 1388 3557 quibus
1436 3480 1697 3534 tantam
1744 3470 2057 3536 omnibus
2104 3469 2383 3538 urbibus
2442 3467 2838 3563 formidinem

655 3587 955 3663 incussit,
987 3593 1311 3672 quantam·
1361 3581 1579 3651 multo
1625 3591 1820 3650 ante'a
1868 3598 2165 3674 tempore
2211 3585 2442 3652 nullus
2472 3586 2645 3652 alius
2677 3585 2839 3650 Prin·

655 3722 808 3786 ceps
854 3697 1121 3766 fecerat.
1168 3698 1490 3768 Venienti
1519 3700 1909 3789 Thebaldus
1949 3702 2294 3784 Brusatus,
2341 3725 2563 3791 quem·
2594 3700 2834 3766 Brixiae

650 3813 1026 3902 Principem
1062 3827 1444 3895 creaverat,
1490 3819 1744 3905 primus
1789 3818 1972 3898 urbis
2019 3833 2240 3907 portas
2284 3816 2605 3896 occlusit,
2649 3835 2834 3905 quem

649 3942 883 4020 postea
928 3914 1179 4019 praelio
1210 3944 1596 4020 superatum
1629 3933 1876 4001 Caesar
1905 3937 1973 4000 in
2005 3946 2313 4025 quatuor·
2329 3946 2550 4024 partes
2582 3928 2833 4019 discerpi

646 4046 864 4133 jussit,
909 4059 978 4112 et
1022 4047 1457 4114 rebellantem
1501 4051 1850 4118 civitatem
1898 4053 2099 4140 cepit.
2148 4051 2293 4118 Hoc
2338 4047 2831 4139 exemplo'aliao

647 4164 846 4245 urbes
906 4168 1285 4254 perterritae
1350 4169 1416 4237 „ei
1463 4164 1670 4259 ¹ultro
1733 4191 1803 4235 se
1871 4164 2223 4237 dederunt.
2288 4168 2469 4252 Quo·
2513 4189 2673 4234 vero
2730 4162 2829 4228 dio·
