2950 5017
998 431 1195 473 mmm
1242 431 1485 474 paruus
2063 422 2068 426 ’
2246 412 2333 493 43

108 550 463 643 oppidum
515 553 823 640 cepisset,
867 549 1136 616 castella
1176 552 1416 639 viginti
1459 554 1614 617 dcto
1661 550 1744 615 ad
1788 552 2105 617 victorem
2138 548 2335 617 defe-

106 682 407 736 cerunt.
451 670 700 735 Furius
728 690 884 735 vero
915 666 1369 756 alter—Consul
1397 668 1466 733 in
1498 666 1980 735 Boiosveniens
2012 666 2330 737 Marcello

104 810 178 853 se
236 785 659 871 conjunxit,
712 794 781 849 et
834 785 1218 851 universum
1286 796 1587 874 nostrum
1655 806 1917 872 agrum,
1969 808 2210 874 usque·
2248 785 2331 851 ad
2419 805 2430 816 ‘

98 902 473 971 Felsinam
496 953 517 983 ,
559 925 733 992 quae
785 923 964 968 nunc
1016 900 1314 968 Bononia
1364 900 1642 981 dicitur,
1685 901 2081 991 populatus,
2134 901 2370 970 Boios'

102 1024 179 1087 in
230 1020 480 1086 devias
526 1018 747 1108 sylvas
805 1040 874 1085 se
934 1017 1173 1084 abdere
1216 1017 1562 1107 compulit.
1635 1016 1764 1084 Sed
1832 1042 1985 1084 cum
2055 1030 2333 1108 urgente

108 1133 302 1203 fame
354 1133 845 1203 frumentatum
902 1136 1242 1200 incautius
1286 1136 1633 1213 exiissent,
1680 1139 1795 1201 vix
1839 1137 2075 1202 nuntio
2126 1134 2335 1202 cladis
2395 1144 2402 1150 ’

112 1252 410 1333 relicto,
452 1254 739 1319 universi
781 1264 940 1317 sunt
997 1251 1340 1317 trucidati.
1397 1251 1635 1341 Itaque
1702 1250 2003 1318 hostibus
2058 1249 2327 1333 deletis,

114 1368 447 1450 Felsina,
490 1380 885 1457 caeteraque
928 1366 1227 1434 Castella
1274 1353 1618 1435 et‘omnes
1662 1366 1795 1434 fere
1841 1367 1982 1436 Boii
2017 1365 2222 1435 facile
2264 1372 2335 1436 in

114 1485 597 1553 Romanorum
643 1495 1040 1574 potestatem
1070 1495 1437 1551 -venerunt.
1468 1484 1705 1551 Annus
1747 1486 1802 1552 is
1846 1482 1981 1551 fuit
2012 1484 2102 1551 ab
2132 1483 2221 1551 U.
2251 1484 2334 1552 C.

116 1625 325 1669 nnvn
372 1614 442 1669 et
485 1614 639 1668 ante
683 1601 1050 1667 humanam
1094 1601 1377 1668 salutem
1424 1603 1827 1668 centesimus
1872 1604 2337 1690 nonagesimus
2431 1631 2436 1636 ·

120 1722 442 1810 quintus.
484 1705 836 1786 Marcellus
876 1721 945 1786 in
990 1718 1284 1808 singulos
1323 1717 1571 1807 pedites
1602 1721 1991 1808 octingentis
2023 1721 2188 1785 aeris
2221 1722 2337 1785 tri-
2407 1710 2412 1714 ’

130 1835 305 1925 plici
351 1838 554 1926 equiti
600 1850 672 1902 et
712 1836 1134 1916 centurioni,
1179 1835 1541 1902 liberaliter
1571 1834 1865 1916 donatis,
1909 1838 2076 1903 aeris
2118 1857 2338 1903 cccxx

128 1953 384 2035 millia,
432 1956 682 2044 argenti
725 1955 934 2043 bigati
980 1976 1277 2021 ccxxxrv
1324 1952 1537 2019 millia
1583 1952 1944 2023 clarissimo
1997 1952 2340 2044 triumpho

130 2094 221 2136 ex
268 2070 576 2138 hostium
621 2070 845 2159 spoliis
890 2068 1231 2158 praetulit.

273 2186 564 2254 Decreto
611 2188 913 2274 sequenti
961 2209 1136 2252 anno
1184 2183 1406 2262 facto,
1460 2197 1541 2250 ut
1599 2184 1766 2251 alter
1810 2185 2064 2253 Consul
2109 2185 2342 2275 Hispa·

132 2305 323 2372 niam
367 2305 782 2384 citeriorem,
828 2301 1018 2381 alter,
1062 2304 1132 2368 in
1178 2300 1381 2367 Italia·
1416 2279 1783 2390 impetam,
1828 2299 2121 2368 Galliam
2168 2303 2342 2370 obti-

133 2429 362 2500 neret,
392 2419 475 2485 L.
508 2418 815 2486 Valerius
844 2417 1122 2485 Flaccus
1167 2416 1251 2482 ad
1298 2441 1414 2485 nos
1460 2441 1616 2483 cum
1661 2418 1925 2485 duabus
1970 2419 2342 2508 legionibus
2427 2406 2432 2412 ¹

134 2532 479 2624 profectus
524 2534 609 2601 ad
659 2535 969 2600 Litanam
1015 2531 1271 2622 sylvam
1300 2556 1480 2600 *cum
1526 2534 1700 2601 Boiis
1754 2558 2058 2624 prospera
2116 2558 2341 2625 pugna

136 2649 471 2718 conflixit.
511 2648 689 2717 Octo
737 2651 915 2716 enim
961 2647 1269 2716 millibus
1313 2630 1610 2717 hostium
1654 2634 1859 2717 caesis
1880 2701 1899 2729 ,
1945 2663 2015 2715 et
2070 2648 2343 2739 reliquis

136 2771 209 2833 in
254 2770 442 2836 vicos
485 2790 639 2834 suos
665 2765 971 2856 dilapsis,
997 2768 1137 2855 ipse
1178 2765 1260 2832 ad
1292 2765 1732 2847 restituenda,
1763 2791 1935 2857 quae
1963 2765 2344 2833 Placentiae

144 2895 217 2948 et
258 2882 626 2952 Cremonae
670 2856 892 2950 diruta
936 2895 1187 2962 essent,
1231 2906 1299 2950 se
1344 2886 1710 2950 convertit.
1755 2880 1939 2948 Idem
1986 2885 2342 2970 posteriore

147 3021 334 3067 anno
375 2999 726 3070 Proconsul
769 3001 995 3067 decem
1041 2999 1260 3065 millia
1290 2999 1602 3067 Boiorum
1649 3011 1719 3064 et
1760 2998 2176 3078 Insubrium,
2206 2998 2342 3066 alio

146 3118 507 3196 commisso
553 3115 798 3206 praelio
817 3168 835 3198 ,
880 3120 1058 3184 circa
1100 3113 1560 3183 Mediolanum
1613 3111 1974 3180 interfecit.
2020 3102 2344 3182 Nondum

140 3245 379 3300 tamen
425 3246 525 3302 tot
568 3233 869 3300 cladibus
913 3236 1347 3319 consternatis
1376 3231 1586 3310 Boiis,
1617 3253 1773 3297 cum
1819 3242 2033 3299 totam
2078 3243 2345 3320 gentem

140 3371 381 3417 eorum
412 3349 682 3438 regulus
713 3348 795 3415 ad
828 3348 1085 3416 bellum
1117 3350 1538 3427 concitasset,
1563 3346 1703 3413 Titi
1726 3335 2100 3436 Sempronii
2132 3347 2347 3436 Longi

140 3465 463 3535 Consulis
490 3470 689 3534 armis
719 3470 964 3548 victus,
992 3466 1345 3535 duodecim
1375 3464 1594 3532 millia
1623 3465 1974 3534 hominum
2005 3466 2226 3532 amisit
2245 3467 2343 3531 (ι).

140 3581 401 3650 Lucius
445 3605 715 3673 quoque
757 3581 1108 3660 Cornelius
1151 3580 1374 3672 Scipio
1430 3580 1602 3648 alter
1643 3579 1898 3660 Consul
1946 3604 2174 3647 omnes
2218 3580 2348 3649 Bo·
2383 3581 2395 3612 ³

142 3703 370 3768 iorum
444 3722 630 3790 agros
695 3721 909 3790 usque
977 3699 1062 3765 ad
1131 3698 1357 3788 sylvas
1410 3710 1480 3764 et
1535 3697 1812 3788 paludes
1838 3748 1859 3778 ,
1903 3699 2125 3802 opima
2170 3694 2351 3764 facta

142 3817 431 3906 praeda,
478 3833 582 3884 est
633 3816 1107 3909 depopulatus.
1154 3818 1404 3884 Lucius
1447 3829 1674 3906 postea
1705 3815 2060 3885 Cornelius·
2086 3814 2346 3883 Merula

146 3934 447 4001 Galliam
498 3936 790 4017 sortitus,
834 3932 1316 4002 rebellantibus
1360 3932 1581 4000 adhuc
1627 3933 1800 4002 Boiis
1820 3983 1841 4016 ,
1867 3932 1976 4000 sed
2007 3931 2347 4024 pugnandi

221 4163 313 4234 (ι)
346 4165 461 4220 mv.
495 4166 590 4220 uh.
624 4167 687 4235 4,
719 4167 891 4221 deod.
926 4168 973 4235 4.
