2950 5017
631 427 762 493 382
1372 439 1612 488 aarum
1656 405 2082 488 auciensium

629 568 845 634 dicem
890 569 1154 655 cognita
1198 587 1425 633 omnes
1470 562 1781 634 facinoris
1824 568 2118 632 conscios
2160 564 2504 633 custodiae
2550 565 2885 648 tradidit,

628 705 798 773 quos
843 685 1056 771 gentis
1102 684 1432 772 impetum
1478 684 1731 748 veritus
1801 678 2005 769 paulo
2072 693 2223 770 post
2275 704 2510 748 omnes
2570 680 2880 751 dimisit.

630 800 725 866 At
771 801 1105 866 montanis
1137 801 1204 864 in
1241 797 1619 890 regionibus
1651 821 1781 865 non
1814 795 1978 865 levis
2014 800 2333 865 momenti
2379 821 2481 864 res
2529 802 2873 889 contigit3

627 915 954 1005 siquidem
1001 914 1200 982 Baisii
1231 914 1531 1004 Baptista
1575 913 1752 980 filius
1784 913 2136 979 'Partaleae
2169 905 2213 1000 ·(
2233 914 2323 981 ob
2371 913 2870 981 haesitantiam

626 1031 917 1120 linguae,
951 1030 1464 1120 tumultumque
1496 1032 1651 1109 oris,
1696 1029 1764 1096 id
1809 1032 1870 1096 ei
1917 1054 2161 1102 nomen
2210 1029 2617 1121 impositum
2677 1037 2870 1119 erat)

627 1162 979 1218 montanos
1022 1173 1063 1216 a
1107 1148 1439 1217 solvendis
1488 1151 1783 1239 antiquis
1819 1143 2262 1238 vectigalibus
2308 1153 2588 1216 avertit.
2632 1149 2725 1216 Id
2758 1152 2867 1217 ubi

626 1266 1057 1357 Regiensibus
1105 1269 1502 1334 nunciatum
1549 1279 1651 1334 est
1697 1269 1892 1334 tertio
1938 1267 2088 1332 idus
2135 1268 2403 1356 augusti
2451 1267 2590 1334 sub
2639 1289 2869 1359 vespe·

623 1405 765 1452 rum
834 1382 1021 1480 iussu
1067 1383 1261 1449 Pauli
1309 1376 1589 1452 Antonii
1638 1380 1861 1451 Trotti
1932 1383 2116 1449 urbis
2184 1380 2505 1472 praefecti
2574 1384 2863 1452 ducenti

627 1500 882 1592 pedites
925 1524 1085 1568 cum
1133 1503 1449 1591 praetoris
1488 1499 1896 1568 satellitibus
1928 1524 2009 1567 eo
2040 1500 2374 1591 perducti,
2403 1505 2683 1568 oriente
2711 1500 2869 1582 sole,

626 1619 827 1687 domo
871 1618 1167 1698 obsessa,
1213 1618 1587 1709 Baptistam
1645 1641 1802 1684 cum
1849 1617 2113 1685 duobus
2177 1616 2330 1684 filiis
2399 1618 2864 1686 trucidarunt.

627 1733 898 1802 Tertius
952 1733 1381 1814 vulneratus,
1451 1737 1692 1803 amisso
1757 1734 1989 1814 oculo,
2033 1733 2453 1824 Regiumque
2516 1734 2862 1802 deductus

627 1856 860 1920 misere
894 1851 1389 1922 vitamiinivit.
1436 1851 1658 1920 Tanta
1706 1876 1787 1922 eo
1835 1865 2132 1943 tempore
2176 1850 2389 1919 fames
2437 1853 2693 1919 urbem
2748 1878 2864 1921 no-

625 1982 831 2036 stram
875 1972 1231 2048 invaserat,
1279 1982 1358 2037 ut
1402 1969 1620 2037 baccis
1668 1967 1989 2037 ruborum
2037 1967 2260 2059 plures
2296 1982 2755 2050 vescerentur,
2792 1982 2862 2036 et

624 2089 951 2154 sextarius
1004 2090 1434 2176 putaminum
1488 2087 1918 2177 juglandium
1973 2087 2199 2155 solidis
2244 2085 2702 2177 Regiensibus
2748 2087 2862 2154 de·

623 2213 773 2269 ce'm
827 2202 1256 2284 venderetur,
1312 2225 1489 2294 quae
1553 2227 1710 2271 cum
1782 2202 2140 2293 glandibus
2208 2204 2293 2271 ad
2358 2202 2859 2271 conficiendum

626 2342 866 2410 panem
913 2343 1285 2411 pauperum
1334 2322 1775 2390 molebantur.
1809 2321 2153 2390 Sextarius
2182 2346 2454 2414 quoque
2488 2320 2768 2390 frumen
2785 2325 2854 2403 ti,

613 2437 812 2528 quod
858 2462 1208 2529 nunquam
1253 2452 1451 2508 antea
1498 2440 1808 2507 auditum
1868 2437 2122 2522 fuerat,
2179 2439 2365 2508 libris
2410 2440 2858 2530 Regiensibus

622 2569 917 2645 quatuor
961 2557 1395 2626 vendebatur.
1443 2559 1520 2626 In
1566 2582 1646 2625 ea
1692 2560 1967 2649 penuria
2014 2558 2336 2625 Hercules
2380 2559 2678 2649 Regium
2738 2582 2850 2626 ver

624 2677 765 2752 nit,
810 2659 1270 2742 Mediolanum
1339 2676 1430 2743 ob
1498 2675 1874 2744 renovanda
1940 2688 2175 2744 contra
2224 2674 2517 2744 Venetos
2562 2673 2851 2745 foedera

626 2789 712 2857 ad
768 2793 1040 2870 comitia
1103 2791 1538 2883 profecturus.
1586 2791 1768 2860 Eum
1812 2793 2117 2870 Joannes·
2144 2792 2535 2862 Bentiv‘olus
2587 2805 2700 2860 est
2743 2815 2851 2860 se-

623 2922 826 2975 cutus
843 2931 872 2989 ς,
907 2910 1002 2976 ibi
1050 2933 1136 2978 ex
1180 2914 1520 2979 communi
1566 2912 1872 2978 omnium
1917 2910 2193 2979 consilio
2255 2909 2519 3001 placuit
2561 2908 2849 2977 Frideri-

623 3049 779 3091 cum
825 3025 1218 3116 Gonzagum
1270 3027 1804 3095 cum·tredecim
1863 3025 2163 3094 millibus
2218 3038 2286 3093 et
2341 3026 2847 3117 quadringentis

619 3137 999 3234 equitibus,
1055 3159 1124 3211 et
1178 3169 1296 3212 sex
1343 3144 1643 3213 millibus
1699 3158 1769 3213 et
1820 3150 2157 3213 sexcentis
2203 3144 2544 3235 peditibus
2586 3148 2657 3212 in
2704 3146 2843 3211 Bri-

625 3265 884 3342 xianos,
928 3266 1045 3350 qui
1095 3260 1372 3329 Venetis
1417 3263 1764 3349 parebant,
1809 3286 1966 3329 cum
2016 3261 2359 3352 Alphonso
2408 3262 2601 3327 Duce
2646 3261 2841 3328 Cala-

626 3376 812 3443 briae
864 3381 1195 3466 impetum
1247 3376 1478 3445 facere.
1529 3379 1635 3445 Ad
1681 3405 1792 3447 eos
1842 3383 2078 3446 missae
2127 3364 2166 3446 a
2213 3379 2404 3446 Duce
2451 3378 2691 3445 Urbini
2732 3403 2840 3446 co-

630 3495 778 3584 piae
811 3496 880 3560 in
911 3493 1348 3583 Regiensibus
1390 3519 1707 3585 magnum
1749 3498 2058 3588 agricolis
2086 3497 2409 3564 damnum
2447 3495 2834 3563 intulerunt.

623 3610 980 3692 Ceterum,
1040 3610 1238 3680 Sixto
1301 3611 1625 3681 Pontifico
1697 3630 1982 3704 augusto
2052 3635 2276 3681 mense
2346 3626 2640 3693 mortuo,
2690 3635 2834 3680 cum

627 3729 1055 3799 Innocentius
1100 3742 1386 3798 octavus
1435 3733 1616 3822 pacis
1664 3735 1919 3801 amicus
1964 3734 2413 3812 successisset,
2447 3733 2656 3799 omnis
2682 3725 2833 3796 belli

629 3869 791 3914 cura
859 3833 980 3915 est!
1023 3850 1334 3930 remissa3
1401 3851 1499 3916 et'
1542 3853 1797 3939 primus
1852 3825 2299 3930 Ludovicus:
2319 3851 2444 3939 qui
2493 3847 2830 3915 Mediolani

623 3964 998 4055 imperium
1036 3962 1421 4046 affectabat,
1465 3985 1507 4034 a
1555 3964 1906 4035 foederatis
1952 3969 2234 4034 recessit.
2283 3965 2528 4034 Veneti
2572 3985 2828 4055 quoque

631 4081 863 4149 mul'tis
906 4081 1211 4150 cladibus
1256 4087 1469 4151 attriti
1523 4083 1631 4151 his
1673 4084 2166 4153 conditionibus
2199 4082 2500 4164 Herculi,
2540 4094 2608 4149 et
2650 4079 2825 4150 Sfor-

633 4202 766 4267 tiae
808 4224 879 4269 se
924 4200 1390 4283 conciliarunt,
1441 4216 1545 4285 ut,
1594 4201 2039 4272 vicedomino
2087 4202 2458 4270 Ferrariam
2504 4202 2710 4281 misso,
2748 4211 2822 4267 et
