2950 5017
912 445 1110 489 amna
1154 443 1495 489 suemus
2212 425 2298 513 93

104 570 460 664 superavit,
497 590 581 636 ac
611 565 830 658 plures
858 563 1145 631 Romani
1187 563 1449 651 imperii
1496 559 1693 625 urbes
1739 564 2121 649 occupavit.
2166 561 2299 631 Sed

100 713 246 757 cum
292 707 580 765 omnes,
610 681 799 750 nullo
841 693 990 746 tum
1035 683 1277 767 scripto
1321 677 1470 762 jure
1518 688 1906 764 apparente,
1935 678 2301 745 inveterata

100 800 587 872 consuetudine
616 808 989 876 uterentur,
1008 795 1319 882 depositis
1350 794 1575 872 armis,
1608 792 1695 857 ad
1728 791 2100 859 condendas
2128 793 2302 884 leges

102 920 545 988 convertitur.
594 916 749 983 Post
792 934 1046 980 annum
1112 913 1315 1000 igitur
1369 931 1583 974 Lxxvr
1626 930 1831 996 quam
1900 913 1970 976 in
2039 908 2306 977 Italiam

105 1032 535 1124 Longobardi
577 1039 932 1110 venerant,
974 1027 1162 1113 jura,
1206 1048 1382 1114 quae
1427 1023 1606 1113 apud
1678 1027 1850 1113 ipsos
1914 1024 2117 1113 longo
2175 1050 2306 1094 usu

112 1150 451 1217 observata
502 1144 795 1224 fuerant,
820 1145 892 1211 in
923 1145 1167 1232 scripta
1209 1140 1498 1228 redegit,
1542 1161 1715 1227 quae
1765 1143 2049 1207 edictum
2091 1146 2308 1209 nomi·

114 1268 316 1334 navit:
340 1265 416 1330 id
440 1260 959 1352 Longobardum
991 1258 1292 1349 plerique
1326 1267 1751 1335 vocaverunt,
1786 1256 1963 1322 unde
1997 1260 2306 1325 insanum

118 1379 451 1460 duellum,
502 1390 572 1445 et
610 1377 930 1467 plurima,
975 1396 1151 1463 quae
1194 1370 1810 1458 jurisconsultorum
1858 1372 2311 1441 voluminibus

124 1506 522 1586 repugnant,
561 1492 797 1559 Italiae
840 1491 988 1576 jura
1033 1501 1446 1556 emanarunt.
1495 1488 1607 1554 Ab
1653 1512 1733 1556 eo
1788 1500 2085 1578 tempore
2152 1512 2316 1578 pau-

126 1611 313 1678 latim
375 1607 1274 1696 Constantinopolitauorum
1339 1608 1711 1695 principum
1768 1615 1836 1671 et
1880 1605 2313 1673 exarchorum

126 1728 406 1793 diminui
449 1726 812 1793 auctoritas
862 1726 1116 1812 coepit,
1159 1723 1366 1789 donec
1419 1722 1510 1790 ob
1567 1722 1895 1790 sordidam
1966 1724 2313 1790 avaritiam

134 1842 439 1910 omnibus
484 1842 713 1920 invisi,
760 1852 828 1904 et
879 1838 1175 1917 Romae,
1218 1852 1287 1904 et
1348 1836 1633 1903 aliarum
1693 1838 1982 1925 denique
2045 1838 2314 1906 urbium

133 1958 477 2045 imperium
521 1957 817 2022 amisere.
865 1954 1062 2020 Anno
1093 1955 1269 2018 enim
1302 1950 1537 2018 salutis
1572 1974 1944 2018 ncoxxxvu
1976 1976 2133 2018 cum
2171 1976 2318 2042 gra·

133 2075 305 2141 viora
350 2073 609 2140 tributa
640 2094 682 2137 a
716 2069 927 2138 Paulo
970 2070 1255 2136 exarcho
1304 2072 1631 2157 imperata
1666 2072 1839 2157 exigi
1871 2070 2221 2158 Gregorius
2252 2070 2317 2136 II

137 2189 591 2277 prohibuisset,
635 2189 703 2253 in
747 2184 1137 2253 Pontificem
1182 2184 1419 2251 Graeci
1464 2188 1669 2274 impie
1714 2185 2167 2271 conjurarunt.
2220 2187 2319 2253 Re

140 2302 465 2394 patefacta
524 2304 606 2370 de
673 2302 1070 2392 quibusdam
1140 2305 1355 2369 noxiis
1426 2314 1615 2369 tanto
1684 2300 1976 2369 facinore
2043 2302 2319 2391 dignum

144 2431 481 2510 sumptum
535 2430 633 2485 est
686 2415 1123 2506 supplicium.
1170 2417 1304 2485 Leo
1352 2440 1509 2484 vero
1555 2416 1688 2498 111,
1734 2420 1851 2506 qui
1900 2429 2061 2483 tunc
2114 2420 2322 2507 impe—

148 2537 360 2617 rabat,
387 2551 473 2604 ut
501 2535 901 2624 Gregorium
933 2533 1068 2601 alia
1098 2533 1462 2601 calliditate
1513 2533 1956 2615 ulcisceretur,
1990 2534 2324 2604 tollendae

148 2651 482 2722 idolatriae
540 2664 899 2741 praetextu
956 2662 1332 2718 sanctorum
1393 2663 1766 2740 martyrum
1820 2662 1889 2718 et
1944 2650 2324 2740 angelorum

150 2780 387 2837 statuas
431 2792 472 2835 e
516 2766 779 2858 templis
823 2765 1116 2856 locisque
1161 2767 1477 2838 omnibus,
1514 2767 1800 2857 publicis
1846 2766 2022 2848 tolli,
2067 2791 2327 2836 eorum-

164 2907 289 2973 que
315 2889 506 2953 etiam
540 2888 858 2975 imagines
891 2883 1119 2951 abradi
1148 2884 1363 2970 jussit.
1396 2883 1648 2951 Verum
1674 2884 2007 2952 decretum
2038 2889 2106 2953 in
2137 2884 2328 2953 mille

173 3020 362 3089 prope
387 3003 833 3091 episcoporum
864 3013 1094 3068 coacta
1139 3000 1388 3088 synodo
1435 2999 1779 3081 damnato,
1825 3012 2013 3067 tanta
2053 3005 2153 3068 ira
2196 3001 2331 3069 Ita-

164 3112 290 3182 liae
346 3116 569 3208 populi
637 3120 948 3184 exarsisse
1000 3117 1317 3184 dicuntur
1338 3167 1357 3196 ,
1405 3128 1520 3197 ut,
1564 3116 1773 3186 Paulo
1836 3120 2087 3199 occiso,
2132 3121 2328 3207 primi

160 3230 597 3315 Ravennates,
641 3258 800 3303 mox
858 3234 1220 3315 Venetiae,
1283 3258 1359 3302 ac
1415 3234 1653 3302 deinde
1720 3258 1949 3304 eorum
2018 3237 2326 3327 exemplo

162 3346 443 3438 reliquae
508 3348 744 3418 Italiae
811 3362 1038 3438 gentes
1108 3351 1519 3439 imperatoris
1584 3350 1820 3440 jugum
1891 3354 2328 3433 excusserint,

162 3464 569 3556 expulsisque
611 3463 941 3533 veteribus
985 3465 1265 3534 ducibus
1309 3466 1605 3557 singulae
1634 3470 1935 3534 civitates
1951 3519 1971 3549 ,
2004 3467 2167 3537 alios
2202 3470 2329 3536 sibi

164 3585 597 3672 magistratus,
626 3583 826 3650 duces
855 3583 1085 3648 itidem
1118 3594 1386 3651 vocatos
1430 3596 1820 3652 creaverunt
1849 3586 1946 3651 (τ).
1981 3585 2334 3674 Regienses

166 3716 303 3766 vero
344 3698 479 3767 sub
521 3698 1109 3789 Longobardorum
1152 3700 1431 3787 imperio
1465 3702 1803 3780 vixerunt,
1833 3701 1951 3789 qui
1982 3701 2070 3767 ab
2102 3724 2331 3770 eorum

168 3811 480 3882 militibus
525 3837 681 3880 cum
724 3815 862 3900 jam
908 3813 1168 3883 duobus
1225 3816 1433 3881 annis·
1460 3816 1708 3914 iniquis
1761 3817 2221 3885 exactionibus
2263 3830 2332 3885 ct

170 3933 395 4020 rupinis
425 3928 657 4000 afflicti
684 3930 986 4013 fuissent,
1016 3930 1379 4002 Nicolaum
1409 3929 1701 3999 Scssium
1734 3933 1817 4002 ad
1846 3934 2333 4026 Luitprandum

235 4160 309 4227 (ι)
338 4160 467 4215 Plnt.
498 4162 557 4215 in
596 4162 749 4231 Greg.
781 4163 851 4216 11.
