2950 5017
647 401 786 487 420
1367 397 1372 404 ’
1410 415 1650 464 ussum
1691 414 2115 463 nscrsnsmm

646 536 957 610 socialem
1000 536 1130 620 sub
1175 557 1519 627 vesperam
1542 559 1687 607 ‹suo
1730 548 1802 604 et
1843 537 2144 614 Caesaris
2185 537 2458 605 nomine
2504 534 2600 603 ad
2643 543 2876 626 peten-

651 656 813 724 dam
862 655 1099 723 urbem
1144 656 1360 735 misit,
1404 653 1609 724 tridui
1662 656 1879 743 spatio
1949 652 2033 721 ad
2099 652 2644 743 respondendum
2691 653 2874 722 dato.

648 773 729 840 ld
769 776 1004 844 statim
1051 795 1166 862 per
1211 774 1578 851 nuncium,
1623 769 2044 852 currentibus
2099 772 2324 859 equis,
2367 755 2724 859 Alphonso
2774 781 2873 835 est

646 887 1119 979 significatum.
1166 886 1442 956 Statuta
1486 891 1642 955 vero
1687 886 1795 953 die
1839 888 2019 954 cives
2064 884 2409 954 Pontificis
2465 887 2704 975 legato
2746 886 2870 952 Re·

649 1009 837 1095 gium
897 1005 1164 1073 Caesari
1230 1016 1501 1072 tantum
1565 1014 1637 1078 et
1688 1001 2036 1093 Alphonso
2094 1003 2359 1072 subesse
2416 1003 2868 1093 respondent,

648 1122 967 1209 injuriam
1023 1144 1218 1211 agere
1275 1118 1706 1201 Pontificem,
1759 1123 1880 1210 qui
1948 1117 2218 1187 alterius
2283 1119 2450 1206 juris
2519 1122 2864 1187 civitatem

647 1236 967 1327 postulet.
1015 1236 1466 1305 Excusatione
1530 1259 1665 1304 non
1735 1223 2020 1302 admissa
2063 1235 2390 1312 Ioannem
2437 1236 2866 1303 Ludovicum

649 1354 1038 1422 Odoardum
1069 1354 1441 1424 Bononiam
1482 1376 1638 1420 cum
1666 1352 1984 1420 'tubicine
2029 1331 2131 1418 ad,
2157 1350 2568 1443 placandum
2611 1354 2653 1430 J
2659 1351 2868 1419 ulium

645 1473 955 1552 mittunt.
1002 1471 1109 1537 Ibi
1160 1494 1336 1538 unus
1397 1470 1482 1537 de
1544 1469 1742 1560 plebe
1803 1469 2044 1550 homo,
2088 1473 2213 1559 qui
2252 1469 2574 1538 ecclesiae
2619 1470 2872 1537 nomini

647 1586 1175 1668 acclamaverat,
1230 1589 1583 1656 tormentis
1630 1586 1914 1654 traditus
1968 1589 2349 1680 temerariae
2391 1587 2585 1655 vocis
2627 1608 2872 1676 poenas

646 1702 859 1776 dedit.
908 1703 1167 1774 Eodem
1209 1704 1316 1771 die
1359 1703 1603 1771 Urbini
1632 1704 1870 1784 Ducis,
1916 1707 2036 1794 qui
2070 1681 2164 1782 'ad
2210 1703 2611 1772 Her-beriam
2656 1715 2870 1771 castra

646 1820 982 1903 habebat,
1028 1821 1293 1889 litterae
1339 1819 1748 1912 afferuntur,
1793 1821 2045 1911 quibus
2106 1834 2566 1889 commeatum
2633 1820 2769 1887 sibi
2833 1843 2871 1887 a

649 1940 913 2007 civibus
957 1938 1365 2029 suppeditari
1411 1938 1731 2029 petebat:
1780 1939 1847 2004 id
1894 1962 2053 2004 cum
2100 1962 2234 2005 non
2267 1940 2728 2028 impetrasset,
2760 1961 2871 2028 po-

648 2054 874 2122 stridie
958 2054 1043 2122 ad
1116 2066 1424 2122 sanctum
1493 2054 1894 2121 Mauritium
1963 2078 2121 2120 cum
2188 2057 2625 2144 septingentis
2696 2066 2871 2121 cata-

649 2169 966 2261 phractis,
1013 2194 1092 2237 ac
1136 2172 1439 2237 trecentis
1486 2168 1750 2238 levioris
1793 2184 2169 2241 armaturae
2201 2170 2573 2261 equitibus,
2604 2184 2680 2238 et
2709 2194 2869 2261 qua-

649 2301 804 2358 tuor
848 2289 1148 2358 millibus
1191 2289 1494 2378 peditum
1540 2302 2044 2357 castrametatus
2088 2289 2410 2379 plurimas
2457 2289 2738 2357 arbores
2778 2287 2861 2364 ad

647 2407 952 2496 ponenda
999 2409 1281 2475 tentoria
1323 2406 1599 2486 excidit,
1643 2421 1712 2474 et
1759 2418 2022 2474 matura
2069 2410 2275 2495 etiam
2320 2403 2670 2474 frumenta
2716 2430 2864 2475 con-

644 2526 965 2613 sumpsit:
999 2522 1237 2590 deinde
1279 2523 1367 2590 ad
1411 2537 1723 2591 sanctum
1755 2524 2128 2591 Martinum
2157 2535 2228 2589 et
2258 2525 2670 2614 Faustinum
2719 2547 2866 2591 con-

521 2689 526 2706 .
646 2661 873 2708 versus
918 2662 1033 2728 per
1078 2639 1555 2707 Ber-nardinum
1603 2641 1967 2726 Bojardum
2022 2651 2218 2708 sexto
2271 2663 2477 2710 nonas
2529 2638 2746 2725 julias
2793 2638 2871 2705 li-

647 2767 819 2823 teras
863 2755 1231 2838 Pontificis‚
1277 2758 1529 2847 quibus
1573 2758 1861 2847 Regium
1913 2760 2163 2826 iterum
2219 2754 2669 2845 efflagitabat,
2716 2778 2868 2824 con-

646 2874 902 2941 vocatis
962 2872 1433 2941 decurionibus
1503 2873 1778 2942 obtulit.
1835 2873 2032 2941 Cives
2103 2883 2404 2962 tempus,
2451 2874 2628 2938 intra
2684 2870 2867 2961 quod

644 2986 992 3078 Alphonso
1036 2989 1163 3078 sibi
1209 2990 1493 3080 principi
1538 2991 1930 3071 scriberent,
1983 3000 2261 3079 petunt,
2316 3010 2394 3053 ac
2453 2990 2694 3054 statim
2759 2987 2866 3053 Τί-

643 3106 998 3173 motheum
1058 3106 1435 3188 Zobolum,
1504 3081 2348 3175 Ludovicum‘Pinottum
2415 3116 2862 3194 cognomento

644 3218 975 3289 Sanctum
1021 3223 1488 3305 Laurentium,
1537 3236 1606 3290 et
1648 3223 1984 3301 Iacobum
2027 3222 2308 3290 Mariam
2356 3221 2736 3311 Rugerium
2780 3221 2861 3289 ad

643 3360 802 3402 eum
848 3338 1216 3405 Ferrariam
1260 3338 1624 3424 destinant.
1673 3340 1936 3406 Interea
1970 3338 2204 3408 Victor
2234 3340 2514 3405 Frustus
2555 3336 2859 3408 Mutinae

642 3450 1021 3542 praefectus
1067 3454 1355 3543 Regium
1400 3460 1673 3525 nomine
1719 3455 2040 3537 Caesaris,
2085 3469 2158 3522 et
2201 3455 2646 3522 Bernardinus
2696 3454 2859 3524 Pon-

643 3563 843 3636 tificis
891 3569 1106 3640 verbis
1152 3572 1474 3638 instanter
1519 3571 1871 3661 deposcere
1903 3596 2034 3639 non
2067 3553 2502 3638 desistebant.
2549 3570 2694 3637 Ubi
2743 3570 2856 3636 diu

640 3686 715 3752 in
760 3687 944 3752 curia
990 3700 1087 3752 est
1133 3686 1584 3775 disceptatum
1629 3711 1755 3754 nec
1800 3686 2189 3777 Alphonsus
2240 3687 2610 3782 respondit,
2653 3684 2856 3752 eccle-

641 3804 781 3868 siae
823 3801 1110 3869 nomine‘
1142 3801 1538 3882 acclamato,
1583 3803 1932 3892 Regienses
1965 3801 2273 3872 Pontifici
2315 3826 2386 3868 se
2431 3801 2848 3868 dediderunt.

640 3918 844 3985 Urbis
890 3918 1263 4008 praefectus
1314 3925 1495 3988 vitae
1541 3923 1784 3990 timens
1845 3925 2159 4001 excessit,
2207 3945 2285 3987 ac
2335 3923 2565 3987 statim
2611 3919 2853 3987 ducen-

639 4049 864 4106 torum
910 4037 1242 4119 militum,
1281 4043 1403 4128 qui
1437 4051 1680 4128 postea
1711 4044 1887 4109 cives
1916 4042 2203 4130 graviter
2236 4036 2643 4118 afflixerunt,
2672 4061 2851 4128 prae-

635 4154 882 4224 sidium
949 4179 1069 4247 pro
1136 4140 1459 4250 Pontifice
1527 4157 2004 4229 introducitur.
2060 4155 2322 4227 Eodem
2388 4157 2501 4226 die
2569 4157 2847 4235 Joannes
