2950 5017
633 426 762 494 518
1378 439 1616 508 anauga
1662 433 2083 486 ancrznsmm

626 577 896 634 nectens
923 585 995 628 se
1024 557 1397 629 inconsulto
1424 557 1740 639 Caesare,
1782 559 1979 646 cujus
2025 562 2288 649 imperii
2320 584 2401 626 ea
2437 562 2609 627 urbs
2662 577 2838 643 esset,

626 681 701 772 id
743 677 1001 747 bellum
1047 687 1302 744 temere
1344 699 1480 745 non
1526 686 1991 766 suscepturum
2031 675 2299 757 dicere-3
2341 689 2416 742 et
2452 677 2517 744 si
2563 657 2716 744 sine
2754 702 2840 744 ar-
2907 751 2908 764 ἶ

624 820 892 867 morum
948 794 1232 886 strepitu
1274 816 1355 861 ea
1398 794 1745 862 contentio
1797 791 2022 864 sedari
2076 806 2331 884 posset,
2397 817 2472 864 se
2549 794 2834 862 medium
2907 769 2908 812 ³

622 911 956 1008 polliceri.
1000 910 1309 979 Tandem
1351 933 1513 979 cum
1555 908 1830 992 Caesar,
1870 912 1996 1001 qui
2041 909 2189 998 ejus
2236 910 2424 979 urbis
2468 909 2834 998 adjectione

621 1027 963 1101 Pontificis
1004 1047 1165 1120 opes
1206 1028 1436 1119 augeri
1478 1026 1758 1098 nolebat
1774 1075 1798 1110 ,
1839 1038 2108 1117 pactam
2154 1050 2395 1119 pacem
2441 1035 2679 1095 ratam
2725 1052 2836 1097 non

618 1145 930 1227 haberet,
970 1143 1200 1212 elusus
1239 1141 1555 1214 Clemens
1609 1140 1748 1212 alte
1799 1154 2126 1233 concepto
2168 1143 2383 1242 animi
2427 1141 2673 1252 doiore
2717 1166 2838 1233 gra-

618 1267 794 1333 viter
858 1261 1318 1355 premebatur.
1360 1259 1692 1347 Iniuriam
1764 1261 1959 1327 auxit
2000 1259 2336 1347 Lanojus,
2384 1263 2516 1352 qui
2575 1263 2650 1329 in
2702 1261 2841 1329 Par·

619 1402 913 1461 menses,
956 1389 1030 1444 et
1071 1375 1501 1445 Placentinos
1541 1373 1773 1445 hostili
1817 1374 2256 1466 populatione
2315 1381 2563 1468 copias
2627 1378 2838 1445 tradu-
2907 1401 2908 1406 ¹

614 1520 772 1565 cens
815 1516 1058 1585 magna
1100 1490 1296 1560 clade
1346 1514 1458 1561 eos
1510 1514 1702 1582 agros
1761 1488 2031 1560 afflixit.
2083 1491 2332 1561 Gallus
2373 1496 2505 1584 qui
2563 1517 2640 1561 se
2688 1494 2840 1563 Pon-

617 1611 841 1695 tificis,
881 1610 1432 1700 Venetorumque
1473 1610 1676 1678 armis
1718 1607 2085 1677 liberatum
2115 1611 2213 1677 'iri
2253 1623 2685 1700 speraverat,
2729 1611 2834 1678 ubi

617 1755 660 1799 a
701 1752 827 1799 sua
868 1725 1088 1797 salute
1129 1723 1396 1796 diversa
1436 1748 1673 1795 eorum
1699 1725 2006 1795 ‘consilia
2066 1748 2206 1794 esse
2227 1726 2623 1817 intelligit,
2669 1743 2834 1819 spem

610 1869 884 1918 omnem
927 1847 1003 1915 in
1043 1842 1348 1912 Caesaris
1390 1842 1753 1912 clementia
1798 1844 2062 1934 reponit
2105 1854 2176 1911 et
2217 1866 2380 1911 cum
2425 1844 2740 1932 Lanojo,
2777 1847 2834 1910 in

613 1963 812 2051 eujus
852 1973 1192 2053 potestate
1233 1971 1416 2043 erat,
1469 1958 1651 2028 clam
1704 1962 1881 2051 agit,
1933 1973 2021 2028 ut
2070 1963 2142 2029 in
2186 1962 2604 2052 Hispaniam
2649 1942 2836 2029 dedu-

614 2091 835 2148 catur.
877 2077 964 2146 Ei
1006 2076 1253 2147 Caesar
1293 2076 1696 2148 Eleonoram
1743 2077 2024 2147 viduam
2066 2101 2350 2148 sororem
2359 2130 2393 2161 ,‚
2411 2102 2608 2170 quae
2643 2091 2834 2147 ‘antea

614 2196 1048 2267 Emmanueli
1105 2197 1497 2265 Lusitaniae
1551 2195 1722 2287 Regi
1781 2207 1998 2288 nupta
2057 2194 2318 2279 fuerat,
2375 2199 2667 2287 captivo
2711 2198 2835 2265 des-

612 2314 877 2407 pondit,
905 2315 1342 2405 ducentisque
1371 2312 1679 2382 inillibus
1706 2329 2060 2382 aureorum
2088 2327 2157 2382 et
2185 2314 2609 2405 quibusdam
2642 2318 2832 2381 etiam

611 2435 685 2501 in
729 2432 985 2501 Heduis
1028 2431 1224 2513 locis,
1267 2431 1353 2498 de
1396 2432 1650 2523 quibus
1707 2430 1791 2500 lis
1853 2444 2031 2514 erat,
2075 2456 2195 2522 pro
2236 2431 2405 2501 ,dote
2462 2435 2834 2522 promissis,

609 2550 865 2618 laetam
930 2573 1089 2619 cum
1158 2573 1240 2619 eo
1308 2572 1551 2640 pacem
1617 2547 1840 2618 inivit.
1887 2548 2143 2619 Contra
2186 2548 2433 2618 Gallus
2498 2549 2835 2641 Neapoli,

606 2666 1016 2748 Mediolano,
1058 2666 1367 2748 Genuae,
1410 2664 1772 2734 Flandriae
1815 2665 2402 2758 Allobrogumque
2441 2668 2704 2737 ditioni
2748 2692 2839 2735 re·

610 2787 1000 2867 nunciavit,
1030 2808 1109 2853 ac
1148 2787 1327 2852 intra
1372 2784 1692 2859 bimestre
1738 2798 2004 2876 tempus
2047 2797 2408 2877 postquam
2448 2790 2529 2854 in
2572 2786 2836 2854 Gallias

609 2900 936 2984 rediisset,
978 2924 1049 2970 se
1093 2900 1400 2983 Heduos,
1444 2900 1652 2993 vulgo
1696 2901 2093 2992 Burgundos
2137 2915 2455 2985 vocatos,
2486 2927 2672 2993 quos
2724 2927 2836 2994 per

610 3040 819 3086 annos
847 3020 1339 3109 quinquaginta
1368 3016 1784 3100 detinuerat,
1813 3018 2082 3086 Caesari
2114 3022 2593 3087 restituturum
2629 3018 2834 3087 fidem

607 3135 816 3203 dedit.
881 3137 1171 3204 Henrico
1223 3134 1564 3203 Novariae
1608 3134 1812 3225 Regi,
1856 3135 2099 3204 Carolo
2143 3135 2504 3204 Gheldriae
2526 3188 2550 3218 ,
2593 3136 2828 3205 Ulrico

609 3251 1161 3343 Vitemberghae,
1187 3251 1486 3320 Roberto
1530 3253 1601 3320 in
1646 3252 1889 3320 Piceno
1918 3250 2171 3321 comiti
2211 3251 2472 3320 nullam
2519 3276 2593 3320 se
2641 3277 2828 3344 opem

608 3366 943 3449 laturum,
973 3393 1097 3437 nec
1124 3368 1501 3460 quidquam
1544 3371 1617 3435 in
1659 3368 2375 3456 Italiam.moii'turum
2420 3372 2822 3460 spopondit:

609 3484 858 3555 Carolo
919 3488 992 3553 in
1060 3487 1336 3554 Italiam
1397 3499 1685 3558 venturo
1751 3488 2039 3556 sedecim
2107 3491 2479 3556 triremium
2547 3490 2828 3588 classem

577 3605 797 3675 'omni
841 3625 1180 3675 armorum
1225 3627 1496 3699 genere,
1541 3617 2014 3698 praeterquam
2055 3605 2309 3689 milite,
2351 3630 2424 3674 se
2464 3606 2828 3677 adornatu-

606 3748 762 3804 rum
784 3776 805 3805 ,
862 3736 934 3792 et
993 3748 1289 3793 annuam
1350 3728 1707 3815 pecuniam
1753 3723 1975 3816 Anglo
2029 3724 2333 3793 debitam
2392 3724 2826 3808 soluturum3

606 3840 928 3910 Car-olum
972 3842 1262 3935 denique
1305 3842 1678 3912 Borhoniae
1722 3844 1994 3912 Ducem
2036 3867 2198 3911 cum
2256 3844 2447 3913 sociis
2515 3847 2589 3912 in
2665 3848 2828 3912 in'te-

470 3941 485 3953 ‘¹
607 3981 804 4049 grum
848 3960 1315 4028 restituturum
1359 3963 1684 4051 promisit.
1729 3961 2106 4043 Francisco,
2151 3973 2223 4029 et
2258 3962 2559 4031 ‘Henrico
2604 3964 2824 4053 pueris

606 4075 952 4144 obsidibus
995 4076 1269 4159 relictis,
1314 4080 1441 4145 nisi
1485 4088 1685 4168 pacta
1738 4081 2132 4148 servavisset
2192 4065 2562 4171 captivum*
2602 4103 2682 4148 se
2733 4104 2822 4148 re·

607 4217 954 4263 versurum
1000 4194 1343 4284 pollicitus
1387 4207 1509 4265 est.
1558 4195 1809 4266 Contra
1838 4196 2086 4266 Caesar
2125 4196 2487 4267 Isabellam
2532 4222 2814 4271 sororem
