2950 5017
948 420 1145 468 msua
1189 407 1435 466 ramus
1505 469 1508 472 ,
2001 387 2007 394 ’
2191 411 2279 498 39

90 539 287 622 bant,
333 561 411 608 se
456 561 618 606 cum
657 538 987 617 ,sexdecim
1034 540 1180 608 aliis
1222 540 1531 623 coloniis,
1574 540 1854 625 milites,
1898 548 2282 633 pecuniam·
2403 585 2410 594 ·

82 680 235 746 que,
266 667 353 722 nt
385 658 594 725 moris
623 667 787 735 erat,
815 654 1085 724 daturas
1115 656 1433 725 Romanis
1476 681 1592 748 per
1627 658 1877 750 legatos
1918 659 2279 731 liberaliter

86 774 559 864 promiserunt.
605 770 985 839 Veturius
965 796 1036 840 m
1080 751 1467 862 sequentem
1501 797 1750 842 annum
1779 785 2128 866 prorogato
2155 763 2285 844 irn-

82 891 261 979 perio
306 887 437 954 sibi
468 910 591 976 pro
619 886 924 956 Praetore
969 891 1378 977 provinciam
1423 892 1681 958 tenuit.
1727 914 1860 959 non
1907 894 2120 961 enim·
2138 917 2279 959 am-

86 1003 263 1094 plius
303 1003 652 1071 Praetores
694 1004 1176 1093 permanebant
1192 999 1217 1084 ,'
1241 1006 1359 1095 qui
1394 1004 1770 1095 legitimum
1818 1009 1973 1074 anni
2017 1005 2280 1099 tempus
2375 1083 2381 1090 ,

479 1132 544 1200 t;
574 1118 685 1186 sed
717 1144 802 1187 ne
828 1118 1086 1210 legibus
1117 1119 1298 1189 fraus
1325 1119 1469 1189 fieri
1499 1122 1858 1202 videretur,
1876 1147 1994 1212 pro
2015 1124 2279 1194 Praeto-
2383 1127 2390 1134 ’

89 1237 267 1305 ribus
316 1247 547 1304 erant.
605 1236 812 1316 Huic,
860 1259 1018 1304 cum
1062 1237 1314 1305 Lucius
1364 1238 1625 1306 Portius
1676 1238 1971 1305 Licinius
2011 1238 2282 1309 Praetor

96 1355 504 1422 successisset
520 1404 541 1435 ,
584 1356 978 1421 nunciatum
1023 1364 1121 1419 est
1166 1351 1606 1436 Asdrubalem
1657 1376 1900 1444 magno
1957 1376 2115 1421 cum
2168 1378 2285 1445 ap-

96 1483 327 1557 pantu
372 1473 443 1537 in
489 1469 753 1536 Italiam
801 1468 1121 1537 Annibali
1178 1466 1364 1536 fratri
1416 1455 1767 1537 'auxilium
1832 1468 2129 1536 laturum
2175 1471 2286 1565 de-

100 1585 432 1667 scendere,
475 1588 592 1674 qui
640 1587 763 1651 etsi
808 1587 1105 1652 omnium
1153 1587 1463 1673 opinione
1509 1584 1783 1652 celerius
1826 1583 2030 1674 Alpes
2075 1598 2295 1654 trans-
2344 1664 2352 1672 ⁶

104 1722 388 1788 gressus,
431 1699 592 1767 dum
650 1710 874 1770 tamen
919 1703 989 1766 in
1035 1699 1392 1767 obsidenda
1435 1698 1775 1767 Placentia
1828 1713 2090 1788 tempus
2134 1720 2293 1767 con-

109 1818 295 1897 terit,
336 1816 433 1884 Μ.
474 1817 664 1885 Livio
710 1816 1023 1896 Consuli,
1068 1820 1178 1882 cui
1218 1839 1306 1882 ea
1353 1818 1691 1905 provincia
1733 1816 2139 1896 obvenerat,
2184 1801 2287 1883 inss

106 1932 419 1999 stituendi
465 1935 790 2000 exercitus
841 1935 1131 2022 spatium
1180 1932 1388 2000 dedit.
1434 1933 1730 1999 Demum
1787 1945 1856 1999 et
1919 1936 2061 2022 ipse
2113 1935 2290 1999 circa

109 2051 439 2116 munitum
483 2047 710 2116 locum
755 2030 1015 2138 operam
1079 2048 1263 2137 perdi
1321 2051 1641 2130 sentiens,
1696 2046 1899 2115 fratri.
1950 2072 2016 2114 se
2084 2051 2144 2114 ei
2213 2029 2287 2115 in

108 2161 378 2231 Umbria
419 2187 843 2233 occursurum
875 2165 1133 2231 scribit.
1177 2166 1444 2232 Litteris
1472 2167 1884 2254 interceptis,
1914 2163 2082 2231 alter
2111 2164 2287 2232 Con-

112 2279 209 2345 sul
258 2281 341 2348 0.
386 2280 717 2349 Claudius
760 2281 976 2360 Nero,
1019 2285 1401 2371 priusquam
1448 2280 1656 2349 hostis
1699 2292 2108 2361 moveretur,
2153 2278 2288 2348 col-

110 2395 281 2486 legae
324 2423 392 2465 se
435 2398 812 2484 conjunxit,
856 2421 1296 2487 prosperaque
1339 2421 1565 2488 pugna
1594 2396 2044 2477 fusisPoenis,
2089 2400 2284 2486 quin-

114 2516 415 2603 quaginta
456 2537 575 2582 sex
628 2513 839 2580 millia
892 2516 1140 2600 occisa,
1189 2525 1257 2581 et
1307 2527 1504 2603 capta
1570 2516 1871 2604 quinque
1921 2502 2149 2579 ‘millia
2216 2524 2287 2579 et

114 2649 283 2711 onoc,
322 2631 710 2700 Asdrubalis
739 2642 941 2720 caput
972 2653 1212 2722 magna
1244 2632 1589 2722 diligentia
1630 2642 1964 2700 servatum
1985 2680 2005 2709 ,
2048 2643 2285 2719 postea

115 2749 179 2813 in
218 2746 429 2816 fratris
471 2760 683 2816 castra
727 2750 814 2815 ad
861 2749 1195 2817 terrendos
1237 2743 1463 2818 hostes
1510 2750 1878 2838 projectum
1923 2746 2093 2814 fuit.
2142 2749 2289 2812 Hac

120 2865 515 2933 memorabili
568 2867 850 2934 victoria
915 2867 1116 2953 potiti
1168 2864 1517 2945 Consules,
1572 2865 1870 2931 deductis
1919 2886 2011 2929 ‘ex
2061 2861 2287 2928 Gallia

122 2975 503 3068 legionibus,
545 2981 627 3049 L.
673 2981 971 3049 Portium
1019 3005 1177 3048 cum
1225 2982 1555 3048 veteranis
1600 2979 1684 3045 ad
1727 2980 1870 3066 ejus
1912 2979 2288 3067 provinciae

120 3096 500 3182 praesidium
541 3096 968 3187 reliquerunt.
1013 3098 1269 3164 Romae
1322 3098 1392 3162 in
1450 3097 1777 3163 aerarium
1828 3095 2048 3160 tricies
2099 3104 2281 3161 octo-

121 3212 293 3297 ginta
334 3211 545 3279 millia
598 3215 763 3280 aeris
818 3211 1041 3291 illata,
1094 3224 1163 3279 et
1218 3213 1672 3301 quinquageni
1714 3212 1855 3278 seni
1901 3230 2072 3276 asses
2112 3202 2288 3274 in'ter

120 3324 347 3395 milites
389 3326 752 3395 liberaliter
796 3327 1009 3393 divisi.
1160 3397 1165 3400 ,
1954 3408 1966 3421 .

234 3441 554 3533 Sequenti
623 3467 794 3510 anno
862 3443 946 3526 Q.
999 3441 1288 3508 Manlius
1357 3442 1657 3520 Praetor,
1713 3452 1970 3508 nostrae
2021 3436 2287 3505 Galliae

122 3578 260 3624 curn
304 3562 606 3627 exercitu
648 3558 1061 3639 Praefectus,
1104 3558 1496 3638 Gallorum,
1540 3560 1658 3647 qui
1715 3556 1797 3622 ad
1840 3553 2284 3654 Asdrubalem
2400 3556 2407 3563 ’

124 3670 526 3758 defecissent,
579 3698 763 3766 agros
823 3676 1041 3762 jussus
1108 3689 1208 3742 est
1272 3672 1611 3766 populari.
1679 3674 1856 3739 Huic
1923 3682 2152 3760 postea
2218 3671 2289 3737 in

124 3788 359 3876 Gallia,
389 3817 596 3885 quam
641 3787 928 3863 Romani
957 3794 1336 3860 Ariminum
1382 3791 1745 3869 vocabant,
1789 3788 1907 3879 Sp.
1941 3788 2290 3856 Lucretius

125 3915 447 3994 successit,
490 3914 599 3979 cui
642 3936 802 3979 cum
857 3911 953 3979 M.
1000 3912 1194 3979 Livio
1246 3922 1315 3976 et
1371 3907 1491 3998 Sp.
1538 3909 1847 3975 Lucretio
1900 3909 1966 3973 in
2018 3927 2294 3994 sequen-

128 4036 245 4094 tem
308 4051 563 4097 annum
629 4041 976 4120 prorogato
1042 4029 1353 4119 imperio,
1410 4024 1668 4116 reliqua
1697 4021 1934 4093 'Gallia
1987 4022 2069 4089 L.
2122 4020 2294 4087 Scri-

129 4138 307 4214 honio
367 4145 609 4216 Liboni
659 4159 761 4214 est
811 4146 1108 4214 decreta.
1162 4145 1313 4228 Quo
1367 4156 1697 4235 tempore,
1749 4145 1870 4208 etsi
1910 4139 2014 4208 'ob
2071 4137 2296 4225 Mago-
