2950 5017
909 438 1106 502 arana
1147 435 1444 491 omarus
2135 420 2261 485 313

60 565 272 632 Primo
333 558 664 628 millibus
707 549 1078 649 quingentis
1144 556 1582 647 cataphractis
1650 568 1719 627 et
1781 556 1934 648 plus
1999 557 2262 637 duobus

61 677 359 748 millibus
394 676 754 767 peditibus
781 673 1076 743 militum
1105 677 1457 744 contractis
1489 674 1727 764 oppida
1751 674 1859 743 vel
1888 674 2260 764 diripiebat,

63 795 156 862 vel
198 795 397 883 gravi
460 814 621 860 aere
686 790 1095 858 mulctabat:
1143 792 1241 857 ita
1286 788 1598 857 effectum
1640 802 1772 873 est,
1819 802 1900 857 ut
1944 787 2263 861 facinoro-

61 910 321 978 sissimis
351 908 753 999 quibusque
799 907 886 975 ad
931 930 1085 976 eum
1118 906 1683 986 concurrentibus,
1715 907 2048 995 ingentem
2079 929 2264 973 exer-

61 1027 272 1092 eitum
315 1024 533 1092 brevi
577 1025 810 1113 coegit,
844 1045 982 1114 quo
1017 1034 1228 1091 totam
1259 1021 1547 1089 Italiam
1562 1022 1860 1112 subigere
1904 1021 2262 1111 cogitabat.

65 1140 192 1208 Sed
234 1163 395 1210 cum
445 1139 733 1209 Venetis
799 1141 1017 1231 copias
1086 1098 1494 1220 tradidisset,
1523 1137 1792 1207 0Romae
1857 1161 1897 1203 a
1963 1136 2263 1207 Tribuno

66 1256 278 1325 Plebis
345 1256 562 1326 velut
627 1256 870 1347 praedo
932 1258 1151 1346 capite
1219 1258 1497 1345 punitus
1562 1252 1751 1322 fuit.
1777 1254 2031 1321 Lucius
2079 1243 2263 1321 ducis

73 1375 336 1464 vestigia
379 1384 666 1440 secutus
709 1395 1027 1462 magnam
1072 1395 1298 1440 secum
1351 1370 1639 1438 militum
1690 1394 1967 1439 manum
2019 1372 2263 1450 traxit,

79 1490 270 1559 donee
313 1489 478 1580 plus
523 1503 816 1580 quatuor
859 1489 1160 1602 millibus
1205 1488 1820 1579 cataphractorum,
1850 1500 1918 1555 et
1947 1487 2267 1630 plurimos

81 1605 316 1693 pedites
362 1606 670 1695 collegit.
1056 1617 1064 1626 '

206 1723 351 1799 Jam
379 1745 742 1790 Moccnxxr
772 1736 1048 1792 venerat
1076 1746 1287 1791 annus
1298 1774 1318 1805 ,
1349 1747 1509 1791 cum
1539 1747 1625 1791 ex
1652 1725 2014 1814 composito
2044 1744 2267 1789 meuse
2305 1796 2313 1804 ,

91 1837 262 1925 aprili
301 1839 544 1908 multo
591 1864 789 1906 mane
832 1840 1245 1908 Ca'vasaccus
1289 1843 1398 1907 cui
1440 1839 1804 1931 plurimum
1845 1837 2092 1912 fidebat
2119 1837 2268 1906 Fel-

95 1955 280 2022 trinus
320 1969 521 2059 porta
580 1958 742 2054 Divi
788 1958 1091 2048 Prosperi
1139 1970 1365 2047 aperta
1412 1970 1736 2026 trecentos
1779 1968 2069 2024 armatos
2120 1956 2270 2022 bar·
2356 2039 2363 2044 ἱ

92 2069 273 2139 butes
310 2086 605 2142 vocatos
651 2075 777 2141 sub
827 2076 1098 2162 Balzino
1158 2076 1431 2162 Marano
1494 2087 1816 2143 merentes
1876 2074 2267 2142 introduxit.

97 2183 444 2275 inopinata·
470 2213 557 2255 re
602 2191 937 2278 perculsus
981 2191 1346 2270 Feltrinus,
1390 2192 1726 2282 simulque
1778 2190 2016 2281 'populi
2068 2212 2270 2280 quem

104 2298 398 2370 afflixerat
441 2308 650 2382 ,iram
720 2310 998 2388 timens,
1039 2312 1158 2376 vix
1214 2330 1366 2377 cum
1392 2309 1728 2387 ‚Gnidone
1794 2321 1864 2374 et
1927 2307 2268 2378 Gulielmo

107 2414 335 2500 liberis,
377 2433 448 2503 et
489 2418 891 2503 Manfredis,
951 2446 1022 2490 se
1089 2426 1156 2490 in
1228 2449 1439 2492 arcem
1511 2436 1838 2492 comeatu·
1882 2424 2267 2490 destitutam
2367 2509 2374 2517 .

111 2537 370 2625 recipere
418 2541 671 2627 potuit.
714 2539 936 2629 Capta
983 2541 1147 2607 urbe
1189 2564 1347 2609 cum
1417 2542 1682 2609 aliunde
1742 2565 2039 2630 praesens
2084 2542 2274 2606 auxi-

111 2644 259 2715 lium
296 2673 556 2740 sperare
604 2678 735 2722 non
782 2666 1023 2743 posset,
1070 2657 1289 2738 hosti,
1329 2680 1535 2746 quam
1580 2654 1811 2736 infido,
1856 2667 1935 2720 ut
1982 2653 2274 2744 appella-

117 2761 243 2844 bat,
269 2769 438 2836 socio
470 2771 820 2838 civitatem
867 2770 1127 2838 tradere
1171 2772 1443 2839 maluit.
1491 2772 1729 2859 Itaque
1770 2770 1854 2854 ad
1900 2769 2269 2836 Barnabam

119 2873 388 2949 Gnidone
433 2898 505 2952 et
552 2883 896 2954 Gulielmo
942 2885 1094 2953 filiis
1139 2886 1430 2953 celeriter
1476 2887 1722 2964 missis,
1770 2885 2006 2950 urbem
2072 2885 2134 2950 ei
2203 2908 2272 2952 se
2292 2931 2327 2969 ,

119 2988 374 3068 honestis
437 3000 938 3072 conditionibus
981 3004 1302 3069 daturum
1370 3001 1745 3091 pollicetur.
1797 2981 1942 3068 H'ac
2004 3003 2274 3091 promis-

123 3106 272 3177 sione
302 3111 518 3184 laetus
552 3116 884 3184 Barnabas
931 3111 1248 3209 magnum
1285 3131 1664 3188 comeatum
1695 3129 1763 3184 et
1792 3120 2275 3208 quinquaginta

123 3220 446 3297 electorum
520 3232 823 3299 militurn
903 3234 1302 3324 praesidium
1370 3235 1512 3302 sub
1567 3233 1908 3302 Gulielmo
1971 3227 2275 3324 sequenti

124 3350 286 3405 noeto
322 3343 492 3412 clam
539 3349 610 3413 in
657 3371 872 3415 arcem
916 3348 1302 3439 Regiensem
1349 3351 1728 3439 praemisit,
1769 3348 2117 3439 clavesque
2159 3349 2275 3419 do-

129 3453 286 3519 minii
311 3459 378 3525 in
409 3483 478 3528 se
510 3463 692 3530 urbis
721 3463 1025 3532 translati
1071 3479 1540 3555 argumentum
1573 3489 1614 3532 a
1643 3465 1960 3555 Gonzago
1995 3469 2270 3555 accepit.

128 3560 265 3634 Mox
325 3574 482 3644 alios
549 3581 944 3668 quingentos
1010 3580 1470 3670 cataphractos
1534 3582 1770 3649 urbem
1838 3594 2274 3671 occupaturos

131 3679 234 3745 ⁸¹11)
257 3684 595 3761 Ambrosio
639 3695 931 3762 naturali
962 3692 1100 3764 filio
1133 3708 1278 3764 tum
1311 3697 1587 3764 Parmae
1624 3698 1902 3787 degente
1948 3697 2275 3787 prioribus

129 3793 384 3870 flubtflio
414 3804 672 3877 futuros
714 3815 809 3878 ire
861 3811 1077 3897 jussit,
1106 3816 1224 3901 qui
1255 3813 1564 3903 postridie
1593 3836 1680 3879 ex
1724 3836 1875 3879 arce
1919 3815 1989 3879 in
2035 3812 2274 3879 urbem

141 3926 422 3987 exeuntes
464 3922 682 3994 hostes
723 3951 1101 4018 oppugnare
1143 3931 1490 4020 incipiunt.
1537 3931 1680 3997 Hac
1721 3952 1794 3996 re
1838 3931 2097 4017 cognita
2139 3929 2278 3996 Lu-

137 4021 255 4092 cius
307 4038 419 4121 qui
476 4039 558 4106 ad
610 4040 842 4111 Saxoli
906 4045 1170 4115 moenia
1236 4046 1592 4136 pugnando
1661 4057 1926 4135 tempus
1995 4043 2276 4126 terebat,

135 4139 310 4211 “⁰5²0
348 4150 569 4224 itinere
611 4156 897 4250 Regium
939 4158 1311 4231 contendit:
1368 4161 1464 4228 ibi
1531 4164 1603 4229 in
1676 4183 1892 4228 arcem
1960 4159 2265 4230 hostibus
