2950 5017
665 415 795 487 360
1413 435 1655 481 nanum
1698 434 2123 489 nemausum

662 567 1067 648 recepturos,
1110 578 1233 624 nec
1277 567 1359 622 ut
1401 557 1546 646 ipse
1591 568 1872 646 occupet
1919 577 2245 647 passuros.
2280 553 2453 623 Eam
2486 557 2585 626 ob
2613 580 2893 627 causam

665 674 757 743 ab
801 674 1109 741 Atestino
1151 670 1483 764 repudiati
1513 672 1899 740 Parmenses
1925 673 2277 741 Francisco
2319 670 2619 741 Sfortiae
2664 698 2737 742 se
2774 678 2897 742 de-

664 790 999 858 diderunt.
1048 789 1206 858 Post
1251 790 1418 856 haec
1462 788 1800 858 Albertus.
1826 788 1986 856 Pius
2028 787 2378 879 Car-peusis
2447 814 2490 856 a
2558 792 2891 860 Leonello

663 932 820 977 cum
867 909 1257 997 octingentis
1324 906 1773 997 cataphractis
1838 917 1910 972 et
1974 908 2294 974 trecentis
2359 907 2713 997 peditibus
2764 933 2892 999 pro

665 1023 916 1094 Sfortia
962 1034 1194 1093 contra
1235 1022 1631 1112 Allobroges
1673 1043 1831 1090 cum
1876 1023 2082 1113 copiis
2129 1021 2544 1091 Venetorum
2608 1028 2853 1092 missus
2870 1077 2888 1105 ,

663 1142 847 1235 quod
882 1133 1289 1233 'promissum
1322 1140 1731 1231 stipendium
1762 1163 1894 1209 nou
1926 1142 2264 1231 reciperet,
2298 1140 2383 1207 ad
2413 1140 2650 1210 hostes
2682 1155 2885 1210 traus-

659 1257 863 1348 fugit.
908 1253 1233 1326 Nicolaus
1277 1280 1552 1348 quoque
1606 1255 2004 1324 Guerrerius
2065 1279 2255 1346 aegre
2306 1254 2523 1325 ferens
2568 1257 2884 1325 Parmam

661 1378 1012 1446 Francisco
1057 1373 1347 1444 Sfortiae
1391 1375 1747 1457 traditam,
1777 1373 2203 1465 Alphonsum
2245 1376 2672 1466 Aragonium
2716 1377 2887 1443 Nea-

660 1494 831 1587 polis
875 1517 1100 1585 regem
1145 1493 1486 1575 sollicitat,
1521 1506 1599 1560 ut
1630 1496 2041 1584 octingentos
2070 1493 2326 1584 pedites
2358 1492 2888 1564 Guardason'um

666 1624 737 1678 et
782 1606 1200 1694 Colarnum,
1246 1614 1418 1678 inter
1462 1634 1640 1702 quae
1702 1610 1980 1679 castella
2044 1634 2125 1678 ea
2188 1611 2349 1679 urbs
2413 1614 2540 1679 sita
2604 1623 2756 1691 est,
2795 1635 2887 1679 res

656 1727 947 1799 Sfortiae
1017 1725 1401 1797 turbaturus
1471 1731 1723 1796 mittat.
1791 1729 1941 1819 Ipse
1984 1728 2371 1820 Astorgium
2440 1727 2879 1797 manfredum

665 1849 1035 1916 Faventiae
1078 1848 1452 1939 Principem
1506 1870 1665 1914 cum
1724 1846 1913 1914 mille
1965 1849 2344 1938 quingentis
2386 1847 2783 1938 equitibus,
2826 1860 2885 1913 et

656 1967 1035 2056 quingentis
1078 1964 1416 2055 peditibus
1451 1965 1547 2031 -ad
1596 1966 1738 2031 vim
1782 1963 1959 2033 hosti
2013 1962 2428 2032 inferendam
2475 1979 2738 2047 νοσεῖς
2778 1964 2881 2032 sed

587 2159 590 2168 A
660 2105 818 2149 eum
865 2083 1254 2150 Franciscus
1300 2078 1548 2149 Sfortia
1594 2081 1909 2171 precibus
1974 2094 2043 2149 et
2108 2084 2392 2173 pecunia
2435 2096 2807 2149 exoratum
2849 2105 2883 2147 a

652 2202 919 2289 negotio
962 2199 1378 2289 suscipiendo
1427 2201 1762 2267 avocavit.
1804 2198 1915 2266 Ab
1946 2198 2294 2289 Alphonso
2341 2223 2496 2266 vero
2544 2198 2879 2266 Raimun·

527 2313 534 2320 ’
657 2313 783 2381 dus
828 2314 1198 2383 Anichinus
1244 2316 1542 2405 egregius
1578 2314 1722 2381 dux
1767 2338 1924 2381 cum
1970 2316 2351 2404 quingentis
2393 2314 2760 2404 equitibus
2804 2314 2877 2382 ad

651 2431 1018 2521 Nicolaum
1090 2431 1395 2500 accedere
1458 2432 1679 2519 jussus
1750 2457 1865 2523 per
1934 2433 2343 2499 Mutinenses
2398 2446 2467 2498 et
2519 2432 2879 2522 Regienses

652 2549 1031 2618 Colurnum
1092 2553 1423 2641 pervenit,
1491 2551 1614 2618 ubi
1682 2552 1771 2618 ab
1837 2549 2223 2618 Alexandro
2267 2550 2602 2617 Francisci
2679 2549 2875 2617 fratre

650 2670 895 2749 victus,
926 2679 994 2734 et
1024 2672 1259 2734 castris
1291 2671 1538 2734 exutus
1585 2665 1744 2735 fuit.
1793 2664 2043 2734 Sfortia
2073 2678 2303 2756 postea
2335 2689 2491 2733 cum
2524 2667 2878 2746 Leonello,⁴

650 2784 835 2875 quod
880 2796 1111 2853 contra
1143 2788 1480 2852 amicitiae
1511 2786 1662 2872 jura
1693 2787 2049 2852 transitum
2082 2783 2388 2851 hostibus
2418 2787 2870 2863 concessisset,

650 2904 934 2992 graviter
1000 2916 1434 2992 conquestus,
1506 2902 1803 2969 tandem·
1845 2900 2282 2969 Guardasono
2328 2913 2399 2967 et
2442 2900 2755 2970 Colurno
2809 2906 2869 2968 in

649 3043 839 3087 suam
887 3031 1285 3107 potestatem
1316 3019 1622 3098 redactis,
1653 3019 1995 3086 Parmensi
2037 3016 2244 3085 bello·
2268 3015 2471 3085 finem
2520 3021 2864 3109 imposuit.

787 3134 891 3202 Eo
939 3148 1232 3225 tempore
1279 3160 1525 3225 magna
1568 3135 1651 3202 de
1695 3135 1970 3225 Bagnoli
2025 3148 2095 3202 et
2145 3134 2557 3207 Nuvolariae
2618 3134 2862 3202 finibus

650 3256 823 3320 inter
867 3253 1254 3340 Regienses,
1326 3266 1393 3317 et
1433 3255 1922 3332 franciscum,
1968 3252 2468 3342 Georgiumque
2515 3252 2859 3343 Gouzagos

651 3366 930 3435 Feltrini
977 3377 1250 3459 nepotes
1296 3381 1528 3435 exorta
1570 3382 1687 3436 est‘
1715 3373 2188 3450 controversia,
2234 3393 2441 3459 quam
2489 3369 2852 3460 Caprianus

654 3483 978 3552 Mantuae
1031 3488 1377 3574 episcopus
1422 3498 1490 3551 et
1533 3485 1823 3563 Iacobus
1869 3486 2615 3555 Antonius1Turrianus
2662 3486 2854 3553 Muti·

649 3626 777 3670 nae
821 3603 1097 3668 antistes
1142 3601 1372 3667 arbitri
1421 3602 1615 3669 electi
1647 3602 1941 3671 calendis
1972 3604 2260 3672 octobris
2295 3605 2594 3670 terminis
2634 3603 2848 3693 positis

647 3717 987 3786 finierunt.
1056 3719 1166 3785 Ab
1232 3718 1469 3786 iisdem
1538 3722 1743 3787 etiam
1810 3722 2039 3790 omnia
2084 3720 2506 3810 Regiensium
2557 3719 2846 3810 praedia,

646 3857 821 3924 quae
866 3833 1113 3902 finibus
1158 3857 1386 3903 eorum
1443 3836 1868 3912 castellorum
1897 3865 1909 3882 ·
1936 3848 2150 3905 essent
2199 3836 2505 3916 inclusa,
2543 3837 2848 3904 immuni-

643 3963 852 4018 tatem
899 3965 1057 4019 sunt
1104 3967 1488 4033 consecuta,
1531 3967 2003 4045 statutumque
2042 3979 2133 4023 ne
2174 3956 2427 4046 civium
2474 3964 2843 4022 nostrorum

641 4068 862 4138 coloni
894 4071 978 4136 ad
1011 4070 1271 4161 aliquas
1316 4094 1546 4162 operas
1577 4067 1742 4163 cogi'
1757 4083 2060 4161 possent,
2088 4070 2539 4167 navigabilem
2585 4091 2842 4161 quoque

643 4186 888 4257 fossam
938 4189 1027 4256 ab
1072 4190 1385 4258 omnibus
1433 4191 1705 4259 tributis
1747 4191 2026 4260 liberam
2079 4194 2152 4259 in
2201 4214 2324 4260 sua
2376 4189 2629 4257 ditione
2674 4188 2839 4256 Gon·
