2950 5017
703 392 835 459 218
1433 409 1669 459 nanu
1723 409 2138 461 anemurum

697 526 949 621 populo
991 526 1365 598 Mediolano
1407 526 1811 618 praefectus,
1854 533 2064 621 specie
2119 529 2545 622 magistratus
2563 581 2585 612 ‚
2629 535 2849 621 patriae

698 647 1144 737 principatum
1179 644 1496 713 obtinuit.
1540 645 1758 715 Tanta
1787 670 1866 715 eo
1893 670 2067 715 anno
2094 647 2441 715 brutorum
2473 650 2682 737 pestis
2710 646 2843 731 fuit,

697 773 779 829 ut
841 761 1043 831 boves
1107 764 1342 850 passim
1390 759 1793 844 defecerint,
1836 765 2157 854 equisque
2224 775 2296 831 et
2363 767 2562 832 asinis
2638 775 2847 832 terram

697 899 881 945 arare
924 878 1308 968 oportuerit.

829 991 981 1076 Quo
1046 1006 1336 1083 tempore
1377 990 1721 1063 Gulielmo
1765 1016 1806 1061 a
1848 993 2090 1074 Bobio,
2131 994 2251 1084 qui
2296 992 2619 1062 undecim
2686 996 2843 1061 annis

694 1110 767 1177 in
808 1107 975 1175 urbe
1016 1119 1236 1176 nostra
1279 1106 1639 1198 Episcopus
1680 1108 1976 1191 sederat,
2020 1107 2379 1190 defuncto,
2407 1107 2696 1177 Enricus
2721 1109 2845 1177 cre-

693 1224 933 1290 mensis
997 1245 1170 1291 anno
1231 1244 1459 1291 ucoca
1525 1221 1845 1292 suffectus
1911 1222 2069 1292 fuit.
2129 1225 2224 1291 At
2291 1225 2523 1292 Actius
2583 1223 2848 1291 Beatrice

692 1335 914 1407 Caroli
941 1337 1225 1428 Apuliae
1267 1342 1431 1428 regis
1474 1337 1614 1406 filia
1658 1363 1866 1407 uxore
1893 1341 2096 1411 dueta
2126 1341 2388 1411 Atriam
2432 1340 2678 1407 urbem
2705 1339 2847 1407 dotis

692 1457 960 1521 nomine
1027 1457 1321 1543 accepit·
1375 1454 1490 1521 sed
1536 1455 1620 1521 ad
1665 1454 1931 1523 Galliae
1977 1455 2351 1545 Cisalpinae
2415 1457 2842 1546 principatum

693 1571 972 1659 aspirare
1034 1569 1318 1639 creditus
1385 1592 1427 1636 a
1493 1569 1864 1663 scaligero,
1930 1570 2352 1653 Bonacossio,
2397 1583 2467 1639 et
2508 1570 2849 1650 Brixianis,

688 1685 1037 1777 Pellagura
1080 1687 1418 1755 cardinali
1461 1687 1655 1771 duce,
1701 1689 1998 1759 Ferraria
2042 1687 2319 1774 ejectus,
2367 1698 2436 1755 et
2478 1684 2844 1757 Guastallae

686 1825 849 1870 cum
913 1825 1150 1893 sponsa
1214 1806 1482 1893 nuptias
1548 1802 1879 1872 celebrare
1949 1816 2218 1873 coactus
2284 1814 2434 1884 estg
2479 1804 2604 1871 ubi
2654 1799 2847 1871 Thad-

689 1918 926 1986 daeum
991 1917 1443 2003 Manfredum,
1509 1919 1926 1991 Bonifacium
1970 1920 2366 1991 Canussium
2383 1969 2405 2002 ,
2454 1931 2525 1986 et
2590 1919 2846 1987 Thoma-

688 2037 911 2103 sinum
953 2037 1343 2106 Panccrium
1387 2042 1674 2128 equestri
1716 2038 2044 2128 dignitate
2104 2037 2514 2107 honestavit.
2565 2036 2844 2104 Parmam

687 2154 890 2217 etiam
943 2174 1058 2241 per
1106 2151 1480 2220 Gerardum
1525 2153 1891 2221 Chitiolam
1942 2156 2237 2244 equitem
2287 2167 2356 2221 et
2401 2151 2693 2221 Paulum
2732 2149 2846 2216 Ru-

688 2263 834 2334 fum
880 2269 951 2334 in
995 2289 1065 2335 se
1111 2266 1457 2337 transferre
1518 2269 1801 2337 voluisse
1851 2268 2070 2337 dictus
2124 2281 2260 2350 est,
2300 2292 2509 2358 quam
2552 2267 2843 2337 Gihertus

687 2381 1015 2472 corrigius
1056 2383 1381 2452 Guidonis
1425 2383 1637 2464 filius,
1683 2384 2101 2455 Caesarianis
2146 2384 2458 2452 exulibus
2514 2382 2845 2459 restitutis,

685 2500 1034 2567 invaserat.
1081 2499 1213 2567 Sed
1258 2500 1522 2568 detecta
1585 2502 2065 2587 conjuratione,
2125 2501 2461 2589 Corrigius
2530 2511 2843 2589 acceptam

684 2614 997 2701 injuriam
1042 2617 1305 2684 ulturus
1349 2617 1610 2685 occulta
1672 2620 1888 2708 primo
1947 2630 2176 2685 contra
2225 2618 2503 2685 Actium
2546 2640 2700 2684 oum
2739 2613 2846 2680 Bo-

686 2731 915 2820 tigella
971 2732 1356 2802 Bonacossio
1421 2733 1700 2802 consilia
1768 2737 1990 2804 inivit.
2053 2733 2118 2803 Is
2183 2734 2574 2803 Pinamonte
2636 2725 2844 2820 gentili

686 2849 918 2919 morbo
975 2856 1296 2934 extincto,
1347 2852 1491 2939 ejus
1554 2875 1997 2921 successorem
2041 2849 2505 2919 Bardellonem
2548 2849 2845 2917 Bonnens-

549 3024 556 3029 .
683 2968 859 3034 sium
923 2967 1260 3037 bominem
1328 2972 1669 3059 ineptum,
1731 2968 2102 3049 crudelem,
2152 2970 2624 3057 suspiciosum,
2666 2976 2843 3052 atque

683 3084 849 3152 adeo
892 3087 1237 3174 ignavum,
1268 3090 1776 3177 arrogantiaque
1821 3083 2172 3166 infamem,
2200 3095 2270 3152 et
2299 3085 2389 3154 ob
2419 3084 2486 3150 id
2518 3080 2840 3174 publicum

682 3200 912 3269 odium
978 3216 1332 3283 vocatum,
1400 3203 1802 3291 expulerat,
1871 3202 2319 3293 Mantuaeque
2385 3203 2844 3292 principatum»

681 3319 864 3405 quod
907 3318 1225 3387 Passerini
1288 3316 1508 3386 fratris
1578 3318 1760 3388 filius
1807 3331 2014 3401 esset,
2055 3319 2243 3387 velut
2309 3322 2674 3408 agnationis
2719 3314 2839 3402 jure

684 3433 769 3499 ad
811 3457 879 3499 se
921 3433 1314 3502 devolutum
1346 3447 1805 3524 usurpaverat.
1850 3436 2052 3502 Hunc
2103 3436 2222 3503 ubi
2266 3438 2334 3502 in
2381 3458 2573 3502 suam
2611 3445 2841 3501 senten·

685 3551 846 3614 tiam
878 3548 1196 3616 Gibertus
1244 3552 1483 3629 traxit,
1514 3574 1688 3619 nova
1727 3548 2048 3618 affinitate
2078 3549 2315 3620 foedus
2347 3546 2845 3617 confirmandum·

683 3688 822 3731 esse
864 3669 1140 3735 censuit.
1184 3665 1295 3734 Ex
1340 3667 1549 3735 tribus
1580 3670 1807 3759 itaque
1849 3668 2182 3738 sororibus
2218 3689 2419 3734 unam
2452 3663 2838 3737 Benacossim

685 3781 887 3851 aliam
931 3783 1211 3852 Alberto
1256 3783 1623 3874 Scaligero,
1670 3789 1932 3852 tertiam
1980 3783 2260 3852 Nicolao
2305 3782 2651 3864 Folleano,
2689 3773 2841 3846 Antii

685 3897 859 3966 hosti
903 3898 1370 3981 infensissimo,
1417 3904 1660 3992 nuptui
1704 3902 1980 3982 locavit,
2024 3913 2094 3967 et
2136 3924 2292 3967 cum
2325 3902 2477 3990 ipsis
2507 3897 2840 3966 Bononien-

684 4016 892 4098 sibus,
935 4017 1304 4098 Brixianis,
1368 4033 1438 4085 et
1504 4019 1606 4085 his
1650 4023 1767 4110 qui
1812 4020 2078 4087 Mutina
2121 4019 2458 4108 Regioque
2503 4014 2838 4082 exulabant

684 4131 770 4203 de
800 4134 992 4203 Actio
1022 4159 1110 4203 ex
1138 4159 1369 4203 earum
1419 4135 1686 4203 urbium
1734 4138 2110 4226 principatu
2150 4132 2474 4220 ejiciendo
2518 4128 2837 4200 convenit-1
