2950 5017
895 433 1097 480 man
1142 434 1438 488 omarus
2137 415 2267 481 323

36 555 359 632 Barnabas
409 555 670 633 Ioanni
714 550 1061 626 Galleacio
1104 556 1399 624 insidiari
1468 558 1735 648 coepit,
1795 555 1919 648 qui
1983 558 2110 624 etsi
2177 555 2265 624 ad

36 698 153 742 =am
196 675 495 765 imperii
541 672 1074 763 magnitudinem
1104 672 1223 742 ille
1257 686 1675 764 pervenerat,
1705 686 1787 742 ut
1816 698 1953 744 non
1986 686 2257 742 tantum

36 792 277 860 Galliae
326 790 734 882 Cisalpinae
802 791 1106 883 populis,
1152 793 1270 862 sed
1333 795 1543 861 etiam
1612 796 1855 861 exteris
1921 781 2263 861 timendus

36 925 204 992 esset,
234 912 384 979 anis
419 923 663 978 tamen
694 909 927 979 liberis
956 933 1236 979 numero
1284 911 1592 1001 pluribus
1621 911 1827 981 homo
1860 913 2263 982 ambitiosus

36 1028 289 1097 nullum
322 1032 506 1098 satis
535 1026 680 1099 fore
709 1052 990 1120 regnum
1034 1032 1494 1098 existimabat.
1543 1032 1798 1126 Fratris
1842 1034 2075 1122 itaque
2120 1029 2262 1100 filio

36 1146 438 1235 opulentum
514 1149 973 1237 principatum
1032 1147 1372 1229 invidens,
1418 1160 1498 1214 ut
1546 1171 1705 1215 eum
1750 1150 1894 1216 vita
1940 1147 2266 1239 bonisque

36 1267 347 1354 privaret,
395 1264 777 1333 scelestum
830 1264 1187 1334 consilium
1235 1269 1443 1356 capit.
1492 1266 1572 1333 Id
1618 1267 1865 1344 Joanni
1910 1265 2263 1334 Galleacio

36 1403 178 1448 eum
245 1405 366 1473 per
436 1359 909 1473 exploratores
962 1382 1304 1473 proditum
1353 1396 1558 1465 esset,
1603 1385 1825 1475 gravi,
1871 1382 2259 1473 ,callidoque

44 1501 288 1590 ingenio
343 1504 627 1592 cognita
672 1500 1127 1584 dissimulare,
1159 1500 1495 1570 fidissimis
1538 1526 1608 1569 se
1653 1504 1983 1572 veteranis
2029 1503 2264 1592 sepire,

44 1640 110 1683 ac
150 1617 334 1685 velut
382 1642 496 1687 res
547 1618 880 1688 humanas
910 1618 1307 1710 despiceret,
1339 1620 1642 1710 religioni
1688 1623 1986 1689 intentus
2033 1622 2267 1687 remis-

47 1737 168 1801 sius
205 1735 564 1817 incedere,
608 1740 717 1827 pie
763 1735 1021 1828 templa
1067 1740 1385 1819 invisere,
1432 1739 2002 1829 concionibusque
2057 1739 2266 1805 sacris

51 1849 391 1920 studiosius
439 1856 675 1944 coepit
722 1853 1141 1921 incumbere.
1205 1854 1385 1923 Tum
1453 1879 1610 1924 vero
1679 1869 1761 1921 ut
1817 1854 2143 1941 timidus,
2189 1875 2268 1921 ac

53 1969 252 2056 supini
292 1971 562 2060 ingenii
608 1970 837 2051 homo,
884 1994 924 2037 a
969 1983 1214 2061 patruo
1258 1985 1327 2038 et
1371 1971 1603 2039 liberis
1634 1995 1766 2040 non
1811 1982 2080 2038 tantum
2125 1972 2267 2037 irri-

56 2080 199 2164 deri,
240 2085 352 2152 sed
400 2086 621 2177 plane
664 2090 890 2178 sperni
939 2088 1330 2170 videbatur,
1361 2105 1520 2155 cum
1564 2112 1721 2157 eum
1768 2090 1996 2179 opimo
2043 2090 2267 2178 potius

54 2201 429 2284 sacerdotio,
479 2228 700 2296 quam
750 2218 946 2274 tanto
989 2208 1270 2296 imperio
1320 2206 1601 2296 dignum
1662 2229 1799 2274 esse
1842 2206 2264 2273 dictitarent.

59 2314 124 2382 In
160 2316 281 2386 hoc
322 2322 519 2389 vitae
568 2344 808 2412 genere
854 2322 974 2389 diu
1018 2344 1090 2388 se
1136 2324 1422 2400 Joannes
1469 2323 1856 2391 Galleacius
1901 2325 2267 2402 continuit,

67 2431 248 2502 donec
298 2460 413 2528 per
468 2438 811 2530 religionis
856 2441 1143 2529 speciem
1192 2440 1411 2507 Divae
1455 2441 1752 2532 Virginis
1798 2441 2131 2531 templum
2180 2439 2266 2520 ad

70 2547 331 2641 Burgum
377 2555 741 2625 Varesium
808 2569 1043 2625 contra
1096 2555 1322 2625 lacum
1375 2558 1772 2626 Verbanum
1840 2557 2129 2626 donariis
2195 2567 2268 2623 et

73 2670 373 2739 miraculis
426 2673 699 2740 celebre
764 2697 836 2741 se
904 2687 1296 2743 veneratum
1368 2678 1627 2742 iturum
1698 2673 2114 2763 divulgavit,
2185 2695 2265 2739 ac

74 2790 237 2871 quasi
280 2793 549 2881 pietatis
594 2790 805 2860 offitio
850 2790 1210 2860 functurus
1266 2805 1510 2882 patruo
1560 2816 1631 2860 se
1686 2815 1845 2859 eum
1894 2816 1981 2858 ex
2027 2795 2266 2858 itinere

80 2902 502 2977 salutaturum
553 2914 855 2978 nunciat.
925 2911 1058 2978 Die
1123 2911 1306 2978 dicta
1378 2910 1499 2977 uhi
1568 2923 1884 2999 nepotem
1933 2909 2268 2977 discesiase

80 3015 286 3093 Ticino
331 3040 402 3094 et
445 3028 912 3097 Mediolanum
962 3031 1235 3119 propius
1282 3028 1597 3095 accedere
1642 3028 1986 3096 Barnabas
2027 3031 2231 3096 sensit
2238 3078 2266 3122 7

81 3136 241 3203 mula
282 3159 537 3225 vectus,
583 3148 956 3235 praemissis
1002 3144 1269 3214 honoris
1314 3148 1533 3235 gratia
1578 3143 1771 3224 filiis,
1814 3147 1952 3234 ipse
1983 3143 2265 3248 adJDivi

86 3249 381 3325 Ambrosii
426 3261 928 3330 xenodochium
975 3274 1169 3330 extra
1206 3276 1468 3353 portam
1504 3261 1957 3330 Vercellinam
1990 3260 2264 3330 obviam

87 3369 297 3450 prodit.
326 3376 429 3444 Ibi
461 3378 628 3477 dum
662 3379 989 3456 Ioannem
1022 3379 1796 3472 Galleaciumnepotem
1832 3378 2267 3469 amplectitur

89 3482 159 3546 &b
197 3486 446 3563 Othone
492 3497 834 3565 Mandello
881 3510 951 3564 et
998 3497 1405 3568 Bernardino
1450 3499 1788 3579 Forrensi,
1836 3496 2026 3565 mula
2072 3494 2262 3566 freno

85 3597 348 3690 detenta,
378 3637 418 3679 a
448 3616 1036 3683 circumstantibus
1070 3619 1345 3685 armatis
1367 3640 1524 3685 cum
1547 3615 1775 3685 Marco
1806 3629 1873 3682 et
1898 3613 2264 3704 Rodulpbo

89 3712 278 3792 liberi.
317 3736 602 3823 capitur.
637 3734 816 3802 Tum
867 3739 1133 3826 agmina
1177 3738 1407 3803 statim
1454 3718 1839 3805 introducta
1884 3737 1954 3801 in
2001 3731 2268 3814 urbem,

91 3845 148 3897 et
184 3850 388 3926 putrui
433 3851 629 3920 aedes
673 3853 758 3920 ad
805 3852 1119 3943 praedam
1157 3853 1409 3945 populo
1443 3853 1760 3933 traditae,
1774 3853 2076 3942 denique
2107 3872 2266 3918 cum

93 3971 259 4025 ”emo
288 3969 612 4039 auxilium
645 3970 872 4051 ferret,
906 3970 1159 4063 aliique
1192 3971 1540 4040 Barnabae
1587 3970 1781 4039 liberi
1823 3968 2265 4060 diffugissent,

96 4063 340 4147 Ioannes
394 4084 778 4156 Galleacins
844 4089 1206 4158 Mediolani
1276 4091 1641 4181 imperium
1710 4075 2071 4160 obtinuits
2100 4085 2268 4153 Mox

98 4189 426 4287 Pfisscipatu
491 4231 608 4298 per
674 4208 1104 4300 Imperatoris
1171 4207 1470 4299 legatum
1540 4204 1967 4288 confirmato,
2022 4202 2309 4300 urbem..
