2950 5017
637 426 777 513 ⁴⁵0
1392 437 1635 487 naun
1674 437 2098 486 nmmum

639 576 782 648 ret,
822 564 967 656 ipse
993 562 1295 634 inscenso
1329 581 1548 654 equo,
1592 561 2166 632 domi·hominem
2213 559 2673 652 oppressurus·
2701 579 2860 629 cum
2930 621 2931 626 ,

638 681 1073 773 stipatoribus
1115 682 1327 749 venit.
1389 678 1662 771 lmpetu
1706 673 1924 760 facto,
1966 677 2107 766 jam
2156 702 2313 745 eum
2340 715 2349 730 =
2376 676 2663 767 capillis·
2708 701 2867 746 con-

639 802 955 868 strictum
1001 796 1323 879 tenebat,
1359 819 1518 864 cum
1580 796 2089 864 accurrentibus
2129 792 2583 861 familiaribus
2632 795 2703 861 vi
2746 795 2869 861 eti·

641 919 849 1009 pitur.
894 915 974 984 In
1018 917 1168 984 rixa
1209 913 1536 986 Nicolaus
1564 914 1925 984 Ronzonus
1964 927 2407 1002 cognomento
2434 911 2862 1003 Spar-pagna,

639 1036 761 1125 qui
807 1036 1169 1102 tonsor-iam
1228 1045 1442 1099 artem
1506 1031 1895 1114 exercebat,
1940 1042 2214 1121 accepto
2260 1029 2541 1098 vulnere
2590 1043 2860 1121 captus,

637 1152 869 1218 statim
917 1149 1164 1239 laqueo
1203 1149 1425 1218 necari
1475 1148 1777 1236 jubetur.
1842 1148 1990 1238 Nec
2047 1170 2232 1216 mora
2251 1197 2271 1228 ,
2322 1150 2655 1213 revinctis
2720 1159 2859 1235 post

635 1281 824 1357 terga
876 1267 1190 1337 manibus
1233 1290 1275 1334 a
1317 1264 1627 1334 carnifice
1680 1265 2181 1356 suspendendus
2222 1243 2539 1332 ducitun
2570 1264 2860 1353 Jamque

637 1388 709 1454 in
779 1384 1013 1476 palatii
1079 1379 1336 1474 publici
1403 1381 1724 1466 fenestra,
1777 1395 2122 1475 spectante
2174 1382 2368 1474 plebe
2384 1434 2403 1464 ,
2449 1383 2514 1449 ei
2572 1380 2860 1471 laqueus

636 1502 812 1572 collo
855 1501 1279 1583 nectebatur,
1322 1500 1871 1592 miserandaeque
1923 1503 2156 1571 mortis
2222 1522 2434 1591 genus
2504 1502 2584 1566 in
2656 1498 2863 1567 oculu

636 1640 947 1709 praesens
975 1628 1144 1698 erat,
1169 1639 1328 1684 cum
1359 1616 1712 1688 Balthasar
1740 1614 2014 1686 Saulius
2044 1616 2453 1697 Genuensis,
2484 1618 2619 1706 qui
2653 1614 2866 1705 Regii,

636 1735 1082 1827 vectigalibus
1141 1734 1528 1815 conductis,
1572 1748 1935 1826 quaestura
1980 1733 2427 1825 fungebatur,
2473 1756 2682 1801 reum
2743 1734 2859 1801 sibi

638 1853 1004 1926 condonari
1050 1852 1362 1934 obtinet3
1406 1853 1796 1956 ingentique
1848 1847 2097 1942 gaudio
2152 1852 2429 1919 domum
2480 1848 2861 1918 deductum

636 1971 948 2036 saucium
991 1971 1296 2049 curavit,
1340 1981 1412 2034 et
1464 1980 1693 2058 postea
1759 1970 1831 2035 in
1892 1965 2367 2035 fidissimorum
2410 1964 2857 2035 familiarium

635 2107 921 2153 numero
950 2107 1208 2175 semper
1235 2083 1508 2153 habuit.
1541 2084 1916 2154 Calcaueus
1948 2085 2069 2153 ubi
2107 2109 2185 2154 -se
2228 2109 2317 2152 ex
2360 2108 2503 2153 non
2542 2086 2860 2155 mediocri

633 2199 933 2292 periculo
980 2212 1286 2290 ereptum
1330 2201 1539 2283 vidit,
1582 2205 1815 2270 statim
1848 2199 2081 2293 'patria
2125 2202 2444 2292 discessit.

658 2296 664 2307 ¹
775 2319 872 2386 At
901 2318 1154 2396 Paulus
1182 2318 1430 2387 Bobius
1466 2319 1653 2388 urbis
1697 2320 1996 2389 habenas
2042 2323 2294 2388 tenenti
2339 2317 2643 2411 praesidi
2690 2318 2861 2387 haud

635 2563 848 2632 retur,
893 2563 1236 2642 potentem
1283 2564 1511 2620 tamen
1558 2552 1818 2620 hostem
1849 2552 1935 2621 de
1967 2552 2203 2622 medio·
2230 2553 2464 2623 tollere
2508 2556 2859 2644 cogitavit.

635 2669 957 2738 Ceterum
1002 2693 1159 2737 cum
1190 2671 1264 2737 in
1294 2682 1488 2737 tanta
1521 2695 1589 2739 re
1620 2670 1989 2761 peragenda
2034 2670 2334 2761 plurium
2381 2670 2650 2739 auxilio
2697 2693 2864 2761 opus

634 2799 829 2868 esset,
871 2809 1030 2854 cum
1077 2785 1405 2855 fidissimis
1443 2787 1837 2878 quibusque
1879 2809 2050 2878 quos
2100 2785 2416 2856 facinoris
2467 2789 2688 2856 socios
2742 2787 2863 2854 ha-

635 2902 795 2970 bere
863 2915 1337 2993 proposuerat,
1383 2927 1547 2971 =rem
1618 2905 2101 3002 communicat.
2166 2902 2246 2971 In
2312 2904 2557 2972 urbem
2628 2905 2863 2994 paucis

634 3005 796 3086 ante
863 3022 1056 3086 annis
1119 3031 1396 3088 venerat
1441 3019 1625 3088 Zeno
1669 3020 2023 3090 Cocconus
2064 3020 2478 3106 castronovo
2540 3018 2858 3087 Parmen-

634 3135 815 3202 sium
881 3134 1243 3217 oriundus,
1283 3136 1405 3225 qui
1451 3138 1748 3226 primum
1794 3119 2212 3224 Scajolorum
2273 3149 2495 3226 partes
2555 3148 2858 3216 secutus,

634 3261 715 3317 ut
743 3249 1186 3318 Cassandram
1216 3250 1576 3320 Bebiorum
1622 3234 1908 3322 sororem
1940 3253 2194 3321 Lazaro
2234 3250 2379 3319 filio
2426 3254 2858 3320 matrimonio

631 3366 1011 3452 conjunxit,
1040 3387 1199 3433 cum
1244 3369 1340 3434 eis
1387 3380 1618 3458 postea
1661 3368 2207 3455 conjunctissime
2251 3370 2447 3448 vixit,
2480 3392 2562 3436 ae
2590 3380 2854 3458 praeter

632 3494 883 3550 eeteros
910 3484 1237 3560 Joaunem
1270 3484 1642 3575 Baptistam
1675 3509 1937 3554 morum
1974 3486 2300 3577 elegantia
2330 3485 2855 3554 urbanissimum

495 3642 514 3650 2
628 3597 1136 3692 flagrantissime
1163 3602 1429 3673 dilexit.
1476 3603 1659 3678 cum
1704 3604 1832 3679 boo
1875 3629 2057 3696 ergo,
2100 3608 2231 3696 qui
2267 3599 2585 3671 trucidati
2637 3603 2855 3672 affinis

631 3718 910 3786 caedem
953 3722 1240 3810 graviter
1285 3718 1580 3804 ferebat,
1625 3723 1919 3811 primum
1981 3725 2222 3788 intima
2291 3719 2536 3788 cordis,
2574 3720 2858 3789 consilia

631 3835 887 3904 Paulus
931 3841 1226 3927 aperuit,
1282 3862 1361 3908 ac
1418 3836 1633 3910 futuri
1689 3841 1982 3916 criminis
2024 3837 2283 3908 socium
2330 3839 2635 3910 adscivit.
2684 3838 2855 3907 Mox

628 3952 1117 4021 Bet-nardinum
1161 3955 1448 4023 Bebium
1498 3953 1771 4023 fratrem
1819 3949 2221 4047 patruelem,
2265 3955 2506 4023 delude
2550 3955 2848 4023 Paulum

628 4067 1056 4152 Caesellium,
1087 4071 1424 4142 Andream
1456 4071 1898 4162 calcaneum,
1922 4086 2016 4141 «οι
2059 4073 2465 4141 Antonium*
2479 4071 2682 4139 illum
2727 4072 2852 4139 Pa-

627 4189 982 4271 taracinm,
1005 4191 1133 4279 qui
1161 4190 1234 4258 in
1261 4190 1539 4267 Ioannis
1564 4190 1907 4284 Baptistae
1949 4191 2163 4264 caede
2207 4193 2325 4263 vix
2346 4188 2845 4279 Scajolensium
