2950 5017
656 408 790 490 ²44
1399 422 1636 466 aarum
1680 420 2096 465 anemurum

652 541 1028 611 Saxolensis
1073 540 1476 630 occupavit:
1531 539 1645 607 sed
1708 539 1840 606 sub
1905 536 2109 606 finem
2168 538 2324 604 anni
2370 558 2745 603 mcccxvnr
2786 562 2858 606 eo
2928 594 2929 619 ἶ

649 661 851 727 misso
895 658 1237 736 exercitu,
1279 667 1520 745 quarto
1574 653 1876 722 calendas
1929 653 2218 740 januarii
2272 651 2465 720 locus
2522 663 2635 719 est
2681 656 2859 720 resti·
2928 626 2929 677 ³

651 784 876 841 tutus.
919 771 1022 840 Eo
1063 771 1205 851 die,
1248 794 1408 837 cum
1482 774 1833 837 timeretur
1874 793 1958 837 ne
2001 767 2316 836 Castrum
2360 769 2781 835 Arianorum
2818 793 2855 834 a

648 887 942 956 Rodeliis
987 888 1219 957 vicinis
1277 885 1703 954 invaderetur
1721 937 1741 964 ‚
1790 909 1868 953 eo
1911 884 2313 975 praesidium
2358 886 2651 949 missum
2698 881 2852 951 fuit.
2928 900 2929 911 ³

648 1004 1031 1095 Subigenda
1081 1015 1423 1095 supererat
1470 1002 1890 1085 Quarantula
1909 1052 1931 1083 ,
1973 1024 2151 1091 quae
2193 1024 2233 1066 a
2279 999 2637 1089 republica
2681 998 2849 1065 defe-
2928 1056 2929 1059 ,

646 1134 850 1201 cerat,
889 1121 1008 1188 sed
1050 1133 1420 1211 antequam
1468 1143 1653 1186 arma
1697 1122 2109 1209 experiretur
2151 1121 2221 1184 in
2261 1117 2707 1206 Regiensium
2750 1140 2850 1206 po-

648 1251 960 1307 testatem
1002 1249 1242 1328 sponte
1287 1240 1589 1305 revertit.
1619 1237 1713 1303 At
1743 1235 1942 1303 Sessii
1987 1236 2107 1302 ubi
2155 1234 2549 1324 repetendae
2599 1236 2847 1322 patriae
2928 1286 2929 1295 ,

646 1357 832 1424 omni
872 1378 987 1445 spe
1030 1354 1454 1434 exciderunt,
1501 1353 1811 1441 undique
1865 1353 2282 1441 Regiensium
2339 1372 2529 1439 agros
2571 1349 2847 1438 diripere

645 1484 1031 1562 coeperunt.
1080 1471 1383 1538 Demum
1454 1471 1539 1537 ad
1608 1470 1810 1536 Canis
1879 1467 2191 1558 Scaligeri
2257 1467 2559 1535 Veronae
2614 1464 2847 1554 Reguli

645 1586 1048 1677 praesidium
1092 1584 1586 1676 confugerunt3
1632 1587 1753 1674 qui
1818 1608 1931 1653 eos
1994 1587 2067 1651 in
2135 1585 2415 1672 gratiam
2457 1583 2745 1669 recepit,
2786 1592 2846 1645 et
2928 1670 2929 1677 ἵ

646 1703 1015 1793 Ugolinum
1058 1701 1362 1771 Sessium
1427 1702 1643 1769 ferme
1712 1725 1831 1792 per
1875 1722 2080 1769 annos
2123 1699 2505 1790 quindecim
2550 1698 2846 1766 Veronae

646 1803 1027 1888 Praetorem
1091 1821 1483 1887 constituit.
1531 1818 1597 1885 Is
1640 1828 2085 1906 cognomento
2128 1812 2449 1894 Grandis,
2496 1823 2566 1879 et
2614 1811 2845 1878 bellica
2928 1846 2929 1895 γ

647 1934 900 2002 virtute
929 1935 1173 2016 clarus,
1205 1932 1670 2002 munificentia
1692 1983 1712 2013 ,
1755 1945 1825 2000 et
1868 1934 2077 1999 animi
2120 1929 2579 2020 magnitudine
2626 1951 2842 1997 omnes

647 2051 756 2116 sui
817 2052 1129 2138 temporis
1195 2051 1519 2138 principes
1586 2050 1933 2136 superavit
1951 2097 1973 2127 ,
2038 2048 2158 2135 qui
2224 2047 2480 2113 cunctis
2547 2042 2840 2112 felicioris
2928 2036 2929 2041 ’

647 2168 893 2254 ingenii
938 2167 1114 2245 viris,
1158 2177 1227 2232 et
1270 2140 1586 2233 omnibus
1620 2164 1824 2232 domo
1873 2160 2169 2253 profugis
2211 2159 2583 2228 liberaliter
2628 2160 2841 2250 hospi-

651 2285 827 2348 tium
874 2282 1205 2370 praebuit.
1271 2280 1454 2347 Inter
1518 2281 1681 2348 alios
1747 2276 2101 2369 Sagatium
2150 2277 2426 2347 Mutum
2470 2275 2834 2342 Gazadium

651 2398 1042 2489 Regiensem
1085 2397 1428 2464 literarum
1472 2395 1798 2486 elegantia
1842 2398 1972 2483 (ut
1998 2394 2119 2462 illa
2150 2392 2455 2461 ferebant
2496 2394 2828 2483 tempora)

651 2517 812 2581 satis
855 2514 1192 2581 eruditum
1235 2512 1623 2580 humaniter
1667 2514 1963 2601 excepit,
2001 2513 2121 2600 qui
2169 2522 2395 2600 postea
2442 2509 2589 2596 ejus
2633 2509 2836 2600 hospi-

652 2630 807 2697 talis
848 2629 1234 2720 disciplinae
1279 2632 1593 2710 rationes,
1644 2629 2189 2717 diversarumque
2233 2629 2729 2706 coenationum,
2771 2637 2834 2693 et
2928 2660 2929 2713 χ

652 2747 1117 2815 cubiculorum
1162 2758 1497 2837 sumptus,
1544 2757 1613 2811 et
1656 2757 2046 2813 ornamenta
2090 2743 2439 2832 diligenter
2482 2742 2831 2831 descripsit.
2928 2720 2929 2769 ¹

651 2861 823 2930 Suas
867 2865 1047 2930 enim
1092 2865 1293 2930 variis
1338 2861 1695 2930 hominum
1762 2859 2111 2949 generibus
2177 2857 2631 2926 habitationes
2687 2860 2835 2926 assi-

652 2989 885 3067 gnatas
930 2989 1001 3043 et
1045 2975 1392 3044 affluentes
1439 2973 1655 3043 victus
1696 2978 2026 3064 impensas
2072 2997 2188 3063 pro
2232 2972 2589 3042 hominum
2627 2973 2859 3042 condi-·
2928 2992 2929 3065 ff

654 3096 836 3161 tione
879 3090 1088 3159 factas
1109 3143 1129 3172 ,
1175 3115 1255 3158 ac
1299 3114 1452 3160 suos
1499 3091 1880 3180 quibusque
1926 3092 2257 3158 ministros
2324 3090 2589 3158 diverso
2655 3088 2833 3156 cultu

656 3208 849 3276 datos
893 3204 1090 3272 fuisse
1134 3208 1463 3273 meminit.
1517 3204 1822 3294 Proprios
1866 3208 2071 3271 etiam
2141 3202 2372 3271 titulos
2437 3203 2714 3292 siugulis
2752 3202 2834 3268 di-
2928 3210 2929 3233 ³

657 3322 1094 3389 versoriorum
1136 3319 1358 3406 januis
1405 3322 1863 3409 praescriptos,
1905 3318 2118 3387 veluti
2164 3317 2543 3408 triumphos
2588 3321 2835 3387 victori-

655 3437 812 3518 bus,
853 3436 1101 3504 bonam
1144 3459 1330 3526 spem
1377 3435 1726 3518 exulibus,
1771 3459 2112 3504 musarum
2160 3434 2560 3503 umbracula
2604 3439 2831 3526 poetis,
2928 3522 2929 3537 χ

655 3551 1023 3622 artificibus
1062 3551 1471 3622 Mercurium
1490 3604 1510 3634 ,
1577 3554 1896 3645 religiosis
1963 3552 2543 3622 concionatoribus
2588 3551 2833 3619 Paradi-

655 3693 841 3753 sum,
872 3671 1139 3762 aliaque
1180 3673 1425 3761 cuique
1468 3669 1818 3739 hominum
1867 3672 2086 3761 generi
2132 3691 2422 3759 congrua
2468 3692 2587 3758 pro
2631 3668 2828 3758 hospi-

655 3790 766 3854 tiis
807 3788 1067 3877 depicta
1134 3785 1335 3856 fuisse
1403 3800 1752 3857 memorat.
1798 3787 2036 3855 Musici
2084 3798 2449 3862 concentus
2493 3783 2830 3874 festivique

654 3906 1023 3984 sanniones,
1070 3915 1138 3970 et
1183 3903 1466 3991 jucundi
1512 3907 1841 3973 moriones
1901 3902 2159 3970 alterna
2227 3904 2551 3971 varietate
2620 3923 2829 3969 coena-

656 4019 867 4086 tiones
911 4019 1382 4087 circumibant.
1440 4017 1776 4086 Cubicula
1839 4041 2108 4109 quoque
2175 4014 2689 4106 splendidissime
2740 4018 2827 4081 in·

657 4145 912 4203 structa
956 4134 1232 4217 aulaeis,
1275 4158 1452 4228 quae
1497 4134 1825 4205 instabilis
1890 4132 2194 4204 fortunae
2263 4142 2654 4224 argumenta
2695 4152 2823 4200 con·
