2950 5017
522 576 943 682 GUJDI
1016 549 1870 714 PANCIRoLr

277 868 443 957 Al)
513 869 884 957 clvES
954 871 1270 960 SUOS
1340 871 2042 967 REGIENSES

876 1283 1453 1372 PRAEFATIO·

106 1968 499 2130 Praeclara
543 2054 920 2134 multorum
978 2056 1348 2135 illustrium
1371 2091 1376 2098 ·
1397 2062 1731 2151 virorum,
1795 2062 2250 2163 gentiumque

98 2172 282 2266 facta,
324 2179 568 2277 optimi
614 2180 853 2271 Cives,
901 2178 1179 2257 duabus
1224 2184 1658 2282 potissimum
1715 2185 1807 2258 de
1854 2184 2080 2258 causis
2109 2182 2250 2257 ‘diu

96 2297 341 2394 sepulta
380 2302 685 2400 jacuisse
729 2306 1118 2403 comperio;
1146 2304 1263 2381 vel
1295 2306 1514 2406 quod,
1543 2307 1780 2381 nescio
1820 2332 1965 2407 quo
1994 2306 2248 2380 misero

26 2447 29 2482 ι
96 2415 244 2507 sato,
304 2421 530 2499 nullos
596 2450 828 2499 rerum
895 2448 1242 2524 gestarum
1295 2428 1664 2527 scriptores
1721 2422 2077 2519 habuere,
2132 2423 2253 2503 vel

91 2540 260 2637 quod
310 2544 370 2618 si
435 2544 672 2647 aliqua
731 2573 1236 2650 nonnunquam
1288 2575 1531 2627 eorum
1574 2559 2029 2626 monumenta
2073 2541 2244 2623 exti-

93 2680 244 2754 tere,
287 2668 513 2742 saevis
563 2687 1008 2745 externorum
1054 2668 1356 2747 hostium
1403 2666 1941 2761 incursionibus,
1979 2685 2102 2743 aut
2143 2666 2253 2739 lu-

91 2789 319 2864 ctuosis
360 2790 843 2867 intestinarum
891 2793 1311 2870 seditionum
1339 2794 1637 2894 injuriis,
1667 2793 1899 2869 deleta
1934 2792 2241 2864 fuerunt.

97 2904 278 2984 Hanc
321 2910 623 3004 cladem,
666 2914 802 2989 etsi
830 2940 1072 2990 omnes
1099 2916 1249 2990 fere
1298 2915 1487 2991 orbis
1516 2916 1831 3012 regiones
1861 2936 2000 2985 non
2027 2905 2247 2982 semel

87 3031 433 3125 senserint,
489 3034 683 3109 nulla
737 3055 974 3111 tamen
1028 3054 1373 3111 terrarum
1428 3061 1590 3135 pars
1647 3031 1989 3119 crebrius,
2042 3052 2244 3101 acer-

86 3146 337 3243 bime,
362 3180 576 3255 quam
614 3156 815 3231 Italia
843 3158 1129 3257 pertulit
1136 3183 1161 3247 3
1191 3183 1401 3258 quae,
1427 3158 1905 3230 Romanorum
1934 3150 2240 3224 cadente

86 3269 385 3371 imperio,
428 3275 629 3351 velut
673 3278 957 3377 insignis
1000 3299 1280 3372 scopus,
1321 3276 1551 3349 saevis
1596 3270 2055 3345 barbarorum
2083 3269 2246 3344 telis

83 3415 333 3493 semper
390 3397 734 3494 exposita,
796 3426 936 3472 non
992 3396 1205 3470 modo
1262 3393 1551 3494 aliquod
1609 3390 1960 3466 scribendi
2019 3391 2241 3467 otium

85 3537 204 3588 non
244 3514 519 3607 babuit,
563 3517 720 3605 sed,
783 3517 843 3589 si
907 3542 1048 3617 qua
1112 3515 1362 3590 litteris
1424 3513 1755 3587 mandata
1816 3528 2041 3603 erant,
2085 3539 2231 3586 non

26 3631 29 3678 '
86 3637 302 3729 paucis
356 3636 650 3710 urbibus
714 3636 1025 3711 funditus
1092 3638 1371 3727 eversis,
1438 3632 1929 3709 miserabiliter
1984 3634 2233 3708 amisit.

26 3787 29 3826 Γ
89 3754 428 3850 Caeterae,
476 3784 660 3860 quae
705 3760 843 3834 Dei
897 3758 1331 3857 benignitate
1383 3757 1687 3833 hostium
1732 3756 1948 3832 furori
1992 3780 2239 3855 super-

26 3969 27 3972 *
84 3875 369 3971 fuerunt,
416 3883 734 3957 civitates
781 3882 1179 3959 domesticis
1217 3903 1293 3957 et
1331 3882 1526 3981 ipsae
1575 3880 1938 3956 discordiis
1966 3879 2056 3953 ad
2086 3879 2242 3954 exi-

26 3985 29 4018 '
85 3999 292 4075 tidem
336 4004 674 4078 insaniam
719 4031 943 4106 usque
997 4005 1385 4103 exagitatae
1431 4004 1641 4093 ferro,
1687 4004 1989 4103 igneque
2033 4026 2111 4077 se
2155 4026 2235 4075 se

87 4124 426 4200 crudeliter
472 4145 1070 4228 consumpserunt.
1120 4127 1228 4203 Ita
1273 4126 1539 4201 factum
1579 4144 1709 4215 eat,
1739 4142 1818 4199 ut
1848 4123 2231 4213 nullis,·aut
