2950 5017
935 400 1142 453 msnn
1188 397 1433 448 saxa-ns
2147 384 2278 474 397

42 525 382 614 ioresque
437 532 666 613 patres
709 521 1270 590 revertivellent.
1301 522 1423 590 His
1454 518 1726 596 favebat
1756 523 2064 604 antistes,
2094 523 2276 592 unde

42 661 411 730 :gensque
468 649 617 705 orta
661 640 1003 706 eontentio
1051 640 1345 706 eruentis
1399 650 1627 728 postea
1669 638 2113 708 seditionibus
2157 637 2279 706 diu

42 757 259 825 trhem
333 739 644 824 afflixit:
686 755 1039 834 Jubilueus
1097 756 1214 823 hio
1286 779 1500 828 annus
1555 768 1733 837 erat,
1786 779 1924 847 quo
1975 757 2282 826 Romana

43 871 287 962 empla
339 871 802 942 visitantibus
847 895 1141 941 errorum
1189 874 1384 940 venia
1428 871 1739 940 dabatur.
1785 870 1921 939 Sed
1964 870 2282 943 Pontifex

42 990 97 1086 ²5¹
145 988 515 1057 Herculis
569 1010 789 1078 preces
841 989 1312 1079 Regiensibus,
1355 990 1473 1078 qui
1534 990 1711 1055 intra
1780 1011 1975 1056 suam
2018 989 2284 1056 -urhem

42 1120 290 1197 >eptem
347 1105 650 1196 templa·
672 1109 752 1175 in
790 1109 1104 1196 rescripto
1149 1108 1495 1175 nominata
1538 1104 1881 1186 adiissent,
1926 1105 2126 1195 plene
2166 1106 2284 1176 de·-

42 1205 188 1290 ieta
232 1226 550 1292 remisit.
593 1221 706 1290 Ad
750 1246 831 1290 ea
877 1234 1071 1291 tanta
1115 1221 1349 1312 populi
1396 1219 1728 1298 confluxit
1765 1221 2163 1303 multitudo,
2200 1234 2285 1289 ut

42 1353 267 1407 euntes
317 1341 454 1409 vix
506 1342 580 1408 in
627 1342 776 1422 viis·
808 1339 936 1407 sibi
994 1338 1224 1407 cedere
1290 1351 1581 1430 possent.
1636 1324 1937 1406 Demum
1982 1362 2143 1407 enm
2184 1362 2287 1409 se—

42 1457 348 1528 eundum
409 1460 695 1526 initam·
731 1481 888 1526 eum
923 1456 1155 1525 *Gallis
1222 1461 1608 1526 societatem
1664 1454 1994 1526 Pontifex
2059 1460 2288 1527 omnia

42 1574 260 1641 Piceni
309 1586 386 1642 et
437 1574 821 1642 Flaminiae
865 1574 1108 1664 oppida
1153 1575 1280 1644 sibi
1326 1573 1660 1660 subijoere
1694 1573 2295 1656 tentaret„Caesar-

47 1689 349 1782 Borgius,
381 1689 708 1762 Arimino
742 1702 1156 1779 expugnate,
1186 1690 1585 1776 Faventiam
1631 1692 2000 1758 exereitum
2047 1689 2288 1773 duxit3

50 1828 181 1894 qno
225 1805 432 1874 Galli
494 1806 589 1873 ab
653 1830 731 1875 eo
794 1809 1061 1885 vocati,
1114 1804 1278 1872 dum
1330 1805 1542 1894 Regio
1598 1817 1983 1886 transeunt,
2025 1817 2290 1894 praeter

59 1921 183 1988 alia
219 1922 677 1991 incommoda
743 1926 951 1989 etiam
1019 1944 1218 1992 omne
1283 1920 1584 1990 libidinis
1645 1944 1852 2011 genus
1913 1922 2287 1989 ediderunt.

64 2035 224 2119 Sed,
264 2049 678 2129 expugnata
737 2038 1104 2119 Faventia,
1161 2037 1325 2106 dum
1394 2037 1527 2106 alia
1587 2042 1867 2106 circiter
1904 2038 2291 2128 quindecim

65 2154 267 2222 millia
315 2178 582 2246 magno
638 2157 888 2223 civium
951 2167 1332 2227 nostrorum
1378 2155 1625 2224 damno
1674 2155 2039 2245 Neapolim
2090 2167 2291 2236 eunt,

69 2270 243 2363 Regii
286 2276 539 2364 ingens
584 2270 1019 2340 terraemotus
1062 2276 1254 2344 nonis
1295 2273 1470 2360 junii
1518 2285 1673 2363 post
1712 2273 2042 2345 decimam
2088 2276 2294 2363 quin-

72 2402 197 2458 tam
242 2392 488 2461 horam
532 2391 754 2482 plures
785 2391 1021 2460 domos
1049 2392 1326 2488 dejecit.⁸
1346 2393 1686 2484 Denique,
1720 2391 2104 2460 Mirandula
2132 2392 2295 2460 sub-

78 2520 241 2590 sota,
282 2509 657 2580 Gallorum
708 2511 972 2598 copiae,
1017 2532 1176 2577 eum
1209 2513 1306 2596 ,in
1368 2512 1582 2580 saneti
1630 2509 1906 2580 Martini
1963 2532 2119 2599 agro
2177 2532 2293 2599 per

83 2621 323 2715 aliquot
367 2626 519 2696 dies
563 2624 976 2707 resedissent,
1022 2647 1136 2716 per
1181 2625 1531 2714 Regienses
1576 2623 2043 2693 Mediolanum
2084 2624 2299 2698 redie-

86 2752 270 2828 runt:
312 2741 430 2809 sed
474 2766 624 2813 non
665 2740 888 2811 multo
937 2754 1090 2831 post
1135 2764 1175 2808 a
1218 2741 1498 2808 Caesare
1558 2739 1828 2829 Borgia,
1872 2742 1995 2831 qui
2034 2739 2297 2809 domita

87 2851 430 2946 Flaminia}
457 2859 840 2928 Bononiam
871 2879 1144 2948 quoque
1170 2856 1555 2926 obsessurus
1598 2866 1775 2936 erat,
1820 2855 1908 2923 ad
1952 2853 2299 2946 expellen-

90 2968 237 3041 dum
276 2970 615 3052 Ioannem
658 2973 1092 3043 Bentivolum
1159 2985 1506 3042 revocatae
1572 2994 1838 3040 rursum
1890 2975 1965 3040 in
1994 2972 2300 3063 Regien-

96 3088 252 3156 sium
293 3080 643 3161 suburbiis
696 3103 1217 3183 pernoctat-unu
1260 3101 1330 3157 et
1375 3088 1492 3156 alii
1539 3100 1882 3180 praeterea
1924 3112 2044 3180 per
2087 3088 2299 3179 pluri-

98 3225 228 3274 mos
274 3206 413 3275 dies
464 3220 925 3289 transeuntes,
981 3232 1116 3276 non
1169 3207 1592 3276 mediocriter
1648 3206 1886 3276 urbem
1939 3218 2295 3294 vexarunt.

98 3314 207 3388 Per
247 3324 510 3393 eosdem
575 3324 719 3393 dies
777 3347 951 3392 uxor
1008 3323 1411 3392 Marohionis
1466 3321 1903 3417 Salassiorum
1920 3372 1943 3405 ,
1984 3346 2172 3414 (quae
2222 3324 2297 3392 in

101 3430 460 3510 Pannoniae
486 3444 658 3533 regis
686 3464 967 3510 uxorem
1003 3441 1087 3508 ad
1119 3439 1339 3511 virum
1372 3454 1645 3514 euntem
1684 3445 2009 3510 comitata
2040 3437 2299 3522 fuerat,

104 3571 248 3622 cum
301 3572 578 3628 eentum
627 3560 1119 3650 quinquaginta
1179 3558 1522 3650 equitibus
1578 3556 1815 3639 rediit,
1860 3569 1931 3625 et
1973 3557 2165 3648 Regii
2209 3557 2299 3624 ad

108 3668 466 3762 episcopum
509 3676 805 3754 divertit.

229 3784 565 3881 Sequente
631 3820 806 3866 anno
851 3796 920 3860 (¹)
961 3792 1352 3885 Alphonsus
1406 3790 1751 3859 Herculis·
1784 3790 2299 3882 primogenitus,

112 3895 402 3976 defuncta
446 3911 643 3982 Anna
687 3912 817 3980 sihi
861 3911 1298 4002 desponsata,
1339 3909 1729 3986 ,Lucretiam
1784 3907 2094 4001 Borgiam
2138 3901 2304 3976 Ale-
2377 3965 2382 3984 ,

180 4131 252 4201 (⁸)
280 4139 445 4202 sinin.
