2950 5017
934 450 1137 497 mnu
1177 451 1481 508 Qun-rus
1662 485 1669 490 .
1811 484 1817 490 -
2169 438 2296 508 231

67 572 435 665 puximos
496 592 806 663 quosque
860 571 1309 656 eadwinum,
1363 559 1594 667 'neque
1654 574 1788 647 hoc
1853 581 2157 647 contenti
2220 592 2306 650 ut

66 688 348 793 βιῷ
389 691 641 780 exequi
684 700 981 780 possent,
1021 689 1190 758 alter
1230 691 1512 759 Parmae
1553 690 2049 762 Praefecturam
2065 740 2088 777 ,
2133 695 2305 766 alter

61 804 486 873 Praeturam
531 828 652 895 per
682 816 904 873 totum
946 829 1216 873 annum·
1246 807 1376 874 sibi
1415 806 1558 874 dari
1601 807 1917 898 postulat.
1964 810 2088 878 His
2128 819 2305 902 'quo-

62 944 208 1013 quc
273 921 792 1013 magistratibus
856 943 1014 990 cum
1080 922 1546 991 ducennarum
1614 923 1939 993 librarum
1983 926 2307 997 Mediola-

61 1039 404 1106 nendum
470 1036 713 1107 salario
778 1039 851 1106 in
917 1036 1213 1129 singulos
1276 1062 1543 1108 menses
1586 1043 1987 1132 impetratis,
2030 1042 2306 1111 tandem

63 1153 417 1224 ducentos
447 1154 697 1223 milites
726 1154 815 1223 ad
843 1157 1131 1245 corporis
1162 1157 1540 1225 custodiam
1573 1158 2062 1238 conduxerunt,
2083 1163 2308 1229 tertio-

65 1294 218 1363 que
265 1268 442 1340 idus
471 1270 784 1340 februarii
829 1271 1155 1341 Sanctum
1202 1274 1601 1342 Donninum
1648 1274 1902 1344 Rosciis
1960 1275 2308 1363 adjudica·

69 1399 278 1469 runt,
333 1400 543 1479 atque
585 1411 815 1457 omnes
857 1387 1160 1479 Guelphi
1227 1391 1521 1471 nominis
1586 1389 1819 1458 exules
1882 1392 1949 1458 in
2019 1393 2308 1482 patriam

77 1505 568 1587 restituendos,
610 1517 679 1572 et
723 1507 1042 1596 utrinque
1085 1519 1314 1597 captos
1350 1507 1785 1577 dimittendos
1828 1531 1972 1576 esse
2015 1530 2310 1598 pronun-

80 1624 388 1691 ciat-unt.
436 1623 610 1690 Lata
652 1629 1017 1705 sententia,
1085 1625 1404 1714 postridie
1468 1627 1877 1716 intempesta
1929 1638 2123 1694 nocte
2166 1626 2313 1693 Gu-

89 1739 378 1808 lielmus
442 1765 600 1808 cum
670 1739 928 1832 familia
978 1742 1264 1833 Regium
1334 1746 1553 1825 venit,
1622 1743 1971 1812 Matthaeo
2036 1767 2311 1835 quoque

91 1858 564 1946 magistratum
635 1856 1008 1946 deponente
1080 1858 1502 1948 Praepositus
1571 1857 1958 1927 Cartharius
2023 1871 2092 1926 et
2166 1850 2310 1949 ipse
2412 1854 2418 1859 ⁴

87 1972 474 2064 Regiensis,
527 1976 648 2064 qui
693 1973 1024 2042 Matthaei
1096 1978 1310 2043 socius
1375 1989 1446 2042 et
1515 1976 1708 2045 miles
1771 1974 1989 2044 fuerat
2011 2029 2032 2059 ,
2080 1990 2313 2068 postca

89 2102 464 2182 utrumque
511 2096 974 2181 magistratum
1028 2096 1263 2183 gessit,
1308 2094 1523 2161 donec
1564 2092 2011 2162 Thomasinus
2064 2093 2312 2163 Pance-

88 2210 222 2275 rins
274 2208 564 2275 Parmae
631 2207 1014 2277 Praefectus
1082 2224 1349 2278 creatus
1414 2208 1585 2278 fuit.
1657 2210 1992 2279 Pendente
2055 2211 2311 2299 judicio

91 2334 390 2391 uccenta
457 2322 669 2391 ferme
737 2327 1025 2393 tentoria
1096 2326 1598 2407 Parmensium,
1672 2328 1792 2418 qui
1860 2326 2050 2395 velut
2112 2327 2312 2395 rebus
2417 2371 2421 2375 ·

89 2442 480 2530 compositis
522 2439 710 2509 nullo
756 2443 826 2508 in
872 2443 1100 2508 castris
1134 2441 1362 2518 relicto
1403 2442 1728 2532 praesidio
1762 2441 2041 2512 domum
2072 2438 2311 2544 reversi

93 2552 396 2637 fuerant,
444 2557 773 2625 hostiliter
803 2557 1065 2648 direpta
1105 2556 1312 2645 fuere.
1361 2560 1627 2627 Interea
1654 2557 1906 2628 Saxolo
1937 2558 2313 2640 Saxolensi,

95 2652 214 2762 qui
255 2674 528 2740 Mutina
575 2698 613 2740 a
658 2674 1049 2762 Chrysulcis
1101 2676 1419 2766 expulsus
1464 2677 1825 2762 Man-majam
1871 2676 2111 2743 contra
2156 2667 2309 2742 Mu-¹

97 2790 380 2858 fiumen
448 2791 835 2871 muniebat,
878 2791 1229 2881 Regienses
1298 2791 1573 2882 publico
1638 2793 1895 2859 decreto
1969 2789 2302 2859 auxilium

103 2903 436 2973 tulerunt.
482 2907 594 2975 Ab
659 2932 738 2974 ea
799 2908 1227 2999 expeditione
1284 2909 1365 2974 ad
1414 2908 1859 2974 Salvaterram
1908 2930 1947 2972 a
1994 2906 2307 2997 Riperio‚

103 3018 219 3086 vel
263 3032 347 3087 ut
389 3021 500 3089 alii
546 3024 886 3104 scribunt,
913 3023 1189 3090 Aurelio
1222 3013 1610 3114 Magretano
1641 3022 1979 3089 detentam
2027 3018 2307 3112 pnofecti

101 3139 611 3205 munitissimam
664 3141 896 3206 turrim
946 3141 1020 3207 vi
1063 3141 1281 3206 arietis
1324 3139 1466 3208 solo
1509 3151 1915 3229 aequarunt,
1958 3152 2047 3205 et.
2070 3137 2317 3205 castel-

99 3248 239 3321 lum
283 3253 488 3321 facile
531 3268 945 3345 receperunt.
991 3255 1130 3324 Vix
1174 3256 1452 3325 domum
1501 3256 1741 3324 reversi
1815 3253 2085 3323 fuerant
2150 3278 2310 3321 cum
2350 3310 2357 3317 .

102 3364 512 3440 factionibus
580 3372 1041 3440 seditiosorum
1093 3375 1320 3462 ingens
1379 3375 1715 3440 excitatus
1776 3369 2112 3439 turnultus
2177 3368 2313 3437 fere

104 3486 339 3556 urbem
387 3486 700 3555 funditus
768 3492 1043 3557 evertit.
1105 3489 1368 3559 Octavo
1433 3492 1617 3557 enim
1687 3487 1997 3556 calendas
2052 3489 2301 3574 junias,

103 3614 238 3672 orta
314 3608 388 3673 in
456 3586 795 3673 suburbiis
840 3604 930 3674 ob
977 3610 1286 3698 antiquas
1329 3605 1652 3675 factiones
1694 3608 1876 3686 rixa,
1921 3603 2308 3672 Gulielmus

105 3716 382 3789 Albi-ico
444 3744 487 3787 a
551 3720 784 3791 Sessiis
825 3724 1081 3791 occisus
1148 3734 1218 3790 et
1283 3745 1447 3791 saxo
1514 3722 1876 3791 canussius
1921 3718 2311 3787 vulneratus

106 3830 252 3904 fnit.
303 3837 567 3927 Burgus
612 3860 844 3907 corum
892 3851 1177 3929 agnatus
1221 3837 1387 3929 fuga
1431 3837 1695 3929 elapsus
1735 3840 1951 3906 vitam
1996 3836 2309 3904 servavit.

109 3946 274 4019 Eam
321 3954 416 4022 ob
460 3977 729 4022 causam
777 3955 1085 4024 canussii
1154 3958 1428 4049 arreptis
1497 3955 1700 4022 armis
1740 3976 1896 4022 cum
1943 3951 2310 4032 Folleanis,

110 4064 512 4152 Hanfredis,
553 4083 626 4138 et
669 4071 981 4141 Robertis
1022 4072 1110 4140 ad
1153 4071 1520 4141 Sessiorum
1564 4070 1760 4139 aedes
1803 4079 2152 4160 acceptam
2208 4069 2313 4135 in-

115 4180 347 4267 iuriam
381 4186 594 4257 ulturi
637 4188 1080 4260 contendunt.
1111 4187 1407 4260 Caetcris
1436 4186 1739 4279 dilapsis,
1769 4184 1988 4256 solum
2019 4181 2315 4253 Sestium
