2950 5017
939 377 1141 469 mama
1183 421 1475 479 ommes
2172 405 2295 472 381

52 545 164 612 ibi
211 566 568 634 prospere
611 542 963 611 succedere
1007 523 1216 627 videt,
1243 547 1316 612 in
1348 542 1661 614 hostilem
1706 542 1983 614 classem
2017 542 2103 611 ad
2131 542 2307 614 Bon-

52 661 310 728 ienum
367 661 646 728 victore
711 682 871 727 oum
941 665 1239 729 exercitu
1279 664 1614 751 impetum
1662 659 1846 742 facit,
1891 673 2303 751 cruentaque

52 799 281 867 pugna
329 775 666 844 ducentis
709 778 994 866 navigiis
1045 799 1206 844 cum
1247 777 1624 854 justiniano
1696 773 2028 867 praefecto
2093 779 2306 866 captis

52 893 257 962 sliam
289 894 682 962 victoriam
712 891 1101 983 reportavit.
1133 892 1282 964 Neo
1310 893 1533 961 multo
1563 907 1714 984 post
1742 896 2074 961 onerarias
2103 915 2307 962 naves

52 1014 614 1102 quinquaginta·
652 1010 784 1078 snb
847 1008 1052 1077 finem
1121 1010 1505 1080 novembris
1554 1012 1943 1102 intercepit,
1987 1031 2066 1078 ae
2110 1010 2308 1080 velut

52 1127 240 1198 bello
269 1128 431 1215 jam
469 1124 785 1197 confecto
814 1126 1215 1197 Cremonam
1246 1151 1316 1197 se
1345 1127 1659 1197 contulit.
1705 1128 1813 1196 lbi
1859 1140 2309 1198 trecentorum

52 1247 380 1335 equitum
433 1242 562 1312 ala
614 1255 688 1311 et
741 1246 1263 1335 quingentorum
1309 1245 1619 1335 peditum
1664 1267 1874 1316 manu
1919 1257 2209 1338 accepta·
2233 1246 2307 1314 in

56 1361 521 1452 Bergomates
567 1383 921 1430 conversus
968 1364 1094 1429 tria
1139 1362 1386 1453 oppida
1429 1361 1705 1431 Venetis
1757 1363 2026 1452 eripuit.
2072 1360 2311 1432 Sixtus

57 1474 383 1547 Pontifex
436 1476 540 1544 ad
582 1500 737 1582 eam
779 1477 1273 1568 expeditionem
1303 1477 1683 1552 obeundam
1717 1480 1847 1546 tria
1876 1476 2095 1545 millia
2118 1479 2314 1569 eqni-

65 1607 211 1662 tum
255 1596 508 1675 misit,
556 1597 679 1685 qui
732 1594 861 1662 sub
902 1595 1162 1673 Joanne
1207 1594 1573 1663 Tolentino
1614 1595 1826 1686 Regio
1886 1597 2306 1666 transierunt.

70 1709 320 1780 Decem
371 1734 627 1780 currus
670 1710 952 1802 pulvere
983 1714 1411 1782 tormentatio
1442 1716 1667 1781 onusti
1703 1714 1909 1803 copiis
1938 1713 2314 1781 Ariminen-

74 1828 249 1896 sibus
302 1830 814 1899 comitantibus
868 1828 1157 1919 Regium
1224 1829 1411 1897 ducti
1481 1833 1553 1898 in
1626 1830 1978 1899 Brixianos
2042 1828 2316 1900 deducti

79 1941 277 2014 fuere.
324 1946 670 2018 Hercules
713 1969 1094 2038 prosperam
1137 1943 1481 2016 fortunam
1529 1960 1795 2016 secutus
1838 1957 2002 2015 eum
2050 1970 2312 2029 eorum,

83 2066 654 2153 quae-amiserat,
671 2107 676 2116 -
696 2087 1009 2155 magnam
1055 2076 1319 2154 partem
1348 2068 1725 2156 recepisset,
1752 2077 2011 2156 septem
2039 2088 2315 2157 quoque

88 2202 283 2250 naves
321 2180 757 2251 Venetorum
803 2184 1156 2263 onerarias,
1179 2182 1454 2272 ‘quihus
1499 2206 1686 2250 arma
1716 2183 2015 2252 Brixiam
2056 2182 2144 2250 ad
2180 2182 2318 2253 Ro-

88 2294 347 2366 bertum
377 2296 913 2370 Sanseverinnm
942 2298 1266 2369 Ravenna
1313 2301 1961 2381 transmittebantur,
1992 2322 2151 2368 eum
2185 2299 2317 2368 du-

93 2417 290 2483 centis
336 2416 692 2506 peditibus
737 2419 938 2507 cepit.
980 2417 1130 2484 Nec
1155 2417 1373 2486 multo
1399 2430 1558 2508 *post
1588 2418 1923 2489 Thomam
1956 2419 2046 2486 ab
2073 2417 2316 2500 Imola,

99 2534 207 2621 qui
236 2531 607 2604 stellatam
653 2557 811 2601 eum
858 2535 962 2603 his
1007 2535 1197 2603 mille
1241 2550 1311 2604 et
1356 2539 1691 2612 sexcentis
1732 2537 2077 2627 equitibus
2121 2558 2318 2603 occu·

99 2663 362 2736 paverat
383 2703 404 2734 ,
473 2653 629 2743 pari
695 2649 971 2721 fortuna
1027 2655 1410 2722 trucidavit.
1457 2654 1752 2720 Tantam
1821 2675 1976 2721 vero
2042 2651 2127 2718 de
2184 2650 2318 2719 hac

105 2763 329 2856 insigni
372 2770 667 2838 victoria
710 2766 1044 2837 laetitiam
1089 2773 1431 2860 concepit,
1474 2783 1556 2837 ut
1600 2782 1752 2838 octo
1796 2767 2123 2859 exemplis
2165 2766 2320 2835 Lite-

108 2902 200 2949 ras
237 2884 322 2951 ad
363 2885 674 2954 Paulum
721 2886 1098 2956 Antonium
1149 2887 1468 2956 Trottum
1515 2888 1705 2977 Regii
1760 2886 2175 2978 praefectum
2218 2888 2320 2955 in-

110 3000 395 3070 credibili
449 3002 808 3072 celeritate
854 3005 1149 3073 dederit.
1191 3005 1519 3074 Ceterum
1580 3029 1735 3074 eum
1784 3007 2188 3076 Ambrosina
2229 3004 2318 3073 ad

116 3109 382 3185 Turrem
415 3119 678 3188 claram
708 3118 1138 3212 confugisset,
1159 3122 1546 3192 Ludoviens
1570 3120 1817 3191 Sfortia
1839 3121 2141 3190 Felinam
2162 3144 2320 3213 cap·

117 3238 246 3298 tam
285 3241 559 3305 munire
587 3241 793 3329 cepit,
822 3235 1056 3330 ibique
1085 3242 1432 3308 inventam
1470 3238 1683 3307 filiam
1730 3238 2034 3308 nubifem
2079 3239 2321 3308 huma·

117 3348 273 3416 niter
313 3357 525 3421 matri
567 3358 850 3438 remisit,
895 3370 966 3424 et
1008 3359 1182 3424 intra
1226 3380 1474 3448 paucos
1521 3354 1665 3437 dies
1709 3380 1867 3424 cum
1912 3359 2143 3424 ceteris
2186 3356 2322 3426 Ro-

123 3466 390 3538 sciorum
443 3473 711 3564 oppidis
764 3478 966 3542 etiam
1015 3474 1539 3545 Turrimelaram
1586 3487 1656 3542 et
1699 3474 2161 3566 Besganovum
2207 3497 2326 3542 ex·-

124 3592 453 3675 pugnavit.
502 3591 759 3662 Contra
803 3591 1031 3681 Guido
1074 3593 1427 3664 Taurellus
1472 3594 1968 3663 Protonotarius
2009 3591 2323 3661 Pratone-

128 3699 278 3768 fiam
317 3706 553 3778 villam
586 3709 820 3778 multis
849 3712 1059 3801 captis
1087 3710 1533 3802 depopulatus
1579 3711 1902 3791 incendit,
1932 3732 2011 3777 ac
2040 3709 2321 3778 domum

128 3835 397 3892 reversus
442 3815 681 3918 viginti
725 3826 1249 3909 Monticulanos‚
1313 3830 1435 3917 qui
1504 3827 1793 3895 hominis
1859 3825 2323 3895 crudelitatem

132 3939 295 4002 exosi
346 3941 418 4009 in
488 3966 646 4011 eum
700 3946 1249 4032 conjuraverant,
1294 3947 1366 4012 in
1411 3943 1686 4021 vincula
1742 3945 2052 4031 conjecit.
2084 3943 2324 4011 Ceteri

139 4052 244 4135 qui
280 4055 350 4123 id
391 4056 648 4130 factum
688 4084 880 4153 aegre
909 4060 1241 4143 ferebant,
1273 4075 1549 4132 auctore
1581 4063 1810 4154 oppidi
1841 4059 2325 4139 Archissamine

137 4183 280 4239 mm
339 4173 572 4263 fratre,
639 4204 864 4252 rursus
908 4184 979 4250 in
1023 4180 1425 4251 'Tautellum
1472 4184 1875 4273 conspirant.
1921 4180 2023 4249 Re
2066 4203 2182 4272 per
2223 4181 2324 4248 in·
