2950 5017
179 474 192 487 ι
919 415 1118 461 mm
1160 412 1457 469 omarus
1751 393 1756 397 ’
2140 395 2269 465 265

61 538 208 624 jun
270 533 520 602 hieme
585 554 746 601 curn
809 532 982 600 nihil
1047 531 1442 629 proficerent
1507 554 1580 600 re
1640 529 1892 600 infecta
1956 532 2270 622 utrinque

57 650 354 741 direptis
410 649 645 718 vicinis
708 647 987 737 praediis
1030 647 1116 714 ad
1159 670 1312 715 suas
1349 648 1545 714 aedes
1586 660 1747 716 sunt
1784 651 2046 715 reversi.
2093 648 2272 715 Inter

59 765 499 835 meandum
544 764 927 831 Par-mensos
971 774 1193 832 totum
1239 763 1756 852 Corrigiensium
1823 787 2052 853 agrurn
2119 765 2274 835 diri·

59 893 403 972 puerunt.
448 879 657 967 Regii
696 900 855 946 vero
897 881 1204 946 antistite
1233 878 1543 946 Guidons
1584 902 1631 944 a
1670 879 1910 949 Baisio
1953 903 1999 946 a
2046 882 2272 968 legato

61 998 456 1084 Pomficis
503 995 849 1063 Sirmiensi
860 1043 890 1080 ,
951 997 1094 1062 vel·
1128 1007 1205 1062 ut
1271 997 1395 1063 alii
1460 995 1758 1063 scribunt
1800 996 2275 1065 Concor-diensi

63 1117 414 1203 episcopo
463 1111 669 1202 facto
677 1159 706 1196 ,
745 1116 814 1179 ei
856 1110 1082 1179 Guido
1124 1110 1461 1181 Robertus
1494 1170 1497 1173 .
1527 1111 1852 1202 suffectus
1893 1111 2045 1201 fuit
2053 1161 2081 1196 ,
2125 1116 2275 1201 qui,

63 1240 410 1318 sequente
455 1248 633 1295 anno
662 1225 1244 1316 Archispiscopus-.
1258 1225 1627 1295 Ravennae
1669 1229 2071 1310 declaratus,
2102 1228 2277 1295 Bar·

70 1346 530 1414 tholomaeum
557 1343 1073 1433 Eporediensem
1100 1365 1545 1411 successorem
1586 1343 1842 1411 babuit.
1888 1342 2034 1410 Etsi
2077 1343 2274 1411 liber-

73 1463 232 1529 min
274 1483 534 1529 nomen
578 1457 952 1548 respublica
1006 1472 1290 1539 teneret,
1333 1462 1687 1547 impotenti
1741 1471 1965 1526 tamen
2022 1458 2278 1526 Follea-

79 1599 355 1655 norum,
405 1587 479 1642 et
522 1572 1017 1669 Manfredorum
1062 1577 1336 1663 imperio
1403 1577 1628 1642 omnia
1695 1575 2274 1664 gubernabantur:

87 1702 156 1757 et
193 1713 353 1759 cum
399 1688 493 1756 de
535 1688 826 1757 ineunda
867 1712 1024 1755 cum
1083 1688 1395 1759 exulibus
1448 1713 1610 1779 pace
1653 1688 1942 1757 Giliolus
1985 1688 2276 1758 'Paculus

90 1807 291 1873 verba
330 1802 637 1886 fecisset,
663 1805 855 1873 velut
882 1808 1126 1873 crimen
1157 1803 1371 1873 laesae
1403 1805 1770 1891 majestatis
1813 1808 2277 1886 commisisset,

101 1920 352 1989 decimo
395 1932 594 1990 sexto
636 1919 940 1988 calendas
971 1921 1344 1989 novembris
1386 1924 1458 1988 in
1504 1921 1877 1990 custodiam
1906 1919 2276 1989 deducitur.

94 2036 376 2119 lauanti,
405 2037 594 2129 quo'd
633 2060 790 2105 cum
835 2038 1138 2106 hostibus
1182 2040 1631 2127 conspirasset,
1661 2038 2132 2124 objiciebat-,un
2162 2036 2279 2105 sed

101 2153 182 2219 do
206 2153 313 2223 his
345 2167 617 2222 tantum
647 2154 1030 2224 revocandis
1061 2158 1335 2245 agitasse
1359 2155 1796 2246 deprehensus
1824 2168 2061 2245 quater
2093 2153 2278 2221 mille

96 2268 276 2338 libris
317 2269 762 2359 Regiensibus
805 2270 1171 2338 mulctat-us
1212 2270 1596 2337 dimittitur.
1665 2269 1832 2357 Ejus
1890 2272 2277 2360 propinqui,

99 2407 178 2451 ne
215 2387 539 2473 injuriam
593 2389 847 2476 optimo
909 2390 1040 2454 civi
1098 2386 1354 2454 illatam
1413 2386 1643 2454 ulcisci
1703 2398 1999 2476 possent,
2041 2410 2082 2453 a
2125 2385 2281 2454 Fol-

100 2496 292 2567 leanis
356 2512 432 2567 et
501 2497 866 2569 manfredis
931 2500 1280 2569 Mantuam
1353 2515 1513 2569 sunt
1583 2484 1855 2590 relegati
1876 2551 1893 2568 .
1955 2503 2108 2585 Quo
2172 2501 2278 2567 die

103 2612 373 2684 Giliolus
420 2627 658 2705 captus
699 2629 799 2684 est
844 2615 1148 2685 adversae
1202 2616 1509 2686 factionis
1554 2617 1856 2689 Folleani
1898 2616 2281 2684 Gulielmus

105 2725 514 2822 simonisque
553 2727 859 2799 defuncti
902 2732 1131 2812 liberi,
1176 2732 1371 2820 plebe
1414 2731 1662 2800 'I'oanis
1731 2755 1889 2798 cum
1958 2731 2280 2820 praesidio

107 2857 323 2934 capta,
388 2847 745 2915 castellum
814 2871 1085 2938 quoque
1142 2848 1440 2916 Daldum
1503 2872 1544 2915 a
1609 2847 1901 2916 Guideto
1966 2847 2281 2916 Folleano

110 2956 443 3030 detentum
491 2974 933 3052 occuparunt.
978 2962 1278 3031 Mar-chio
1332 2984 1600 3052 quoque
1656 2962 2024 3051 Malaspina
2067 2962 2282 3031 Bona-

111 3078 328 3159 mrsio,
367 3092 446 3145 et
489 3078 839 3147 Baccarino
883 3077 968 3144 de
1011 3077 1216 3145 Dallo
1258 3079 1495 3157 caesis,
1545 3078 1726 3167 quod
1772 3078 2162 3145 Marcellum
2208 3082 2279 3147 vi

109 3192 507 3275 cecidissent,
549 3194 934 3263 Cumanum
999 3206 1071 3261 et
1137 3193 1699 3264 Stardestarolum
1766 3218 1999 3265 eorum
2067 3208 2280 3264 castra

113 3308 351 3379 invasit.

221 3425 298 3495 ln
340 3427 474 3497 hoc
515 3440 700 3496 statu
745 3429 927 3495 urbis
968 3440 1224 3497 nostrae
1270 3430 1467 3497 rebus
1512 3433 1921 3510 constitutis,
1965 3432 2279 3498 Boemise

111 3550 170 3603 et
203 3538 572 3611 Sarmatiae
613 3568 731 3611 rex
770 3546 1056 3620 Ioannes
1100 3545 1366 3613 Henrici
1410 3546 1542 3614 VII
1588 3549 2015 3636 imperatoris
2065 3545 2281 3627 filius,

115 3662 174 3717 et
207 3654 426 3729 Caroli
466 3659 566 3727 IV
606 3671 794 3748 pater
824 3660 1440 3752 Lucemburgensis,
1486 3673 1565 3728 ut
1609 3661 2120 3750 Longobardiae
2164 3683 2284 3727 rex
2427 3708 2436 3718 -

115 3784 460 3854 ametur,
501 3773 772 3842 Italiam
830 3797 986 3841 cum
1053 3774 1274 3844 valido
1317 3778 1620 3843 exercitu
1665 3780 1852 3843 venit
1871 3826 1890 3856 ,
1930 3787 2000 3842 et
2043 3797 2281 3864 quam·

121 3880 316 3966 plnres
355 3887 623 3957 Galliae
668 3889 1048 3980 Cisalpinae
1114 3893 1424 3959 civitates
1469 3892 1706 3961 ditioni
1766 3914 1924 3958 suae
1975 3891 2280 3977 subjecit.

121 3992 275 4065 Eum
313 4003 505 4071 velut
558 4007 734 4074 inter
773 4005 1123 4097 Guelpbos
1164 4018 1232 4075 et
1274 4005 1649 4101 Gibellinos
1713 4006 2009 4075 medium
2081 4009 2305 4097 primi‘

122 4104 422 4202 Brixiam,
464 4119 698 4191 deindo
747 4121 1166 4214 Bergomates
1222 4136 1657 4214 receperunt3
1703 4145 1866 4193 mox
1919 4121 2094 4191 aliae
2139 4142 2276 4189 cer·-
