2950 5017
744 399 831 478 74
1465 391 1706 455 nuuu'
1749 409 2164 456 ateramum

735 532 1069 622 posteriori
1112 540 1402 620 tempore
1447 542 1777 619 parerent,
1820 534 2030 620 primo
2059 533 2398 620 Aripertus
2429 531 2897 621 Langobar&

733 670 881 714 rum
926 671 1077 729 rex,
1105 646 1335 713 deinde
1365 646 1638 736 Pipinus
1657 697 1678 727 ,
1707 658 1775 713 et
1803 657 2127 736 postremo
2148 647 2424 715 Carolus
2449 661 2897 738 cognoment

729 763 1009 853 Magnus
1050 766 1290 830 iterum
1331 763 1459 830 sub
1510 762 1618 850 jus
1663 762 2057 830 Ravennatis
2109 762 2431 853 pontificis
2472 780 2897 834 revocatum

730 876 843 944 Ob
909 879 980 945 id
1042 878 1439 948 diversarum
1500 880 1980 968 provinciarum
2026 879 2303 968 Regium
2370 891 2439 945 et
2495 879 2897 949 Cremonam

727 990 927 1060 fuisse
967 1017 1096 1062 non
1140 993 1415 1062 obscuro
1458 1017 1666 1062 errore
1708 992 1915 1083 aliqui
1960 995 2166 1059 etiam
2209 992 2488 1061 celebres
2516 997 2640 1062 viri
2680 996 2899 1063 credi

727 1107 990 1175 derunt.
1020 1107 1219 1176 Anno
1246 1122 1602 1197 antequam
1647 1108 1812 1176 haec
1841 1108 2114 1195 fierent,
2151 1107 2274 1174 sub
2302 1107 2513 1177 Xisto
2544 1109 2683 1177 III
2723 1109 2899 1179 Con

728 1224 953 1290 cilium
999 1225 1306 1312 generale
1359 1223 1753 1291 celebratum
1788 1222 2017 1311 fuisse
2065 1228 2324 1291 invenio
2341 1272 2360 1290 .
2402 1224 2551 1306 Quo
2596 1238 2733 1291 tem
2740 1249 2899 1315 por«

725 1335 907 1405 Atila
948 1360 1178 1427 genere
1218 1336 1474 1427 Scytha
1517 1338 1795 1429 superbo
1856 1337 2053 1406 titulo
2111 1336 2445 1427 flagellum
2487 1339 2613 1406 Dei
2656 1362 2736 1407 se
2781 1363 2899 1409 vo

722 1476 899 1535 cans,
927 1452 1159 1520 Bdella
1201 1456 1446 1522 seniore
1492 1452 1689 1521 fratre
1737 1454 1970 1541 ejecto,
2014 1453 2193 1522 solus
2236 1478 2459 1522 eorum
2504 1453 2901 1543 Scytarum*

721 1593 888 1660 quos
917 1571 1194 1640 Hunnos
1221 1584 1499 1652 vocant,
1539 1572 1884 1661 imperium
1934 1573 2183 1638 tenuit:
2231 1584 2436 1661 atque
2479 1571 2704 1640 hostili
2752 1577 2901 1639 ani-

721 1709 832 1755 mo
875 1686 1138 1754 Italiam
1180 1689 1536 1777 ingressus,
1577 1685 1917 1777 Aquileia,
1967 1685 2308 1767 Vicentia,
2350 1686 2606 1767 Brixia,
2650 1687 2901 1778 Bergo-

720 1824 857 1882 mo,
885 1802 1283 1884 Mediolano,
1312 1802 1588 1893 aliisque
1628 1806 1698 1870 in
1743 1813 1960 1870 nostra
2004 1804 2262 1890 regione
2300 1803 2677 1870 civitatibus
2712 1827 2901 1893 quae

722 1916 970 1983 Ariana
1011 1929 1187 1984 secta
1228 1916 1510 1985 infectae
1552 1929 1737 1984 erant
1777 1919 2042 1996 eversis,
2088 1919 2298 1983 etiam
2325 1916 2682 1985 Bononiam
2729 1919 2901 1984 diri-

718 2033 897 2119 puit.
942 2032 1271 2100 Nonnulli
1330 2058 1484 2100 eum
1544 2056 1808 2123 quoque
1849 2032 2132 2121 Regium
2190 2035 2553 2122 pervenisse
2603 2046 2897 2123 putant,

718 2145 837 2214 sed
893 2147 1082 2222 nulla
1132 2149 1216 2215 de
1270 2148 1430 2230 hoc,
1480 2172 1683 2238 quam
1746 2149 2051 2228 viderim,
2104 2160 2290 2215 extat
2359 2150 2746 2216 auctoritas.
2817 2149 2890 2216 Is

713 2261 947 2330 deinde
986 2263 1235 2332 infestis
1279 2268 1474 2355 signis
1517 2264 1799 2333 Romam
1851 2268 2093 2346 iturus,
2146 2264 2229 2330 ad
2272 2265 2502 2331 Mincii
2543 2267 2799 2333 ostium
2844 2290 2889 2331 a

716 2379 934 2449 Leone
974 2380 1295 2450 Pontifice
1336 2383 1663 2464 Maximo,
1706 2382 1811 2449 vel
1859 2385 2053 2449 minis
2095 2380 2203 2450 vel
2254 2380 2553 2471 precibus
2594 2380 2892 2449 inPan-

721 2500 991 2565 noniam
1051 2501 1286 2566 reverti
1339 2499 1724 2587 compulsus¹
1776 2510 1904 2565 est.
1953 2498 2053 2566 Eo
2095 2500 2271 2565 enim
2318 2497 2666 2587 loquente,
2705 2498 2885 2567 duos

716 2620 889 2685 viros
931 2615 1197 2702 ensibus
1238 2617 1480 2681 strictis
1522 2613 1832 2694 Barbare,
1876 2619 1944 2681 ni
1992 2612 2470 2693 retrocederet,
2489 2615 2881 2682 minitantes

714 2734 884 2800 visos
927 2729 1126 2798 fuisse
1170 2729 1426 2811 ferunt,
1467 2743 1538 2797 et
1582 2754 1738 2797 eum
1782 2729 1957 2797 ultra
2013 2729 2188 2819 alpes
2241 2729 2449 2797 redire
2492 2742 2877 2818 coegerunt.

713 2849 804 2915 Hi
847 2848 1075 2915 Petrus
1116 2858 1188 2914 et
1233 2846 1476 2914 Paulus
1521 2845 1823 2937 Apostoli
1868 2845 2070 2913 fuisse
2114 2845 2563 2913 credebantur.
2609 2844 2876 2912 Interea

713 2962 1084 3056 Maximus,
1150 2962 1428 3030 Maximi
1498 2965 1757 3052 tyranni
1802 2986 2000 3052 nepos
2025 3011 2044 3042 ,
2088 2960 2559 3030 Valentiniano
2624 2963 2880 3043 occiso,

714 3079 1154 3169 Eudoxiaque
1182 3079 1324 3165 ejus
1351 3103 1562 3147 uxore
1591 3081 1714 3146 sibi
1752 3082 2124 3159 coniuncta,
2146 3079 2489 3167 Hesperiae
2517 3078 2877 3166 imperium

712 3197 1082 3282 occupavit.
1113 3193 1414 3280 Augusta
1444 3195 1685 3258 attritis
1715 3190 2005 3258 Orientis
2049 3192 2296 3280 opibus.
2324 3191 2584 3259 nullum
2616 3216 2658 3259 a
2689 3204 2877 3283 patre

712 3307 1039 3375 auxilium
1103 3329 1400 3394 sperans,
1460 3305 1888 3372 Gensericum
1941 3304 2391 3374 vandalorum
2457 3328 2675 3395 regem
2693 3356 2713 3387 ,
2756 3309 2877 3396 qui

713 3423 998 3512 Libyam
1041 3425 1399 3502 invaserat,
1445 3422 1527 3488 ad
1576 3420 1978 3488 liberandam
2046 3421 2133 3487 ab
2198 3424 2543 3512 impotenti
2591 3435 2876 3511 tyranno

710 3537 981 3605 Italiam
1021 3548 1246 3606 vocat.
1297 3537 1361 3603 Is
1404 3536 1689 3604 Romam
1733 3538 2026 3618 veniens,
2055 3536 2349 3606 Maximo
2395 3540 2631 3617 occiso,
2676 3551 2878 3627 atque

713 3654 878 3721 urbe
922 3678 1082 3723 auro
1124 3656 1530 3745 gemmisque
1573 3652 1874 3743 spoliata,
1920 3666 1988 3720 et
2034 3653 2429 3743 templorum
2472 3658 2874 3721 ornamentis

712 3770 973 3851 ablatis,
1019 3773 1220 3838 etiam
1267 3793 1453 3850 vasa,
1495 3794 1669 3860 quae
1714 3769 1908 3837 Titus,
1936 3771 2406 3859 Vespasianus,
2448 3771 2655 3859 captis
2700 3770 2876 3860 Hye-

711 3886 1063 3969 rosolimis,
1092 3887 1372 3954 Romam
1404 3886 1755 3971 detulerat,
1796 3912 1951 3955 cnm
1996 3887 2336 3968 Eudoxia,
2379 3899 2447 3952 et
2491 3883 2759 3955 filiabus
2800 3888 2869 3953 in

708 3999 1000 4070 Africam
1048 4004 1538 4093 transportavit.
