2950 5017
629 400 760 487 348
1367 416 1608 465 annun
1649 416 2076 466 ateramum

626 541 790 610 dens
830 540 1007 609 inter
1050 535 1434 608 Gnidonem
1483 537 1879 608 Taurellnm
1925 551 1995 607 et
2038 541 2528 609 Antonaccium
2574 539 2879 633 Aquila·

625 679 796 727 num
841 655 1101 726 medius
1145 658 1351 728 venit.
1397 658 1744 725 Atestinus
1786 668 1857 724 et
1900 659 2041 747 ipse
2085 669 2166 724 ut
2211 669 2645 729 convenerat
2688 670 2875 728 utro-
2912 737 2913 742 ἵ

626 797 763 867 que
803 772 1179 844 Attendulo
1243 775 1611 842 comitante
1678 770 1897 842 affuit.
1943 772 2243 841 Michael
2309 777 2428 864 qui
2499 787 2869 866 acceptam

627 903 827 960 antea
871 891 1152 959 Parmae
1195 889 1515 977 injuriam
1559 889 1793 959 ulcisci
1841 889 2138 973 volebat,
2184 915 2255 958 re
2298 893 2485 981 prius
2526 914 2709 959 cum
2762 915 2870 961 co·

628 1015 832 1099 gnato
861 1009 1356 1078 communicata
1382 1006 1708 1078 Sfortiam
1754 1006 1966 1077 nobili
2013 1031 2190 1099 equo
2236 1020 2510 1076 vectum
2560 1008 2668 1076 ad
2714 1032 2871 1100 cap-
2914 1087 2915 1090 Ἴ

626 1123 905 1194 tandam
958 1123 1280 1217 gerendae
1323 1127 1420 1194 rei
1466 1127 1879 1195 occasionem
1931 1147 2047 1215 per
2115 1137 2514 1222 transversos
2573 1148 2859 1217 campos

627 1254 821 1310 extra
868 1240 1154 1312 aliorum
1198 1264 1559 1310 numerum
1602 1265 1740 1311 non
1783 1244 1925 1310 sine
1967 1244 2414 1332 spectantium
2473 1245 2865 1333 suspicione

626 1359 726 1426 ire
768 1357 993 1445 jubet.
1052 1356 1164 1424 Illi
1210 1354 1385 1427 forte
1429 1359 1559 1426 sub
1604 1359 1838 1425 tunica
1882 1354 2150 1447 fulgens
2197 1357 2441 1427 thorax
2502 1359 2866 1448 apparuit,
2916 1403 2917 1416 2

627 1486 702 1542 et
745 1485 1195 1565 conquerente
1238 1473 1465 1543 Tertio
1493 1525 1514 1556 ,
1573 1474 1760 1566 quod
1792 1472 2009 1542 velut
2072 1473 2295 1543 hostes
2346 1476 2747 1555 venissent3
2802 1474 2867 1541 id

627 1614 749 1683 pro
795 1591 1076 1660 militari
1118 1590 1598 1662 consuetudine
1640 1590 1903 1659 factum
1951 1589 2153 1660 fuisse
2194 1590 2520 1660 Nicolaus
2573 1615 2867 1660 excusa-

627 1712 752 1779 vit.
797 1711 949 1788 Jam
996 1713 1177 1802 pacis
1207 1711 1616 1781 conditiones
1645 1709 2064 1792 dicebantur,
2095 1733 2251 1777 cum
2284 1707 2863 1792 Sfortiaveritns,
2918 1773 2919 1820 i

583 1859 592 1869 ·
625 1849 716 1898 ne
758 1827 1056 1896 Michael
1098 1852 1141 1896 a
1183 1828 1512 1920 patrando
1555 1825 1849 1896 facinore
1903 1829 2143 1895 timore
2197 1831 2585 1916 perterritus
2648 1838 2865 1894 retar-
2918 1859 2919 1878 1

627 1943 937 2028 daretur,
1003 1947 1232 2015 stricto
1298 1946 1525 2037 gladio
1544 1997 1564 2027 ‚
1608 1944 2113 2035 calcaribusque
2166 1942 2514 2013 stimulato
2557 1944 2863 2035 quadru-

515 2151 519 2158 ἡ
626 2060 820 2151 pede,
850 2074 1045 2131 tanto
1087 2065 1350 2152 impetu
1379 2059 1792 2130 inTertium
1838 2065 2059 2143 irruit,
2091 2074 2172 2127 ut
2204 2059 2652 2129 transfossum
2702 2085 2857 2129 cum
2920 2133 2921 2154 χ

627 2201 805 2269 equo
851 2179 938 2245 ad
986 2191 1227 2247 terram
1272 2181 1726 2270 prostraverit.
1774 2178 1956 2247 Tum
1986 2178 2279 2248 Michael
2324 2190 2516 2247 vasto
2562 2178 2853 2247 vulnere
2920 2191 2921 2210 ¹

626 2293 819 2362 illato
857 2294 1105 2381 jacenti
1135 2307 1343 2386 caput
1371 2295 1659 2386 divisite.
1673 2298 1795 2386 qui
1838 2300 1911 2363 in
1952 2293 2207 2362 insidiis
2250 2293 2556 2361 latebant
2602 2294 2698 2361 ad
2745 2306 2853 2361 tu-

626 2410 928 2478 multum
973 2425 1294 2481 exeuntes
1335 2413 1374 2492 J
1378 2415 1668 2482 acobum
1714 2412 2066 2482 Othoboni
2112 2409 2409 2493 fratrem,
2455 2409 2853 2481 Guidonem

626 2526 1023 2596 Taurellum
1069 2531 1173 2618 (is
1223 2530 1511 2599 Mantua
1569 2530 1891 2600 oriundus
1944 2527 2404 2598 Guardastalli
2453 2528 2853 2620 Montisque

626 2644 949 2715 Clariculi
994 2647 1302 2717 dominus
1364 2649 1563 2738 erat)
1608 2650 2045 2717 Franciscum
2092 2671 2132 2714 a
2176 2646 2428 2715 Saxolo
2446 2697 2467 2728 ,
2513 2658 2582 2713 et
2627 2648 2853 2717 Anto-

624 2767 963 2847 naccium,
995 2764 1293 2857 aliosque
1326 2765 1710 2834 Tertiorum
1749 2767 2022 2835 comites
2051 2767 2236 2833 vivos
2264 2776 2601 2855 ceperunt.
2656 2763 2854 2833 Tau-

626 2879 831 2947 tellus
877 2895 1104 2972 postea
1149 2883 1276 2951 hac
1317 2881 1469 2973 lege
1497 2882 1830 2951 'dimissus
1874 2879 1957 2948 ut
2000 2881 2305 2949 Atestino
2364 2880 2723 2962 militaret,
2776 2894 2851 2949 et

625 2996 999 3066 Manilium
1045 3012 1331 3089 patrem,
1361 3012 1431 3067 et
1460 2998 1719 3082 filium,
1750 3011 1820 3067 et
1852 3022 2133 3068 uxorem
2177 3021 2297 3088 pro
2342 2995 2474 3065 fide
2515 2998 2843 3070 servanda

626 3115 888 3184 obsides
930 3117 1140 3184 dedit.
1185 3118 1375 3187 Uxor
1417 3118 1663 3188 Ursina
1706 3118 2104 3199 vocabatur,
2149 3139 2327 3206 quae
2374 3116 2650 3183 absente
2692 3119 2839 3187 viro

629 3230 1184 3300 Guardastallum
1251 3239 1625 3325 oppugnari
1674 3247 2014 3326 *coeptum
2081 3236 2281 3301 armis
2337 3232 2609 3313 induta,
2660 3232 2831 3302 virili

629 3352 887 3430 animo,
923 3350 1166 3420 multis
1210 3351 1516 3421 hostium
1555 3376 1764 3422 manu
1824 3377 1948 3420 sua
2015 3351 2273 3433 occisis,
2319 3353 2576 3442 egregie
2616 3348 2834 3418 defen-
2877 3329 2889 3340 ⁶

628 3465 730 3532 dit
758 3467 857 3535 (¹).
898 3466 1158 3535 Rustici
1201 3469 1611 3537 Mutinenses
1655 3471 1745 3540 ob
1790 3470 2215 3539 incommoda
2259 3470 2332 3536 in
2377 3492 2460 3537 eo
2504 3466 2682 3540 bello
2723 3491 2826 3535 ac-

628 3595 825 3673 cepta
890 3585 1305 3676 implacabili
1352 3586 1507 3657 odio
1555 3590 1808 3656 accensi
1854 3587 2199 3656 othoboni
2267 3589 2439 3656 caesi
2507 3587 2825 3654 intestinis

628 3706 940 3771 extractis
981 3704 1170 3791 jecur
1220 3707 1292 3772 in
1345 3709 1675 3797 sartagine
1727 3704 1983 3775 frixum
2027 3704 2340 3773 famelica
2385 3704 2577 3772 rabie
2624 3728 2825 3774 come-

632 3818 897 3888 derunt.
944 3820 1286 3890 cadavere
1331 3823 1661 3914 discerpto
1693 3836 1763 3891 et
1791 3827 1863 3892 in
1892 3820 2110 3891 frusta
2148 3824 2440 3905 conciso,
2473 3820 2587 3889 alii
2614 3843 2824 3891 carnes

627 3933 1079 4005 inhumaniter
1106 3937 1450 4009 devorasse
1480 3940 1836 4022 dicuntum
1881 3952 2090 4031 caput
2132 3939 2405 4008 lanceae
2449 3936 2813 4031 praefixum

697 4195 782 4269 (ί)
815 4195 902 4252 Jo.
933 4198 1084 4271 Bapt.
1114 4199 1385 4273 Fulgosius
1417 4202 1501 4257 tit.
1532 4203 1598 4258 de
1630 4199 1940 4268 fortitudine
1972 4202 2012 4254 1.
2049 4201 2098 4268 3,
2132 4217 2176 4254 c.
2210 4217 2260 4252 s.
