2950 5017
799 495 804 500 .
883 450 1084 496 unna
1127 441 1408 497 manna
1610 493 1617 499 .
1872 471 1878 477 ·
2100 453 2137 499 ·1
2148 431 2231 502 85

35 566 336 658 Pmppi
394 567 726 636 Praetoris
766 567 1101 636 Bononiae
1162 547 1407 655 judex,
1443 579 1519 635 et
1561 566 1674 636 alii
1717 579 1805 636 ex
1847 568 1985 636 ima
2036 568 2233 660 plebe

34 684 342 776 plurimi.
390 681 692 752 Struffns
732 705 1000 773 quoque
1044 664 1361 752 Struffius
1412 694 1650 774 eaptus
1665 735 1685 766 ,
1728 696 1798 752 et
1840 665 2239 754 Faventiam*

35 802 278 868 duetus
325 797 493 867 fuit.
537 798 647 865 Ex
677 798 822 866 aliis
841 798 1172 868 Nicolans
1214 799 1605 888 Baoilerius,
1639 813 1707 867 et
1735 799 2235 892 Terringueoins
2316 803 2323 812 ’

37 916 416 997 callatim,
443 918 563 1007 qui
592 916 1147 1004 Regii-Praetores
1193 914 1484 997 fuerant,
1514 916 1993 1009 Saracinusque
2032 919 2236 986 Lam-

35 1033 314 1099 bertaoii
359 1032 788 1100 Bononiensis
831 1033 901 1099 in
945 1057 1023 1101 eo
1066 1033 1311 1122 praelio
1361 1032 1765 1114 occubuere,
1805 1034 1918 1099 sed
1962 1034 2228 1101 'Pertin-

37 1149 309 1237 gueeins
353 1148 628 1237 dignam
694 1150 973 1236 rapinis,
1016 1171 1183 1237 quas
1227 1148 1420 1237 Regii
1485 1162 1901 1228 exercuerat,
1948 1171 2232 1238 poenam

41 1262 300 1332 dedisse
351 1262 644 1330 videtur.
705 1262 817 1328 Oh
886 1263 1045 1328 haec
1101 1262 1405 1330 Tun-iani
1471 1262 1669 1331 rebus
1733 1267 1866 1330 suis
1922 1265 2235 1331 timentes

45 1379 420 1450 Mediolani
465 1403 623 1447 eum
668 1377 1027 1448 Pontifioiis
1088 1382 1356 1464 comitia
1421 1379 1805 1448 habuerunt
1820 1430 1842 1462 ,
1870 1383 1952 1448 in
1992 1381 2240 1470 quihus

47 1519 195 1565 eum
241 1495 685 1584 Regiensibus
731 1509 804 1562 et
847 1495 999 1561 aliis
1052 1495 1332 1580 Galliae,
1377 1496 1751 1585 Cisalpinae
1800 1495 2068 1587 populis
2128 1496 2241 1564 de·-

49 1615 222 1682 cimo
250 1624 496 1703 quarto
535 1610 844 1680 calendas
889 1608 1205 1677 februarii
1237 1609 1472 1680 foedus
1502 1624 1943 1692 renovarunt,
1984 1622 2054 1679 et
2090 1610 2240 1702 plu·
2375 1608 2384 1619 ’

51 1730 195 1795 rimi
257 1740 629 1797 nostrorum
675 1725 1032 1794 Mediolani
1098 1739 1520 1806 meruerunt.
1588 1727 1776 1817 Regii
1841 1750 2021 1797 vero-
2061 1711 2275 1808 cives·

50 1843 494 1933 navigabilem
523 1841 803 1924 fossam,
833 1842 1037 1933 vulgo
1069 1843 1422 1912 Navilium
1452 1866 1705 1912 novum
1736 1844 1984 1911 dietam
2001 1893 2022 1925 ,
2051 1856 2242 1912 extra

53 1960 312 2029 Portam
358 1960 684 2028 Crneeam
725 1960 816 2028 ab
859 1957 1153 2029 inseiioti
1196 1962 1345 2028 viae
1387 1963 1603 2050 regiae
1658 1972 1844 2050 parte
1902 1963 1974 2028 in
2032 1959 2240 2028 aliam
2308 1969 2313 1974 '

55 2076 395 2166 antiquam
461 2073 708 2144 fossam
751 2074 1157 2142 ‘derivarunt
1174 2125 1194 2155 ,
1250 2087 1322 2141 et
1387 2098 1639 2143 novum
1709 2075 2036 2164 palatium
2055 2126 2076 2157 ,
2117 2076 2240 2142 ubi

59 2193 260 2260 entiae
299 2190 492 2259 sedes
533 2202 671 2272 est,
717 2188 1155 2258 absoluerunt
1176 2239 1194 2258 .
1239 2190 1318 2257 In
1370 2192 1586 2280 primo
1657 2202 1893 2258 senatu
1956 2193 2077 2281 qui
2122 2193 2241 2258 ·ihi

60 2319 307 2375 coaetus
350 2318 455 2375 est
499 2306 585 2374 de
628 2304 1092 2374 transferendis
1133 2307 1445 2373 nundinis
1513 2309 1581 2373 in
1649 2329 1969 2397 eampum
2025 2310 2246 2397 reipu-

59 2423 252 2492 blicae
295 2415 599 2493 centenis
664 2426 1001 2513 sexagenis
1067 2423 1254 2492 libris
1321 2435 1629 2514 emptum
1692 2428 2017 2513 agitatum
2062 2422 2241 2505 fuit;

59 2539 162 2606 sed
199 2562 358 2608 oum
402 2543 710 2631 perpetui
754 2561 966 2629 nsque
1010 2539 1100 2605 ad·
1139 2537 1483 2607 natalitios
1512 2538 1650 2606 dies
1679 2540 1954 2607 Domini
1994 2538 2239 2608 imbres

59 2654 507 2725 descendetent
526 2707 547 2738 ,
589 2680 724 2724 non
763 2658 898 2732 nisi
940 2669 1257 2745 sequente
1322 2679 1498 2723 anno
1530 2655 1629 2720 .id
1680 2654 1908 2745 perfici
1966 2658 2234 2744 potuit:

62 2766 256 2840 aneta‘
285 2775 468 2842 enim
511 2771 758 2862 pluviis
787 2770 1065 2840 flumina
1103 2771 1472 2860 late·agtos
1517 2770 1950 2836 inundarunt.
1997 2769 2239 2859 Ingens
2265 2780 2279 2791 ”

61 2900 387 2978 praetexea
426 2891 593 2958 nivis
636 2892 824 2979 eopia
867 2911 984 2956 sex
1029 2888 1416 2967 cubitorum
1464 2886 1823 2952 altitudine
1869 2886 1989 2952 diu
2034 2886 2237 2954 colles

63 3008 269 3087 texit,
309 3018 380 3074 et
411 3030 571 3074 oum
640 3004 888 3096 pabula
931 3002 1320 3085 deficerent,
1363 3002 1658 3094 plurima
1701 2999 1882 3068 fame
1935 3014 2239 3070 armenta

66 3133 213 3189 sunt
249 3118 577 3204 confecta,
607 3133 678 3189 et
708 3143 824 3211 pro
853 3119 1122 3210 glande,
1152 3143 1327 3210 quae
1355 3119 1604 3199 deerat,
1649 3114 1923 3186 foenum
1969 3130 2241 3187 coetum

69 3249 126 3304 et
163 3251 516 3308 contusum
561 3239 927 3308 minoribus
977 3240 1294 3308 armentis
1335 3237 1636 3327 praeberi
1680 3239 2003 3325 oportuit.
2050 3237 2241 3306 Hano

70 3351 496 3423 calamitatem
541 3377 717 3423 nova
760 3355 1010 3421 civium
1058 3365 1204 3421 orta
1245 3354 1584 3421 contentio
1637 3351 1877 3418 urbem
1944 3363 2241 3428 nostram

71 3473 336 3540 maxime
380 3474 675 3540 vexavit.
737 3469 1040 3568 Regehat
1101 3455 1173 3536 in
1240 3468 1547 3538 Canussii
1614 3468 1933 3536 coenobio
2004 3468 2240 3558 Lupus

73 3583 408 3666 anisinns
443 3586 833 3667 monachus,
862 3609 903 3653 a
934 3609 1069 3675 quo
1102 3582 1363 3652 fruetus
1403 3608 1486 3653 eo
1530 3608 1704 3652 anno
1749 3583 2062 3653 collectos
2108 3584 2239 3652 sihi

73 3698 190 3768 dari
226 3703 454 3773 Cnido
504 3703 863 3771 Cannssius
931 3701 1390 3791 imprudenter
1458 3698 1902 3790 efflagitabat,
1957 3712 2025 3767 et
2080 3723 2240 3766 cum

74 3813 168 3881 ille
202 3820 496 3886 nedditns
537 3821 610 3886 in
655 3817 1105 3907 religiosorum
1137 3816 1456 3884 alimenta
1485 3816 1959 3890 convertendos
2002 3839 2241 3905 expor-

77 3935 178 3998 tari
235 3959 420 4026 posse
487 3948 795 4025 negaret,
837 3934 1201 4003 canussius
1246 3949 1357 4002 eos
1401 3957 1469 4001 se
1518 3957 1605 4003 ex
1647 3932 1830 4001 illius
1876 3933 2239 4000 visceribus

77 4061 505 4121 extracturum
553 4037 1002 4119 minabundus
1054 4048 1433 4119 infremuit.
1455 4051 1675 4141 -Lupo
1722 4050 1901 4141 apud
1949 4048 2241 4116 sinibal-

82 4160 216 4234 dum
253 4183 324 4264 et
367 4167 776 4239 Gnidonem·
814 4164 1044 4236 fratres
1111 4166 1192 4235 de
1259 4167 1505 4253 injuria
1570 4177 1970 4257 conquesto,
2016 4164 2242 4236 Guido'
