2950 5017
956 463 1158 510 mna
1203 466 1452 515 σεχτυς
2170 456 2300 539 4²1

41 580 491 651 Matthaeus
534 604 577 649 a
620 577 694 649 S.
728 578 1043 653 Severino
1085 585 1520 655 Nonantulae
1561 588 1823 678 praesul
1866 589 2075 681 Regio
2103 616 2305 683 prae-

45 698 319 768 fectus
362 700 493 767 sub
536 697 769 768 horam
811 705 1029 769 noctis
1059 701 1374 792 quartam
1421 729 1638 773 arcem
1674 711 1953 798 recepit.
1997 707 2162 794 Mox
2205 713 2307 779 in-

57 817 462 885 terdictum
516 818 628 883 cui
685 818 921 884 civitas
977 818 1284 905 subjecta
1342 817 1564 887 fuerat
1623 835 2037 893 revocatum.
2082 825 2309 895 Lucae

47 957 250 1003 vero
308 932 838 1002 Pontremulensi
905 931 1232 1003 defuncto
1278 935 1427 1026 Ugo
1470 937 1864 1027 Raugonus,
1921 943 2024 1009 vir
2091 944 2311 1012 erudi-

53 1051 284 1118 tione
327 1051 619 1138 insignis,
664 1052 1010 1140 episcopus
1052 1048 1371 1118 suffectus
1417 1055 1620 1121 tertio
1662 1077 1872 1122 nonas
1915 1055 2115 1142 julias
2159 1033 2303 1128 ma-

57 1189 225 1257 gna
276 1188 542 1257 pompa·
574 1166 812 1234 urbem
857 1169 1182 1256 ingressus
1236 1165 1402 1234 fuit.
1449 1168 1750 1237 civitate
1793 1157 2131 1242 Pontificis
2190 1199 2309 1267 po-

59 1286 327 1350 testati
403 1284 749 1371 permissa,
816 1282 1167 1350 Balthasar
1241 1281 1588 1370 Scajolus,
1664 1286 1939 1376 Prosper
2017 1288 2306 1360 Lancius

65 1421 292 1468 meus
361 1422 642 1489 magnus
711 1399 1122 1481 avunculus,
1167 1412 1236 1467 et
1280 1399 1678 1469 Timotheus
1723 1387 2020 1473 Zobolus
2067 1407 2148 1474 ad
2190 1409 2311 1485 Ju-

69 1515 296 1597 lium,
342 1528 424 1583 ut
466 1520 534 1584 in
580 1517 727 1603 ejus
772 1518 1084 1585 manibus
1113 1541 1235 1608 pro
1266 1518 1432 1584 urbe
1462 1516 1664 1586 fidem
1692 1518 2076 1607 juramento
2120 1547 2308 1615 prae-

80 1644 383 1714 starent,
426 1632 718 1701 Romam
766 1632 966 1723 legati
1026 1636 1206 1701 missi
1266 1657 1508 1724 magna
1575 1634 1982 1726 benignitate
2047 1644 2311 1733 excepti

79 1747 313 1817 fuere.
347 1749 686 1818 Gallasius
714 1749 1035 1831 Zobolus,
1066 1753 1187 1840 qui
1219 1764 1366 1818 tum
1399 1751 1656 1827 Romae
1687 1752 2003 1843 degebat,
2031 1770 2312 1846 quartus

77 1866 359 1957 legatus
428 1866 676 1935 electus
743 1865 1161 1934 luculentam
1216 1870 1582 1937 orationem
1636 1868 1913 1938 habuit.
1961 1872 2308 1943 Abeuntes

79 1981 417 2052 Pontifex
461 1986 749 2074 equestri
794 1984 1115 2074 dignitate
1159 1983 1541 2053 honestatos
1586 1996 1825 2076 torque¹
1867 1991 2015 2055 auri
2059 1992 2309 2080 sesqui-

84 2099 342 2168 libram
397 2100 730 2191 pendente
772 2100 1083 2183 donavit,
1127 2124 1168 2167 a
1211 2124 1350 2190 quo
1396 2104 1636 2191 viginti
1679 2105 1984 2198 quinque
2036 2104 2315 2176 ducato-

88 2240 259 2285 rum
332 2220 694 2306 pretiosum
763 2216 1017 2285 monile
1085 2216 1429 2307 gentilitiis
1472 2216 1893 2289 Roverorum
1947 2222 2318 2312 insignibus

88 2332 437 2414 caelatum
484 2332 842 2425 pendebat.

235 2449 497 2518 Interea
529 2448 847 2517 Herberia
892 2460 1117 2538 capta,
1146 2449 1434 2528 Joannes
1462 2449 1850 2520 Matthaeus
1893 2450 2084 2545 Regii
2127 2477 2319 2544 prae-

95 2564 327 2633 fectus
372 2566 459 2632 ad
505 2566 785 2633 Parmae
836 2566 1271 2656 praesidium,
1315 2590 1493 2658 quae
1557 2579 1629 2635 et
1693 2570 1838 2658 ipsa
1888 2590 1957 2635 se
2009 2567 2319 2637 Pontifici

94 2683 414 2765 dederat,
457 2686 906 2774 septingentos
956 2682 1307 2778 Regienses
1371 2683 1502 2750 sub
1569 2683 1609 2762 J
1612 2707 1827 2752 oanne
1870 2682 2159 2770 Bojardo
2204 2684 2318 2752 de-

99 2797 341 2868 duxit.
378 2800 473 2866 At
515 2797 778 2890 legatus
806 2799 1105 2867 Caesaris
1150 2822 1310 2866 cum
1357 2800 1668 2865 trecentis
1713 2799 2053 2889 equitibus
2095 2803 2312 2890 primo

100 2914 422 3006 Regium,
477 2915 719 2984 deinde
771 2915 1173 3006 corrigium,
1217 2926 1286 2980 et
1329 2913 1690 2981 Brixillum
1746 2918 2090 2982 concessit.
2144 2915 2321 2984 Con-

102 3047 212 3102 tra
269 3032 654 3124 Alphonsus
721 3034 1068 3101 Atestinus
1129 3029 1499 3099 Flaminiae
1566 3028 1848 3099 infestus
1908 3032 1999 3114 ¹ad
2055 3033 2319 3102 Raven-

106 3173 270 3219 nam
353 3151 734 3239 interceptis
806 3151 1088 3240 navigiis
1152 3172 1400 3218 merces
1461 3149 1956 3239 quinquaginta
2023 3148 2319 3216 millium

113 3290 475 3335 aureorum
552 3269 943 3357 occupavit.
1020 3265 1134 3333 Ob
1208 3288 1356 3332 eam
1433 3287 1708 3331 causam
1781 3264 2071 3343 Joannes
2142 3265 2322 3334 Mat-

117 3384 364 3452 thaeus
383 3435 403 3466 ,
457 3383 668 3475 Regio
727 3382 1254 3452 Ferrariensibus
1310 3393 1379 3449 et
1434 3381 1712 3449 Venetis
1773 3381 1998 3469 ejectis
2016 3434 2036 3464 ,
2102 3383 2325 3453 edicto

107 3504 290 3573 cives
340 3500 811 3592 perduellionis
863 3523 1077 3592 poena
1135 3499 1501 3590 Alphonsi,
1561 3510 1686 3566 aut
1743 3480 2158 3568 Venetorum
2202 3503 2322 3568 sti-

104 3616 356 3712 pendio
406 3637 654 3687 merere
699 3617 1068 3709 prohibuit.
1130 3615 1354 3684 Tanta
1410 3638 1568 3684 vero
1631 3627 1785 3683 tum
1844 3615 2316 3696 barbarorum,

109 3747 184 3805 et
226 3734 551 3805 Italorum
598 3735 969 3805 multitudo
1012 3734 1301 3824 Regium
1348 3732 1758 3814 confluebat,
1802 3745 1885 3800 ut
1926 3732 2017 3802 ob
2060 3732 2321 3800 sorden-

110 3856 291 3922 tium
336 3855 697 3924 colluviem
759 3857 831 3922 in
890 3853 1297 3945 quibusdam
1365 3851 1545 3920 villis
1611 3852 1814 3942 pestis
1876 3850 2154 3919 suborta
2202 3852 2324 3933 sit,

111 3945 293 4062 quase
362 3995 526 4039 mox
594 3973 769 4037 intra
835 3993 1083 4060 paucos
1124 3968 1284 4046 'dies
1314 3967 1618 4035 extincta
1661 3965 1816 4035 fuit.
1863 3967 2044 4035 Cum
2098 3966 2321 4057 plures

113 4109 393 4178 quoque
436 4089 748 4179 equitum
793 4086 939 4154 alae
983 4089 1054 4154 in
1097 4085 1398 4176 hyberna
1428 4084 1859 4176 Regiensium
1899 4082 2326 4151 deducendae

116 4216 332 4275 essent
349 4257 373 4290 ,
417 4203 885 4297 sigismundus
927 4203 1338 4298 Malegutius
1400 4203 1665 4297 legatus
1717 4203 2026 4274 Parmam
2088 4202 2325 4270 missus
