2950 5017
628 388 765 476 564
1378 409 1623 457 annun
1665 407 2093 457 ntcrmsmnr

626 533 817 603 niam
856 540 965 600 est
1007 529 1273 600 missus.
1318 529 1627 601 Brisacus
1670 513 1945 624 quoque
1989 528 2517 599 Pedemontibus
2567 551 2614 596 a
2656 526 2847 599 Gallo

627 643 1027 740 prseffietns,
1050 670 1139 716 ne
1164 650 1419 717 otiosus
1461 647 1745 732 sederet,
1788 659 1858 715 et
1901 661 1984 714 ut
2025 644 2288 714 bellum
2334 669 2375 712 a
2419 646 2850 726 Ferrariensi‚

626 762 816 856 quod
861 765 924 830 ei
969 764 1319 832 imminere
1363 731 1748 845 videbatur:
1777 775 2131 860 averteret,
2161 757 2560 828 Valfenaria
2603 774 2675 827 et
2701 761 2852 828 Chi-

626 902 813 949 rasco
856 881 1317 947 munitissimis
1361 879 1650 948 castellis
1717 882 2156 969 expugnatis,
2200 877 2523 946 cuneum
2573 878 2853 948 obsedit.

626 994 840 1072 Senas
885 1019 1046 1064 vero
1078 995 1324 1066 Cosmo
1353 996 1735 1066 Florentiae
1767 996 1945 1062 Duci
1991 994 2339 1085 Philippus
2372 996 2851 1085 Hispaniarum

627 1111 779 1181 Rex
824 1111 927 1180 bis
971 1111 1234 1202 legibus
1283 1113 1589 1196 tradidit,
1636 1124 1715 1179 ut
1758 1111 2200 1180 Plumbinum
2256 1114 2552 1201 pristino
2598 1111 2852 1179 domine

627 1233 1033 1312 restitueret,
1078 1253 1161 1298 ac
1207 1230 1447 1298 tributi
1495 1232 1770 1299 nomine
1813 1242 2066 1297 certam
2113 1232 2476 1319 pecuniam
2531 1229 2673 1295 sibi
2701 1252 2856 1320 quo-

628 1349 850 1418 tannis
890 1346 1316 1439 persolveret.
1362 1345 1514 1415 Sub
1559 1344 1764 1415 finem
1833 1349 2085 1416 mensis
2154 1349 2423 1438 augusti
2487 1346 2690 1413 idem
2751 1370 2857 1414 rex

625 1463 957 1534 Sanctum
1001 1465 1410 1551 Quintinum
1456 1466 1532 1532 in
1573 1463 1842 1532 Galliae
1887 1462 2162 1547 finibus,
2215 1463 2590 1556 profligato
2642 1463 2862 1533 Gallo-

625 1606 780 1655 rum
824 1585 1164 1665 exercitu,
1207 1586 1331 1674 qui
1374 1585 1448 1652 in
1495 1607 1646 1651 eam
1690 1584 1932 1652 urbem
1978 1597 2441 1656 commeatum
2467 1582 2859 1664 intulerat,

627 1705 700 1772 vi
743 1704 947 1795 cepit,
977 1702 1355 1794 urbemque
1399 1699 1757 1773 moenibus
1797 1700 2063 1772 refectis
2109 1701 2331 1772 valido
2377 1701 2648 1771 relicto
2693 1724 2857 1792 prae-

624 1820 796 1890 sidio
857 1822 1130 1888 muniit.
1179 1821 1327 1888 Hac
1369 1822 1649 1890 victoria
1715 1822 1975 1910 potitus
2017 1818 2388 1889 Octavium
2461 1821 2859 1902 Parnesium

625 1937 911 2007 Parmae
941 1951 1013 2007 et
1042 1938 1424 2008 Placentiae
1464 1937 1864 2030 principem,
1894 1955 2114 2029 quens
2133 1941 2337 2029 copiis
2366 1937 2659 2006 Italicis
2697 1961 2859 2029 prae

625 2052 905 2137 fecerat,
948 2067 1186 2126 contra
1229 2053 1589 2128 Herculem
1636 2056 2048 2137 Atestinum,
2090 2054 2279 2146 quod
2325 2054 2548 2122 Gallo
2599 2078 2680 2122 se
2723 2078 2860 2122 con·

626 2170 963 2259 junxisset
1030 2193 1221 2241 arma
1288 2193 1558 2241 movere
1610 2171 1856 2259 jubet3
1899 2171 1985 2240 ad
2028 2171 2652 2270 sustinendamque
2717 2170 2862 2238 belli

625 2289 876 2360 molem
944 2292 1008 2359 ei
1074 2314 1166 2358 ex
1230 2302 1512 2362 centum
1570 2292 2065 2383 quinquaginta
2132 2288 2443 2360 millibus
2498 2312 2860 2359 aureorum

624 2407 985 2478 Mantuam
1046 2410 1294 2492 missis,
1338 2411 1581 2478 vicena
1646 2409 1865 2506 millia
1930 2405 2207 2498 singulis
2274 2409 2644 2478 mensibus
2709 2407 2863 2477 solvi

623 2524 845 2614 jussit.
891 2527 1245 2597 Farnesius
1288 2538 1584 2618 quatuor
1629 2525 1933 2595 millibus
2002 2526 2312 2617 peditum
2381 2537 2459 2592 et
2525 2527 2863 2595 sexcentis

626 2644 974 2735 equitibus
1009 2646 1393 2725 contractis,
1423 2644 1637 2714 donec
1662 2643 2012 2731 justiorem
2058 2642 2431 2734 compleret
2474 2646 2864 2712 exercitum

622 2755 1155 2830 Brixilliensibus
1199 2759 1488 2832 infestus
1526 2783 1666 2829 esse
1709 2762 1958 2851 coepit.
2002 2759 2425 2851 Septingenti
2463 2759 2856 2841 Ferrariolb

625 2878 749 2968 qui
791 2879 864 2946 in
906 2877 1055 2965 ejus
1102 2876 1438 2947 auxilium
1483 2899 1950 2968 supervenere,
1992 2901 2126 2946 non
2173 2879 2420 2947 nostris
2466 2875 2710 2946 solnm
2757 2900 2863 2946 no-

626 3016 870 3077 cuere,
911 2994 1029 3065 sed
1072 2997 1426 3094 ingentem·
1458 2997 1667 3062 etiam
1714 3018 1801 3064 ex
1845 2995 2233 3064 Mantuanis
2288 2996 2489 3065 sociis
2545 2995 2862 3086 praedam

626 3126 907 3204 egerunt
933 3164 967 3196 2
1019 3137 1196 3205 quae
1262 3112 1416 3204 plus
1488 3112 1710 3182 decies
1773 3124 2049 3184 centum
2117 3112 2424 3182 millibus
2495 3137 2856 3185 aureorum

628 3234 983 3300 aestimata
1025 3230 1231 3301 fnisse
1270 3232 1543 3301 dieitur.
1590 3232 1745 3311 Jam
1775 3231 2070 3314 Brixilli‚
2100 3232 2529 3315 Guastsllae,
2578 3248 2657 3302 et
2704 3233 2856 3303 Via-

625 3345 844 3415 danae
887 3347 1162 3437 praedia
1226 3351 1499 3420 incensa
1564 3372 1644 3416 ac
1712 3352 1979 3439 penitus
2022 3349 2368 3420 devastata
2411 3347 2745 3431 fuerant,
2791 3360 2851 3416 et

628 3462 780 3550 ejus
821 3466 981 3531 anni
1027 3461 1333 3554 frugibus
1396 3468 1652 3534 amissis
1716 3464 1943 3558 plures
2009 3467 2099 3534 ad
2168 3490 2319 3536 eam
2363 3466 2850 3542 calamitatem

626 3581 1067 3665 devenerant,
1134 3597 1217 3650 ut
1278 3583 1695 3675 supellectile
1761 3587 1968 3654 etiam
2013 3585 2335 3656 denudati
2382 3589 2852 3678 reperirentur.

625 3701 813 3771 Inter
852 3701 1023 3774 alios
1059 3701 1587 3786 Guastdlenses‚
1629 3705 1751 3794 qui
1794 3705 1866 3772 in
1912 3703 2283 3774 extruendo
2328 3727 2454 3794 pro
2501 3705 2848 3775 moenibus

624 3818 810 3890 val-lo
854 3844 1062 3913 cupas
1106 3832 1581 3912 opposuerant,
1611 3843 1772 3888 cum
1817 3822 2153 3890 modicam
2188 3821 2656 3905 vindemiam,
2680 3843 2844 3914 quae

522 3945 531 3952 '
622 3936 923 4006 bostium
971 3938 1203 4009 oculos
1248 3937 1602 4030 effugerat,
1634 3934 1974 4024 fecissent,
2007 3963 2193 4024 vasa,
2221 3943 2293 4010 in
2324 3942 2596 4033 quibus
2630 3943 2846 4011 vinum

626 4053 1018 4141 conderent,
1062 4082 1198 4127 non
1246 4056 1569 4128 habuere.
