2950 5017
676 383 808 449 302
1177 417 1184 424 ·
1407 398 1649 443 nanum
1686 397 2098 443 aacrmvsnm

667 498 908 588 nomen
949 516 1237 585 inditum
1282 526 1419 597 est,
1465 526 1691 607 postea
1719 513 2153 601 aedificatum
2194 511 2350 582 fuit.
2415 514 2559 586 Nec
2622 513 2861 585 multo

666 646 816 725 post
859 656 1101 702 novam
1149 630 1312 698 belli
1363 643 1594 699 contra
1657 654 1725 698 se
1788 631 2051 720 gerendi
2096 631 2336 707 Ioanni
2381 629 2862 720 Archipresuli
2926 640 2927 645 ’

666 751 1075 818 occasionem
1119 746 1472 826 dederunt,
1539 770 1694 813 cnm
1758 747 1961 816 boves
2025 743 2463 835 qnadraginta
2531 746 2857 815 millibus

665 863 1055 932 florenorum
1101 865 1501 943 aestimatos,
1543 861 1834 952 aliasque
1879 841 2127 929 merces
2169 884 2285 950 per
2313 861 2589 927 -Padum
2626 862 2852 932 Vene-

666 982 792 1046 tias
843 980 1244 1047 transmissas
1286 954 1759 1046 Mediolanensi
1804 978 2190 1066 negotiatori
2236 979 2655 1066 eripuerunt.
2704 978 2851 1046 Hac

417 1096 423 1104 ’
531 1150 540 1160 .
665 1099 910 1164 recenti
952 1096 1195 1182 injuria
1236 1106 1607 1162 commotus
1634 1094 2017 1168 vicecomes
2059 1095 2288 1161 statim
2332 1093 2641 1161 Mutinae
2687 1092 2855 1160 Gal-

663 1211 947 1282 leacium
991 1212 1185 1278 Pium
1251 1212 1321 1277 in
1387 1233 1539 1276 suas
1603 1223 1820 1300 partes
1876 1212 2119 1307 traxit,
2158 1220 2230 1275 et
2271 1209 2457 1299 Regii
2500 1209 2847 1279 Folleanis

587 1404 601 1418 ⁴
664 1341 734 1395 et
777 1327 1099 1414 Bojardis,
1143 1329 1261 1416 qui
1311 1327 1661 1392 Recettum
1708 1326 2051 1406 tenebant,
2095 1324 2183 1392 ad·
2223 1323 2669 1393 defectionem
2715 1326 2845 1395 sol-

662 1443 958 1522 licitatis,
990 1445 1192 1511 etiam
1223 1439 1549 1508 Sanctum
1593 1441 1959 1508 Martinam
2003 1464 2117 1530 per
2159 1422 2640 1520 Robertos,-et
2687 1441 2847 1508 Bor-

661 1560 923 1627 tianum
963 1582 1076 1648 per
1108 1554 1529 1650 Manfredum
1574 1538 2007 1623 Thaddaeuin
2051 1558 2422 1646 occupavit,
2464 1558 2583 1645 qui
2633 1556 2843 1645 paulo

662 1687 813 1766 post
856 1673 941 1741 ad
986 1674 1284 1742 Mentem
1323 1672 1591 1740 Vitrum
1639 1675 1888 1740 occisus
1932 1670 2104 1762 fuit-3
2146 1672 2599 1760 Ioannemque
2647 1672 2843 1740 Bose-

660 1814 887 1860 zorum
934 1788 1481 1858 Mediolanensem
1526 1788 1921 1856 Mantuanos
1980 1810 2253 1868 vexare,
2298 1798 2367 1853 et
2409 1788 2840 1854 Franciscum

659 1906 1129 1973 Castracanem
1175 1928 1328 1971 cum
1376 1905 1625 1993 magnis
1668 1903 1966 1992 peditum
2012 1905 2240 1992 copiis,
2268 1915 2336 1968 et
2366 1900 2629 1970 duobus
2679 1903 2834 1971 mil-

660 2020 838 2087 libus
883 2019 1453 2108 cataphractorum
1499 2023 1569 2086 in
1600 2020 1941 2109 Regienses
1986 1996 2300 2107 proficisci
2341 2016 2558 2103 jubet.
2604 2017 2672 2084 Is
2715 2019 2833 2085 uhi

661 2135 748 2204 ad
788 2134 1127 2224 Ripaltam
1200 2138 1525 2223 pervenit,
1567 2134 1729 2201 dum
1772 2121 2114 2202 Mutinam*
2150 2135 2392 2227 pergit,
2433 2156 2645 2221 quam
2718 2156 2833 2221 per

661 2251 1099 2342 proditionem
1161 2273 1478 2339 occupare
1543 2249 1880 2339 sperabat,
1924 2252 2147 2318 omnia
2190 2251 2360 2316 inter
2402 2248 2703 2315 eundum
2747 2251 2837 2314 ci-

661 2369 849 2437 vium
893 2367 1156 2458 praedia
1202 2367 1596 2439 devastavit.
1650 2365 1780 2433 Sed
1824 2391 1938 2457 spe
1983 2365 2378 2435 obtinendae
2443 2365 2630 2430 urbis
2698 2362 2831 2431 fru-

659 2464 905 2552 stratus
970 2484 1270 2557 hostibus
1335 2496 1600 2551 tantum
1666 2484 2023 2574 profligatis
2077 2484 2160 2549 ad
2204 2483 2462 2560 Divum
2506 2482 2830 2551 Lazarum

660 2605 729 2670 in
782 2602 1126 2690 Regienses
1174 2605 1589 2681 revertitur,.
1636 2601 1813 2692 apud
1880 2623 2048 2691 quos
2116 2610 2620 2666 castrametatus
2672 2598 2831 2663 Divi

661 2715 1038 2785 Geminiani
1083 2716 1447 2797 suburbia„
1483 2728 1548 2781 et
1592 2719 1872 2793 nemoris
1919 2714 2112 2783 villas
2153 2717 2331 2803 igne,
2376 2711 2674 2801 ferroque
2717 2711 2832 2776 de-

663 2829 973 2898 formavit
1001 2834 1100 2897 (1).
1149 2831 1257 2896 Ad
1301 2844 1612 2899 octavum
1659 2830 1892 2898 deinde
1936 2830 2240 2896 calendas
2269 2828 2468 2915 julias
2497 2828 2827 2894 Mutinam

661 2971 965 3019 reversus
1031 2950 1101 3015 in
1169 2950 1399 3015 itinere
1465 2971 1506 3014 a
1569 2928 1907 3037 Sylvatico
1975 2945 2255 3031 Bojatdo
2322 2943 2599 3011 Gerar-di
2660 2942 2827 3022 filio,

663 3088 867 3153 quem
936 3067 1210 3154 pecunia
1253 3089 1494 3154 magna
1537 3075 1945 3154 corruperat,
1991 3063 2373 3145 Her-beriam
2427 3052 2722 3150 accepit,
2763 3070 2824 3126 et

571 3242 574 3245 ,
662 3179 998 3274 Campum
1042 3179 1415 3264 Gajanum,
1460 3194 1529 3247 et
1568 3181 1956 3248 Florianum
2002 3184 2072 3247 in
2115 3180 2476 3259 Mutinensi
2523 3200 2680 3267 agro
2721 3198 2820 3241 ca-

662 3294 858 3365 atella
902 3319 1030 3382 per
1058 3294 1490 3384 proditionem
1543 3295 1851 3363 obtinuit.
1908 3295 2235 3386 Ugolinus
2277 3318 2429 3361 vero
2475 3292 2819 3360 Folleanus

662 3408 754 3476 ob
796 3408 1088 3475 occultas
1125 3408 1501 3475 simultates
1544 3409 1821 3480 Giberto
1867 3427 2107 3501 patruo
2168 3409 2475 3483 infensus,
2508 3404 2822 3475 Tur-ricel-

659 3523 797 3592 lam
844 3524 1218 3614 Philippino
1258 3526 1570 3615 Gonzago
1615 3519 1917 3609 tradidit3
1954 3529 2072 3597 sed
2117 3527 2321 3618 paulo
2381 3538 2535 3616 post
2600 3521 2817 3614 gentili

662 3640 1047 3709 conciliatus
1090 3665 1219 3709 non
1265 3654 1527 3734 tant-um
1572 3646 1809 3713 amissa
1851 3648 2128 3736 recepit,
2170 3644 2281 3710 sed
2325 3624 2544 3709 etiam‘
2575 3618 2823 3708 cavael

661 3755 861 3824 ciclos
905 3759 1168 3824 invasit.
1212 3756 1751 3828 Bartholomaeus
1786 3762 1952 3826 item
1985 3773 2056 3826 et
2084 3761 2470 3826 Franciseus
2499 3756 2813 3833 Folleani‚

662 3869 984 3940 Nicolaus'
1020 3871 1120 3937 de*
1144 3871 1508 3955 Quertiola,
1551 3888 1619 3941 et
1662 3874 1882 3944 Guido
1927 3873 2312 3986 Manfredus.
2348 3897 2463 3964 per
2509 3872 2816 3963 proditio-

739 4120 824 4189 (ι)
859 4071 1047 4175 Matth.
1081 4121 1210 4177 vill.
1241 4122 1332 4174 lib.
1367 4140 1445 4190 tv,
1477 4141 1582 4194 cap.
1617 4126 1665 4178 3.
