2950 5017
921 372 1122 433 mnus
1164 369 1470 428 omna-us·
2143 357 2268 425 305

41 484 428 563 foderatis
485 474 767 569 adortus
798 494 1007 560 atroci
1056 490 1306 583 praelio
1368 488 1737 583 profligavit
1750 542 1773 573 ,
1817 502 1887 560 et
1933 514 2145 585 usque
2184 496 2274 575 ad

41 603 426 671 monticuli
486 618 754 696 portam
799 608 1141 676 insecutus
1169 608 1622 695 Parmensium
1666 620 1928 676 montes
1972 608 2276 704 plurimis

55 723 269 810 captis
321 724 599 810 passim
647 721 941 812 diripuit.
988 721 1310 791 Ceterum
1355 725 1698 814 proscripti
1737 723 2085 815 Regienses
2133 750 2275 823 am-

49 838 222 928 plius
294 837 671 935 millibus·
708 838 1079 928 equitibus,
1146 849 1216 908 et
1280 838 1542 906 duobus
1608 839 1909 907 millibus
1971 841 2274 930 peditum

51 954 389 1034 collectis,
441 953 618 1019 dum
673 976 979 1044 vesperae
1046 953 1395 1044 pulsantur
1460 967 1699 1024 octavo
1750 956 1898 1022 idus
1945 955 2274 1025 -februarii

49 1071 216 1137 Divi
258 1069 588 1159 Prosperi
653 1058 1081 1151 coenobium,
1150 1071 1329 1160 quod
1393 1070 1524 1177 sub
1593 1068 2010 1140 Manfredino
2075 1073 2271 1141 Muto

55 1187 331 1253 Abbste
404 1186 813 1276 regebatur,
883 1188 1291 1269 invaserunt..
1346 1187 1528 1256 Inter
1570 1212 1686 1256 eos
1728 1187 1913 1259 fuere
1958 1187 2277 1257 Gibertus

61 1300 434 1368 Folleanus
489 1324 649 1369 cum
694 1302 1045 1371 Franciseo
1103 1301 1275 1385 filio,
1319 1301 1693 1392 Sylvatieus
1736 1303 2096 1389 Bojardus,
2137 1304 2275 1374 duo
2372 1358 2383 1373 .

65 1418 387 1499 Ioannes,
442 1418 622 1487 alter
674 1418 1052 1508 corrigias,
1098 1419 1266 1487 alter
1309 1420 1702 1499 canussius,
1748 1420 2056 1488 Galasius
2121 1421 2279 1489 Pius

70 1555 218 1599 eum
262 1532 545 1614 liberis,
590 1532 909 1601 Gibertus
953 1533 1344 1631 Sanvitalis,
1374 1535 1508 1602 duo
1538 1534 1836 1617 Nicolai,
1877 1535 1988 1602 hio
2030 1535 2280 1622 Rober-

73 1660 213 1729 tus,
253 1647 372 1715 ille
424 1649 923 1732 Pallavioinus,
966 1650 1219 1735 Paulus
1263 1663 1332 1717 et
1375 1651 1606 1739 Guido
1646 1646 2003 1732 Manfredi,
2032 1651 2280 1721 ‚Vanu-

77 1764 206 1829 tius
249 1781 318 1829 et
361 1762 774 1832 Manfredus
820 1788 860 1831 a
907 1764 1142 1847 Dallo,
1186 1765 1321 1833 duo
1367 1765 1734 1834 Bertholini
1778 1765 1943 1833 alter
1988 1791 2028 1832 a
2073 1744 2308 1849 Quer?

85 1877 268 1960 tiola,
311 1879 502 1946 alter
544 1904 586 1946 a
628 1881 878 1971 Piagna
922 1905 1079 1949 eum
1129 1882 1394 1950 duobus
1436 1881 1589 1950 filiis
1630 1882 1749 1972 qui
1786 1874 2286 1977 vicecomitum

84 2016 203 2082 ope
248 2019 401 2062 eam
435 1997 973 2086 -ex‘peditionem
993 2052 998 2057 .
1021 2009 1304 2074 tentasse
1362 1998 1823 2069 credebantur.
1868 1997 2279 2066 Coenobitae

91 2109 199 2175 ubi
239 2112 364 2181 sihi
412 2115 562 2181 vim
609 2111 838 2181 inferri
883 2124 1223 2181 senserunt
1266 2137 1422 2181 eum
1470 2098 1813 2181 famulicio
1874 2114 1944 2180 in
2006 2115 2274 2189 turrim,

90 2248 248 2313 quae
291 2227 561 2323 reliqua
610 2222 1084 2319 permanserat,
1126 2253 1194 2297 se
1238 2243 1648 2321 receperunt,
1693 2242 1763 2299 et
1804 2253 1962 2325 eum
2005 2254 2075 2297 se
2121 2233 2275 2297 viri-

93 2337 234 2408 liter
274 2353 632 2411 tuerentur
677 2348 749 2412 in
798 2358 1166 2412 extremam
1213 2368 1556 2435 vesperam
1603 2358 1933 2413 certamen
1979 2356 2273 2435 protrac-

101 2465 232 2523 tum
258 2455 415 2527 fuit.
448 2461 751 2527 Demum
783 2459 1000 2528 hostes
1047 2460 1170 2526 ubi
1212 2464 1282 2529 ,vi
1325 2463 1687 2559 irrumpere
1726 2457 1865 2529 ⁴non
1911 2471 2275 2550 potuerunt

100 2570 172 2637 ad
207 2596 552 2642 summum
598 2576 830 2664 templi
894 2587 1154 2642 tectum
1220 2600 1307 2642 ex
1373 2580 1707 2666 superiore
1767 2576 1918 2643 loeo
1985 2576 2274 2644 obsessos

102 2704 568 2780 expugnarunt.
633 2691 1011 2773 Gulielmus
1058 2694 1380 2761 Desaoius
1424 2694 1646 2771 Prior,
1691 2705 1760 2756 et
1806 2692 1919 2755 alii
1963 2691 2273 2757 Monaohi

104 2801 429 2895 pluresque
501 2807 764 2896 profani
833 2812 1045 2898 capti,
1092 2832 1212 2875 neo
1258 2810 1460 2897 pauci
1518 2807 1849 2872 trucidati.
1874 2804 2079 2872 suere.
2124 2804 2273 2897 Fel-

110 2921 292 2987 trinus
318 2922 679 3013 Gonzagus
727 2924 847 2990 ubi
895 2927 1290 3014 proscriptos
1335 2946 1537 3012 prope
1582 2945 1714 2987 esse
1760 2923 1984 3000 sensit,
2029 2943 2269 3009 magna

114 3029 453 3113 jaculorum
507 3040 574 3105 vi
618 3050 1007 3127 comparata
1052 3061 1160 3104 eos
1189 3060 1571 3126 expugnare
1601 3047 1904 3114 conatur,
1935 3059 2011 3101 ao
2041 3035 2270 3102 decem

113 3153 406 3220 continuis
450 3154 729 3237 diebus,
772 3155 1217 3244 noctibusque
1262 3179 1351 3220 ex
1396 3153 1721 3220 machinis
1771 3155 2065 3247 ingentia
2109 3176 2272 3219 saxa
2312 3172 2317 3177 ·

115 3262 172 3327 iu
207 3271 586 3337 coenobium
632 3271 992 3357 jaculatus,
1023 3295 1144 3337 nee
1178 3294 1446 3352 murum
1492 3269 1761 3336 deiicere
1806 3281 1925 3334 aut
1968 3266 2267 3359 aliquem

115 3374 337 3454 laudere
404 3389 650 3478 potuit.
720 3388 970 3456 Contra
1037 3389 1384 3478 proseripti
1453 3385 1657 3456 foveis
1678 3436 1698 3466 ,
1767 3385 2134 3475 aggeribus,
2201 3396 2270 3451 et

121 3495 281 3566 vallis
319 3500 544 3571 locum
589 3508 849 3573 munire
878 3529 1010 3573 non
1041 3505 1472 3573 desistebant.
1519 3504 1871 3594 Gonza'gus
1915 3515 2267 3593 postquam

121 3629 177 3675 se
210 3613 363 3683 nihil
392 3619 712 3718 ,proficere
745 3620 1241 3702 animadvertit,
1271 3621 1358 3688 ab
1388 3622 1721 3701 Atestino,
1749 3621 1999 3696 Joanne
2032 3617 2268 3707 Olegio

124 3721 418 3805 Bononiae
463 3748 766 3826 tyranno,
802 3721 1145 3806 Franciseo
1176 3738 1514 3817 Carraria,
1557 3748 1628 3803 et
1670 3734 2002 3824 Scaligero
2047 3731 2271 3802 foede-

128 3846 259 3913 ntls
299 3873 483 3941 opem
545 3854 900 3946 implorat,
929 3858 1433 3944 ⁴contractisque
1497 3852 1625 3920 sub
1692 3835 1926 3942 viginti
1969 3853 2271 3942 quinque

129 3963 355 4036 vuillis
395 3971 693 4042 millibus
739 3975 1120 4064 quingentis
1165 3972 1503 4063 equitibus
1523 4022 1544 4053 ,
1588 3962 1658 4038 et
1704 3970 1917 4037 tribus
1968 3968 2268 4037 millibus

133 4076 416 4172 peditum,
444 4090 933 4181 decimoquarto
957 4089 1282 4159 'calendas
1329 4066 1643 4159 februarii
1682 4086 2078 4158 coenobium
2109 4083 2271 4152 ado-

1973 4218 2038 4251 20
