2950 5017
674 383 806 466 304
1233 367 1239 376 ’
1400 380 1637 442 nanu-1
1692 395 2104 443 mennatum

671 522 881 602 flevit,
912 531 993 587 ut
1019 516 1362 587 Galleacio·
1397 530 1468 584 et
1510 516 1849 586 Barnabae
1889 517 2064 589 diras
2103 519 2610 609 imprecaretut.
2660 516 2853 587 Mat·

674 637 941 706 thaeum
978 639 1151 704 enim
1179 632 1523 722 Scaliger-o
1565 631 1888 704 Veronam
1919 636 2202 723 prodere
2241 635 2538 702 votuisse
2588 636 2849 702 dicunt.
2920 714 2921 723 ἵ

668 751 813 821 Sub
857 754 932 818 id
970 765 1230 839 tempus
1268 749 1589 853 defuncto
1627 748 1976 817 Albem’no
2018 748 2407 817 Levalossio
2451 750 2635 818 Divi
2678 751 2844 820 Pro-

669 871 849 956 spen·
892 864 1145 947 Abbati
1153 862 1622 954 Zaffredinus
1649 864 1874 952 frater
1911 862 2233 954 suffectus
2260 862 2434 953 suit·
2508 908 2516 915 -
2616 913 2627 921 .
2922 938 2923 967 1

802 981 1074 1048 Interim
1105 977 1380 1047 Carolus
1411 977 1508 1050 lv
1553 977 1862 1047 Boem'iae
1903 977 2053 1047 Rex
2092 979 2360 1055 Ioannis
2402 977 2582 1061 filius
2627 978 2845 1067 Impe-

668 1107 846 1165 rator
876 1093 1244 1162 declaratus
1289 1110 1529 1182 magna
1574 1092 1870 1160 militum
1913 1113 2143 1175 manu,
2187 1106 2257 1160 et
2301 1116 2560 1174 eorum,
2609 1098 2732 1183 qui
2773 1097 2839 1161 in
2922 1078 2923 1083 ἵ

668 1211 1115 1280 vicecomites
1157 1211 1708 1298 conspiraverant,
1752 1209 2007 1277 auxilio
2053 1207 2285 1290 fretus,
2328 1206 2611 1276 ferream
2659 1233 2841 1278 coro·

667 1350 827 1395 nam
859 1323 1223 1393 Mediolani
1268 1324 1350 1389 de
1394 1303 1574 1392 more
1620 1338 2003 1415 accepturus
2036 1327 2116 1393 in
2160 1323 2423 1390 Italiam
2478 1324 2839 1391 descendit.

667 1441 1109 1518 vicecomites
1152 1441 1308 1508 novi
1353 1442 1556 1506 etiam
1602 1452 1748 1506 tum
1793 1442 1862 1506 in
1906 1463 2107 1529 regno
2146 1442 2216 1506 in
2262 1426 2549 1529 quatuor
2587 1458 2843 1507 menses

668 1580 830 1625 eum
874 1557 1170 1626 hostibus
1207 1555 1485 1623 induciis
1529 1558 1736 1646 pactis
1780 1555 1958 1645 apud
2000 1580 2073 1623 se
2115 1541 2410 1646 capiendi
2448 1555 2838 1641 diadematis

663 1666 940 1743 'Caesari
998 1685 1393 1764 potestatem
1454 1670 1793 1752 fecerunt3
1839 1674 1954 1762 qui
1972 1724 1993 1754 ,
2036 1671 2377 1740 Galleacio
2423 1685 2492 1738 et
2536 1672 2839 1740 Barnaba

664 1795 736 1859 in
805 1793 1079 1881 imperio
1147 1788 1547 1858 confirmatis
1575 1841 1594 1870 ,
1659 1792 2008 1880 posteriore
2072 1813 2245 1859 anno
2313 1812 2532 1858 mense
2603 1795 2843 1859 martio

663 1891 947 1974 Romam
981 1903 1308 1994 profectus
1352 1929 1552 1971 aurea
1598 1929 1638 1972 a
1683 1904 1998 1974 Pontifice
2042 1927 2277 1974 corona
2321 1917 2416 1971 est
2461 1903 2835 1973 decoratus.

663 2022 729 2089 Is
771 2023 932 2088 dum
977 2022 1139 2088 Pisis
1185 2035 1349 2088 esset
1380 2013 1466 2088 ab
1498 2021 1780 2110 Ugolino
1814 2022 2148 2109 Gonzaga,
2177 2020 2564 2114 conjurante
2608 2036 2831 2091 contra

665 2160 821 2205 eum
866 2136 1330 2227 Guelphorum
1375 2136 1979 2205 Gambaeurtorum
2023 2135 2315 2218 familia,
2359 2160 2397 2203 a
2446 2140 2681 2204 mortis
2726 2161 2832 2228 pe-
2918 2134 2923 2141 ’

661 2252 872 2322 riculo
916 2252 1227 2319 liberatus
1270 2249 1423 2320 fuit.
1466 2253 1748 2329 Joannes
1792 2276 1945 2321 vero
1989 2251 2374 2342 Olegianus,
2402 2256 2524 2341 qui
2553 2254 2821 2330 Ioannis

665 2371 975 2438 antistitis
1044 2367 1219 2435 filius
1286 2369 1687 2459 putabatur,
1731 2370 1819 2437 ab
1862 2369 2230 2460 Olegioque
2297 2369 2379 2438 ad
2450 2369 2833 2440 Verbanum

662 2485 887 2553 lacum
953 2508 1144 2576 pago·
1175 2499 1684 2574 cognomentum
1731 2484 2022 2567 ferebat,
2065 2491 2269 2578 patris
2327 2499 2540 2555 morte
2610 2488 2834 2556 audita

664 2602 1001 2672 Bononiae
1045 2607 1159 2670 cui
1208 2601 1575 2693 praefectus
1618 2617 1757 2672 erat
1817 2607 2170 2694 imperium
2236 2604 2362 2672 sibi
2429 2608 2708 2672 retinuit
2735 2608 2833 2672 (ι).

663 2718 800 2786 sed
841 2743 996 2786 cum
1042 2720 1166 2787 sibi
1210 2718 1474 2788 idoneas
1517 2720 1601 2786 ad
1645 2702 2128 2787 defendendum
2164 2700 2341 2788 ‘vireo
2382 2719 2593 2786 deesse
2635 2720 2835 2819 intel-

660 2835 923 2926 ligeret,
968 2859 1123 2904 cum
1167 2833 1426 2925 AEgidio
1473 2837 1766 2926 Hispano
1834 2835 2167 2905 Pontificis
2232 2836 2486 2926 legato,
2553 2848 2645 2943 ets
2674 2838 2833 2904 Ate·

664 2956 863 3033 atino,
894 2976 969 3019 ac
999 2952 1324 3042 Gonzagis
1369 2953 1679 3020 adversus
1726 2975 2114 3022 communes
2158 2953 2408 3034 hostes,
2450 2976 2620 3044 quos
2660 2953 2825 3021 hanc

662 3068 975 3155 injuriam
1031 3068 1286 3136 ulturos
1346 3069 1627 3149 sciebat,
1670 3066 1903 3136 foedus
1968 3070 2307 3158 percussit.
2375 3069 2467 3136 Et
2535 3094 2694 3136 cum
2754 3093 2824 3137 ea

666 3195 1062 3272 tempestate
1094 3182 1348 3250 validae
1376 3195 1795 3251 externarum
1840 3188 2136 3273 gentium
2170 3209 2404 3253 manus
2435 3184 2824 3253 haberentur

662 3292 1044 3388 ex'Anglia,
1074 3312 1144 3365 et
1168 3301 1507 3387 Armorico
1536 3299 1832 3382 Oceano,
1864 3303 2307 3391 Hispaniaque
2338 3305 2546 3392 copiis
2580 3304 2817 3382 accitis,

668 3412 1129 3482 formidandus
1194 3414 1523 3483 conflatus
1583 3430 1683 3483 est
1749 3420 2108 3486 exercitus.
2181 3418 2495 3485 Ceterum
2563 3419 2822 3486 Viceco·

663 3533 858 3598 mites
902 3529 1037 3614 jam
1079 3534 1339 3619 magnis
1406 3531 1696 3604 militum
1764 3536 1969 3623 copiis
2035 3523 2382 3602 contractis
2447 3546 2529 3600 ut
2597 3536 2824 3624 primos

663 3646 1009 3736 Gonzagos
1054 3646 1540 3730 ulciscerentur,
1568 3650 1998 3740 Regiensibus
2040 3650 2298 3718 bellum
2341 3649 2597 3717 illaturi
2642 3653 2823 3717 misso

661 3764 1069 3832 Belttamino
1112 3763 1198 3831 ad
1242 3763 1565 3832 Sanctum
1611 3766 1895 3834 Paulum
1941 3768 2398 3836 consederunt.
2443 3766 2574 3836 Eos
2601 3767 2823 3834 Feltri-

661 3903 788 3948 nus
857 3902 989 3947 una
1054 3902 1210 3967 cum
1275 3881 1767 3951 Aldobrandino
1812 3884 2152 3964 Atestino,
2194 3897 2262 3951 et
2305 3882 2817 3953 Bononiensibus

737 4128 818 4199 (ι)
848 4127 1051 4184 Μυῖα,
1083 4131 1352 4203 AEquicola
1385 4133 1444 4186 in
1476 4121 1657 4188 ebron.
1691 4133 1861 4189 Mat.
1893 4112 1984 4187 ms.
2019 4153 2068 4187 ι.
