2950 5017
975 462 1177 520 mnuu
1222 462 1473 510 snmus
1604 427 1613 434 ’
1809 497 1815 504 .
2192 451 2329 533 423
2396 473 2402 482 ·

32 581 470 651 Laurentii
514 577 659 668 filio
705 591 776 648 et
818 580 1050 651 Cosmi
1109 595 1384 674 nepote,
1429 585 1551 674 qui
1606 594 1802 652 antea
1855 584 2138 663 Joannes
2188 581 2334 658 Me-

33 698 294 767 dices
337 698 739 778 vocabatur,
784 697 1105 767 Pontifice
1149 698 1510 777 declarato,
1552 698 1786 769 Petrus
1830 701 2162 786 Cruceus,
2206 708 2329 796 qui

33 814 548 906 Regiensium
607 815 919 904 impensis
984 839 1100 905 per
1168 828 1298 884 tres
1355 816 1497 885 dies
1542 816 1863 886 ducentos
1914 824 2208 910 equites,
2258 834 2330 891 et

37 935 514 1023 quingentos
557 930 811 1021 pedites
855 930 1147 1013 aluerat,
1176 932 1492 1001 discessit.
1523 933 1721 1003 Cives
1748 930 2094 1004 Simonem
2124 937 2326 1006 Bom-

37 1048 386 1117 baeium
434 1060 505 1116 et
547 1029 922 1118 Robertum
965 1049 1397 1132 Messorium,
1440 1050 1526 1118 de
1569 1049 2019 1143 Hispanorum
2065 1053 2330 1141 injuriis

49 1165 295 1256 apud
347 1163 758 1234 Pontificem*
808 1178 1325 1257 conquesturos,
1383 1168 1732 1237 miserunt.
1801 1167 2024 1240 Tanta
2089 1193 2325 1240 eorum

57 1294 257 1349 erat
297 1280 572 1349 licentia
613 1293 697 1349 ut
741 1283 1051 1373 turpibus
1094 1285 1346 1375 rapinis
1387 1307 1527 1353 non
1571 1286 1899 1366 contenti,
1929 1288 2136 1354 etiam
2177 1307 2326 1377 gra·

61 1423 268 1469 vem
315 1401 388 1466 in
434 1399 602 1467 urbe
646 1422 807 1466 cum
860 1399 1123 1469 civibus
1180 1400 1455 1469 turbam
1511 1404 1972 1471 excitaverint.
2019 1402 2173 1472 Uno
2218 1427 2330 1473 eo-

67 1542 260 1587 rnm
310 1518 403 1587 ob
446 1520 888 1610 impotentem
935 1520 1285 1587 avaritiam
1331 1515 1553 1603 caeso,
1584 1531 1655 1589 et
1683 1521 1899 1589 tribus
1927 1520 2329 1605 vulneratis,

67 1634 387 1703 tandem
418 1636 690 1704 civitate
733 1634 933 1721 ejecti
977 1637 1196 1725 primo
1240 1648 1369 1704 tres
1412 1638 1707 1707 insontes
1736 1635 2090 1728 Regienses
2121 1641 2330 1706 truci·
2367 1655 2372 1660 ’

75 1751 399 1833 darunt,
443 1748 760 1841 postridie
803 1753 980 1818 intra
1023 1753 1289 1819 moenia
1332 1753 1404 1820 vi
1444 1755 1812 1843 irrumpere
1856 1757 2082 1826 conati
2126 1778 2169 1822 a
2210 1778 2333 1848 po·
2389 1819 2397 1828 .

77 1868 275 1961 pulo
310 1867 557 1960 repulsi
589 1866 801 1936 fuere.
842 1868 983 1937 Leo
1028 1892 1142 1938 eos
1185 1871 1428 1937 nostris
1469 1867 1721 1938 finibus
1746 1870 2066 1939 excedere
2105 1870 2329 1959 jussit,

82 1985 220 2055 sed
266 1985 429 2053 cu'm
475 2008 597 2053 suo
642 1984 843 2061 dicto,
872 2008 1006 2054 non
1051 1996 1390 2076 parerent,
1418 1985 1697 2077 Prosper
1725 1986 2028 2056 Lanceus
2059 1988 2142 2055 ad
2172 1988 2332 2059 Pro-

85 2126 330 2193 regem
385 2102 749 2193 Hispaniae
804 2100 890 2194 ad
941 2122 1053 2190 eos
1102 2101 1533 2171 removendos
1585 2102 1896 2198 Parmam
1957 2101 2333 2195 profectus,

87 2218 286 2288 nihil
326 2221 738 2310 impetravit.
765 2217 932 2299 Alii,
960 2219 1082 2309 qui
1105 2219 1185 2286 -in
1219 2219 1404 2287 urbis
1433 2220 1764 2311 praesidio
1796 2231 2015 2302 erant,
2046 2222 2332 2313 Hispani

95 2338 341 2406 animo
383 2335 546 2403 elati
590 2335 735 2403 dira
779 2334 1046 2404 civibus
1098 2336 1373 2417 minari,
1427 2339 1691 2428 rapinas
1756 2336 2075 2406 audacius
2144 2363 2333 2408 exer-

97 2477 288 2535 cete,
351 2467 421 2521 et
486 2456 666 2521 rixas
731 2453 990 2543 ubique
1033 2452 1429 2526 insolentius
1473 2458 1773 2537 miscere,
1818 2455 2033 2525 donec
2075 2459 2328 2525 iterum

98 2570 364 2663 populo
408 2570 495 2638 ad
537 2594 727 2639 arma
771 2572 1105 2641 concitato
1136 2573 1497 2661 perterriti,
1525 2571 1694 2640 dum
1728 2571 1931 2640 turba
1959 2572 2327 2656 sedaretur,

99 2692 176 2757 in
223 2689 514 2780 episcopi
559 2685 892 2777 palatium
934 2710 1005 2755 se
1048 2699 1461 2778 receperunt.
1510 2686 1818 2756 Tandem
1863 2699 2095 2756 omnes
2138 2711 2326 2759 revo-
2390 2751 2395 2756 .

102 2807 245 2872 cati
261 2856 286 2887 ,
329 2803 477 2874 solo
518 2815 887 2874 castrorum
940 2800 1274 2895 praefecto
1317 2802 1507 2893 Regii
1554 2814 1898 2884 manente,
1942 2803 2180 2872 urbem
2223 2807 2328 2873 in·
2382 2888 2397 2903 .

107 2920 424 3012 gentibus
467 2920 908 2990 incommodis
965 2919 1363 2988 liberarunt.
1411 2919 1572 2988 Post
1615 2916 1782 2987 haec
1824 2920 2111 2997 Joanues
2153 2920 2330 2989 Mat·

107 3037 348 3106 thaeus
384 3036 566 3128 quod
612 3040 875 3106 avarius
916 3059 990 3105 se
1033 3037 1302 3127 gessisse
1347 3038 1528 3104 visus
1571 3048 1744 3104 esset
1785 3035 2037 3126 populo
2083 3060 2325 3127 parum

108 3168 339 3247 gratus
380 3151 731 3224 Ruffinum
774 3175 1215 3223 successorem
1264 3156 1565 3244 accepit3
1602 3151 1946 3222 discedens
1981 3154 2155 3222 bene
2195 3157 2328 3223 acti

109 3276 534 3365 magistratus
579 3275 1038 3343 testimonium
1079 3296 1126 3341 a
1167 3272 1644 3342 decurionibus
1688 3276 1978 3363 petitum
2021 3272 2326 3342 obtinere

109 3417 244 3463 non
289 3393 537 3483 potuit.
580 3391 867 3469 Ioannes
908 3391 1214 3483 Baptista
1258 3391 1574 3459 Fanensis
1593 3442 1613 3472 ,
1660 3379 1781 3482 qui
1838 3392 1903 3458 ei
1957 3414 2000 3458 a
2062 3394 2329 3462 secretis

109 3520 278 3590 erat,
325 3508 512 3600 quod
557 3508 818 3579 sordide
874 3521 947 3578 et
995 3512 1137 3601 ipse
1181 3505 1482 3578 officium
1537 3510 1907 3577 exercuisse
1957 3508 2327 3591 diceretur,

111 3651 156 3696 a
214 3628 622 3717 Hieronymo
665 3627 927 3697 Ancino
979 3629 1051 3696 in
1117 3627 1295 3698 lecto
1361 3650 1595 3697 caesus
1660 3628 2042 3719 quingentis
2108 3628 2328 3695 aureis

112 3741 438 3836 spoliatus
483 3741 643 3815 fuit.

245 3861 430 3930 Inter
472 3862 595 3950 bos
642 3874 864 3932 motus
908 3863 1108 3931 armis
1152 3860 1444 3954 populus
1504 3872 1808 3930 assuetus
1852 3856 2050 3928 facile
2097 3859 2328 3930 turbas

116 3979 507 4061 suscitabat,
552 3993 623 4047 et
665 4003 824 4048 cum
871 3977 1043 4049 forte
1086 3982 1406 4048 evenisset
1450 3979 1797 4048 hominem
1844 3978 2125 4046 obscuro
2174 3973 2327 4046 loco

117 4107 350 4188 natm
398 4096 490 4163 ab
536 4096 1025 4188 apparitoribus
1071 4096 1162 4165 ob
1205 4094 1424 4165 levem
1470 4118 1741 4163 causam
1786 4096 1968 4186 capi,
2014 4095 2326 4162 universa

119 4209 334 4303 plebs,
378 4214 696 4306 correptis
740 4214 943 4282 armis
985 4223 1069 4281 ut
1109 4233 1270 4282 eum
1314 4212 1675 4294 liberaret,
1701 4216 2037 4303 ingentem
2072 4205 2330 4276 tumul-
