2950 5017
903 439 1101 484 mm
1145 438 1422 484 'tumus
1474 461 1483 470 ·
2116 441 2241 488 201
2254 449 2261 458 ’

47 564 306 632 andito
367 563 450 628 in
515 557 847 628 auxilium
891 558 1314 648 Regiensium
1356 555 1577 625 venire
1627 567 2083 641 maturarunt,
2133 561 2251 627 sed

43 677 181 747 nbi
211 678 302 746 ed
331 677 637 744 Mutinae
677 675 941 743 moenia
985 685 1444 764 pervenerunt,
1473 671 1618 757 ejus
1659 675 1835 741 cives
1872 676 2006 742 sub
2048 678 2253 765 portis

43 817 217 861 cum
261 791 406 861 illis
461 801 738 859 cruento
803 789 1052 879 praelio
1104 789 1540 856 dimicarunt.
1586 786 1961 857 Parmenses
2007 802 2076 857 et
2122 792 2252 880 ipsi

43 912 258 980 nohis
304 933 510 1000 opem
549 908 751 975 laturi
782 929 994 998 usque
1022 905 1107 973 ad
1135 904 1393 986 villam,
1422 927 1598 996 quae
1624 903 1797 973 Casa
1822 905 1949 972 Dei
1983 908 2255 989 dicitur,

43 1030 297 1118 copias
333 1026 700 1104 duxeruut,
741 1022 856 1092 sed
899 1035 982 1090 ut
1021 1003 1416 1113 proscriptos
1460 1021 1826 1089 discessisse
1873 1023 2255 1105 audieruut,

47 1168 134 1213 re
189 1141 445 1212 infecta
487 1142 764 1211 domum
807 1151 968 1209 sunt
1009 1143 1247 1208 reversi
1265 1188 1281 1205 .
1334 1138 1541 1206 Plebe
1587 1138 1827 1207 deiude
1875 1142 1947 1206 in
2001 1141 2256 1209 nobiles

47 1260 403 1327 neviente
445 1255 884 1325 Bernardinus
926 1254 1281 1324 Folleanus
1323 1253 1664 1345 carpineti
1707 1253 2020 1321 ecclesiae
2065 1255 2257 1323 Prae-

57 1371 321 1454 feam,
366 1395 569 1463 quem
611 1371 1064 1460 Praepositum
1118 1369 1481 1450 vocabant,
1545 1368 1884 1459 precibus,
1941 1367 2262 1437 lacrimis·

59 1513 207 1580 qne
251 1487 588 1578 populum
628 1486 1003 1557 obtestatur
1019 1535 1040 1567 ‚
1084 1509 1168 1553 ne
1209 1488 1372 1553 satis
1413 1497 1732 1555 vexatam
1777 1484 2260 1575 rempublicam

65 1603 370 1695 amplius
410 1600 797 1693 affligerent,
840 1604 1129 1691 optimos
1172 1625 1475 1692 quosque
1519 1625 1786 1692 operam
1831 1601 2135 1682 daturos,
2176 1625 2261 1670 ne

69 1721 264 1811 quod
303 1718 566 1786 malum
607 1720 682 1787 in
723 1716 1130 1808 reipublicae
1156 1717 1630 1785 detrimentum
1670 1730 2090 1807 sequeretur-2
2136 1720 2266 1785 ita-

73 1857 222 1924 que
263 1831 627 1902 furentium
657 1833 893 1900 animis
923 1831 1202 1922 placatis
1230 1833 1706 1923 aliquantisper
1744 1832 1942 1899 turba
1979 1835 2261 1922 quievit.

77 1949 465 2018 Monachos
484 1952 861 2037 proditores
890 1948 1122 2015 Abbas
1166 1953 1240 2014 in
1282 1954 1569 2037 gratiam
1598 1948 1885 2038 benigne
1918 1927 2263 2017 restitutos

77 2066 399 2153 templum
426 2043 838 2154 Pratifontis
868 2062 1172 2162 habitare
1205 2066 1422 2152 jussit
1430 2086 1463 2149 ,⁶
1507 2068 1629 2132 sed
1668 2063 1742 2130 1ιὶ
1773 2077 2022 2153 postea
2052 2068 2123 2130 in
2149 2068 2268 2131 ‘oia

79 2203 123 2246 a
161 2179 511 2248 Luni-sinis
555 2184 807 2249 inventi
874 2182 1190 2247 trucidati
1241 2180 1474 2269 fuere.
1521 2180 1775 2250 Contra
1814 2182 2105 2269 Bojardi
2115 2229 2143 2264 ,
2186 2193 2269 2248 ut
2283 2176 2298 2191 ⁹

79 2300 410 2385 sanguine
467 2300 860 2384 sanguinem
914 2299 1372 2380 vindicarent,
1419 2296 1751 2373 Ioannem
1810 2295 2088 2364 Mutum
2130 2295 2270 2363 Ab·

82 2410 253 2479 batis
297 2424 697 2500 cognatum,
727 2413 883 2478 dum
916 2411 1283 2480 Pistorium
1328 2416 1550 2478 iturus
1583 2433 1801 2501 prope
1846 2411 2270 2479 Macer-atam

85 2526 437 2594 Gabellum
503 2532 773 2611 transit,
845 2531 1216 2595 immaniter
1252 2530 1686 2616 jugularunt.
1731 2528 2022 2595 Demum
2063 2527 2272 2596 Luoi-

85 2645 251 2725 sini,
279 2655 348 2708 et
383 2639 581 2708 Muta·
623 2642 974 2729 Bojardis,
1016 2643 1416 2731 Ruggeriis,
1461 2656 1533 2709 et
1575 2641 2011 2709 Flordebellis
2072 2640 2272 2709 bono-

90 2779 227 2824 rum
263 2760 554 2825 virorum
597 2778 802 2846 opera
843 2759 1190 2832 conciliati
1218 2758 1444 2847 fuere.
1502 2755 1635 2822 Sed
1681 2780 1815 2823 nou
1862 2754 2076 2824 multo
2123 2767 2272 2845 post

92 2893 266 2938 nova
325 2873 619 2952 insania,
662 2870 822 2938 dum
869 2874 1151 2962 quisque
1204 2872 1529 2940 dominari
1574 2871 1997 2938 ambitiosius
2047 2873 2268 2960 cupit,

95 2984 268 3054 aliae
307 2988 546 3054 civium
591 3000 966 3057 nostrorum
1012 2999 1282 3055 exortae
1352 2999 1510 3054 sunt
1576 2985 1921 3054 factiones.
1970 2984 2272 3054 Folleani

94 3103 266 3170 enim
313 3100 773 3193 Guelphorum
828 3105 1154 3193 principes
1221 3101 1457 3194 populi
1523 3104 1819 3192 potentia
1864 3102 2062 3182 elati,
2107 3102 2271 3169 dum

95 3218 248 3290 alios
288 3223 488 3291 cives·
515 3217 716 3289 feroci
759 3223 1019 3311 ingenio
1063 3222 1346 3312 superbe
1390 3233 1858 3301 contemnunt,
1902 3245 1944 3286 a
1989 3220 2265 3288 Bernar-

96 3335 236 3406 dino
279 3350 529 3429 agnato
569 3338 982 3428 reprehensi,
1011 3351 1228 3428 spreto
1258 3338 1563 3418 consilio,
1595 3341 2041 3428 propinquum
2088 3341 2274 3428 igno·

96 3458 288 3521 minis,
332 3453 673 3535 afficiunt3
716 3454 836 3521 ille
880 3455 1234 3523 clientibus
1277 3460 1600 3545 stipatus,
1648 3467 1728 3521 ut
1774 3467 2115 3546 acceptam
2170 3458 2273 3523 in·

97 3567 326 3650 iuriam
370 3570 825 3650 ulcisceretur,
867 3572 1270 3638 interneciuo
1316 3571 1468 3639 odio
1513 3574 1856 3638 civitatem
1888 3571 2145 3651 divisit,
2193 3594 2271 3637 ac

99 3681 356 3753 demum
385 3686 474 3753 ad
505 3685 871 3753 Gibellinos
899 3710 968 3753 se
1000 3686 1307 3754 eontulit.
1350 3686 1743 3755 Incolebant
1788 3699 1936 3753 tum
1969 3685 2271 3754 Folleani

99 3798 385 3872 ultionem
431 3803 614 3869 urbis
655 3815 947 3894 partem,
992 3827 1165 3893 quae
1207 3813 1310 3871 est
1353 3826 1548 3893 supra
1594 3807 1773 3872 viam
1821 3805 2104 3893 regiam,
2150 3803 2272 3870 ubi

103 3915 362 3988 collecta
413 3921 789 3988 vicinorum
866 3944 1110 4001 manu,
1170 3943 1324 3986 eum
1393 3919 1702 3988 adversus
1775 3920 1943 3987 alios
2010 3919 2276 3987 inferio-

103 4053 228 4100 rem
283 4038 613 4125 regionem
683 4035 1059 4104 habitantes
1127 4049 1568 4116 armarentur,
1630 4041 1892 4118 evenit,
1958 4049 2037 4103 ut
2104 4035 2272 4102 haec

109 4165 238 4233 pan
279 4147 577 4233 Inferior,
619 4150 738 4220 illa
782 4149 1090 4243 Superior
1133 4162 1498 4221 vocaretur.
1547 4150 1979 4242 Superior-um
2024 4154 2270 4242 princi-
