2950 5017
702 404 828 473 172
1429 403 1664 448 nanum
1709 403 2123 449 ateramum

692 505 1113 617 Regiensium
1155 527 1380 616 copiae
1409 528 1713 616 speciosis
1742 526 1959 595 verbis
2004 535 2073 594 et
2114 524 2351 615 opimis
2394 524 2629 615 spoliis
2670 524 2873 595 hone·

688 652 904 711 statae
927 642 1203 711 domum
1233 644 1537 709 remissae
1564 639 1861 710 fuerunt.
1892 640 1985 708 Et
2016 664 2218 722 anno,
2246 643 2366 732 qui
2395 638 2533 709 fuit
2561 664 2872 725 nomm,

685 755 1066 826 Bonifacius
1106 741 1771 846 OanossaRegiensis
1817 757 2074 825 Patavii
2117 756 2389 826 Praetor
2433 755 2596 839 fuit,
2647 761 2764 825 cui
2802 771 2866 826 et

689 879 990 966 sequenti
1027 874 1444 967 Rolandinus
1487 874 1778 942 canossa
1838 874 1985 961 ejus
2054 876 2465 964 propinquus
2532 878 2864 943 succesdt.
2920 899 2921 902 ¹

688 993 950 1064 Interea
977 993 1260 1069 Jacobus
1290 991 1558 1059 Praetor
1604 1014 1645 1057 a
1690 988 1919 1064 Sessiis
1949 990 2460 1081 Gibellinisque,
2496 1003 2566 1057 et
2610 992 2867 1059 civibus
2920 1035 2921 1048 κ

687 1113 868 1200 pacis
921 1108 1165 1176 arbiter
1207 1106 1463 1189 factus,
1516 1110 1798 1196 pecunia
1864 1130 1906 1172 a
1969 1106 2461 1175 Mutinensibus
2521 1119 2863 1197 corruptus

685 1222 858 1293 nihil
898 1226 1059 1313 egit.
1106 1224 1408 1292 Hominis
1450 1219 1760 1291 sordibus
1803 1221 2074 1288 detectis
2117 1232 2273 1310 post
2315 1234 2638 1310 quartum
2671 1246 2864 1312 quam

684 1343 1147 1431 magistratu-m
1202 1341 1485 1407 iniverat
1537 1347 1830 1406 mensem
1897 1349 2371 1407 exauctoratus
2438 1341 2651 1405 totius
2723 1344 2865 1406 anni

686 1467 961 1547 accepto
1025 1455 1261 1523 salario
1326 1454 1640 1522 discessit.
1705 1454 1815 1520 Ita
1856 1452 2307 1544 locupletatus
2350 1451 2561 1520 filiam
2607 1455 2867 1521 Alberti

682 1571 1162 1641 Caccianemici
1220 1571 1646 1640 Bononiensis
1710 1568 1961 1638 nobilis
1983 1618 2003 1650 ,
2046 1580 2116 1637 et
2159 1568 2471 1637 ditissimi
2539 1571 2670 1637 viri
2739 1569 2865 1638 filio

637 1747 644 1754 .
684 1689 911 1780 ampla
936 1690 1094 1759 dote
1123 1692 1489 1757 constituta
1534 1690 1779 1778 nuptui
1812 1686 2111 1754 tradidit.
2143 1685 2309 1773 Ejus
2339 1685 2488 1755 loco
2516 1685 2863 1777 Regienses

682 1806 1171 1875 Bondenarium
1213 1804 1648 1884 suffecerunt,
1678 1807 1799 1894 qui
1825 1804 2264 1891 justissimus,
2306 1802 2496 1871 nulla
2541 1802 2862 1871 nobilium

682 1926 942 1991 ratione
1006 1923 1240 1989 habita
1258 1973 1278 2003 ‚
1344 1945 1718 2012 pauperum
1786 1932 1856 1988 et
1922 1919 2320 2010 reipublicae
2392 1920 2547 2006 iura
2609 1943 2863 1987 summa

684 2042 1017 2136 aequitate
1059 2035 1387 2105 defendit.
1445 2038 1668 2124 Hujus
1711 2036 2175 2126 Terringucius
2242 2035 2591 2103 Gallucius
2662 2036 2864 2104 Bono-
2920 2099 2921 2102 ,

683 2157 922 2226 niensis
989 2175 1319 2224 successor
1392 2156 1636 2243 rapinis
1705 2155 2002 2220 intentus
2060 2152 2583 2232 inter-vertendae
2625 2152 2863 2242 Reipu-

683 2269 895 2336 blicae
960 2273 1276 2360 pecuniae
1340 2293 1601 2361 semper
1658 2251 1955 2351 studuid,
2000 2292 2137 2336 uno
2183 2277 2461 2357 excepto
2509 2267 2861 2335 zaccharia
2920 2319 2921 2324 η

679 2385 719 2462 J
726 2385 935 2467 udice,
974 2384 1207 2453 iisdem
1238 2387 1532 2456 moribus
1563 2386 1930 2476 praeditam
1962 2383 2295 2464 familiam
2326 2383 2604 2450 habuit.
2640 2385 2862 2466 Quare
2920 2361 2921 2374 ἵ

680 2515 830 2593 post
872 2506 1164 2592 primum
1218 2514 1527 2571 semestre
1585 2503 1890 2570 dimissus
1930 2502 2236 2594 ‘ejusque
2291 2499 2443 2569 loco
2489 2499 2861 2568 manfredus

680 2642 722 2685 a
766 2618 1016 2689 Saxolo
1060 2617 1372 2686 suffectus
1417 2616 1589 2686 fuit-2
1636 2620 1763 2688 sub
1808 2642 1945 2708 quo
1989 2617 2253 2684 Petram
2282 2615 2632 2695 Sanctam,
2660 2638 2860 2704 quam

679 2734 797 2802 alii
827 2734 1119 2803 Situlam
1150 2737 1510 2817 vocabant,
1543 2748 1771 2826 postea
1801 2734 2265 2803 Bismantuam
2303 2732 2556 2799 dictam
2606 2730 2861 2797 Turdus

678 2854 957 2924 obscuro
1020 2854 1167 2924 loco
1207 2867 1430 2922 natus
1492 2854 1671 2922 clam
1728 2857 2056 2920 invaserat
2077 2902 2097 2934 ,
2142 2873 2292 2918 eam
2336 2848 2421 2916 ad
2465 2849 2860 2916 deditionem

676 2971 985 3062 compelli
1030 2973 1324 3062 placuit:
1364 2973 1567 3041 Cives
1610 2971 1695 3038 de
1738 2968 2110 3062 recipiendo
2164 2965 2683 3057 inexpugnabili
2726 2963 2859 3032 loco
2920 3011 2921 3020 η

678 3086 872 3154 valde
917 3090 1177 3168 anxios,
1221 3088 1583 3164 Jacobinus
1616 3111 1667 3152 -a
1713 3084 1976 3151 Palude.
2009 3087 2189 3151 acuti
2244 3084 2493 3172 ingenii
2542 3083 2645 3150 vir
2690 3080 2856 3147 omni

652 3202 1121 3271 sollicitudine
1178 3202 1520 3268 liberavit.
1581 3198 2009 3268 Delectorum
2064 3201 2241 3267 enim
2284 3196 2590 3265 militum
2653 3216 2851 3262 mauu

680 3331 974 3406 accepta,
1004 3318 1330 3383 concubia
1360 3331 1551 3383 nocte
1595 3318 1666 3381 iu
1712 3326 2071 3403 angustum
2103 3318 2247 3381 saxi
2280 3312 2520 3384 collem
2553 3310 2853 3388 ascendit,

650 3499 655 3504 .
681 3454 759 3497 ac
802 3447 1064 3499 summo
1107 3404 1269 3520 jugo
1312 3442 1649 3518 superate,
1678 3432 1921 3496 sensim
1952 3428 2252 3525 agiliores
2282 3430 2352 3496 in
2383 3419 2657 3498 murum
2674 3407 2857 3493 ‘scan-

680 3546 831 3614 dere
871 3546 1086 3633 jubet.
1134 3547 1231 3612 Ut
1275 3549 1611 3613 moenium
1659 3548 1893 3635 pinnas
1938 3548 2188 3634 attigit,
2218 3543 2708 3612 dormientibus
2750 3563 2853 3607 cu-

680 3663 940 3743 stodiis.
988 3663 1247 3731 nullam
1313 3660 1485 3729 forte
1553 3661 1849 3751 vigiliam
1919 3663 2196 3729 invenit.
2252 3660 2360 3748 lbi
2433 3660 2602 3726 ostio
2669 3656 2857 3723 turris

683 3779 970 3865 dejecto,
1015 3776 1471 3867 clangentibus
1519 3778 1734 3874 tubis,
1780 3780 2232 3867 timpanorum
2303 3776 2595 3855 tinnitu,
2639 3786 2712 3840 et
2752 3772 2855 3840 ho-

681 3898 942 3961 minum
1006 3894 1292 3964 clamore
1357 3894 1652 3985 undique
1702 3915 1954 3984 :saxum
2019 3869 2317 3961 resonare
2366 3888 2559 3956 facit.
2604 3885 2854 3954 Turdus

679 4016 960 4104 strepitu
1020 4015 1315 4108 excitus?
1377 4024 1636 4101 arrepto
1705 4034 1908 4101 quem
1975 4033 2180 4099 prope
2247 4007 2544 4076 habebat
2610 4003 2847 4095 gladio,

677 4128 873 4222 nudis
916 4139 994 4196 ut
1036 4132 1260 4218 potuit
1302 4126 1582 4217 pedibus
1612 4123 1811 4217 fugit,
1840 4124 1952 4196 sed
1981 4124 2166 4193 dum.
2189 4118 2480 4192 latebras
2511 4121 2779 4212 quaerit
2810 4139 2843 4181 a
