2950 5017
983 440 1182 486 Lissa
1228 437 1552 492 sarnum
1582 455 1589 462 ·
2218 428 2346 511 461
2370 435 2375 442 “

47 554 414 632 Romus
456 570 769 652 quaestor
797 645 804 656 ·
835 558 1012 630 hanc
1071 565 1437 632 orationem
1485 562 1805 632 hahuisse
1838 560 2089 633 fortun
2136 566 2355 639 Doleo

67 677 502 769 equidem,
538 677 919 768 Optimates
969 681 1379 776 gravissimi,
1424 679 1606 771 quod
1651 679 1823 748 ha'ec
1865 685 2210 773 inopinata
2254 689 2358 754 in,

61 795 462 886 expiabili
514 794 770 864 scelere
813 799 1008 864 ruina
1070 799 1418 866 civitatem
1478 801 1837 880 invaserit,
1876 824 2016 890 qua
2064 802 2360 871 trucida·

69 922 288 980 tum
356 912 764 1003 praesidem,
812 913 1152 1003 direptum
1202 913 1570 1003 palatium,
1615 938 1836 984 caesos
1881 920 2099 998 cives,
2143 917 2355 1009 pluri„

65 1052 283 1098 mos
336 1028 617 1115 ejectos,
663 1032 965 1097 incensas
1010 1029 1283 1110 domos,
1350 1053 1428 1098 ac
1498 1054 1670 1121 pene
1737 1033 2047 1100 amissam
2116 1033 2357 1102 urbem

73 1148 451 1235 spectavi.
498 1144 655 1214 Non
704 1145 1125 1215 mediocriter
1145 1158 1385 1214 -tamen
1417 1147 1596 1217 banc
1628 1150 1836 1215 animi
1869 1150 2357 1238 aegritudinem

79 1260 300 1330 lenit
318 1312 340 1343 ,
386 1261 571 1353 quod
628 1263 701 1329 in
754 1272 945 1334 tanto
990 1262 1289 1353 periculo
1334 1263 1681 1355 publicam
1727 1267 2110 1334 restitutam
2154 1281 2358 1356 pecu*

81 1380 360 1459 niam,
406 1392 476 1447 et
540 1381 610 1446 in
678 1402 801 1450 suo
866 1391 1054 1448 statu
1120 1381 1450 1450 retentam
1515 1381 1757 1450 urbem
1802 1384 2159 1473 conspicio.
2206 1376 2355 1451 Neo

89 1519 380 1587 parum*
437 1499 510 1566 in
575 1509 683 1568 tot
743 1501 1079 1568 aerumnis
1125 1501 1522 1578 sanctissimi
1565 1497 1907 1569 Pontificis
1952 1512 2356 1592 conceptum

93 1612 433 1684 dolorem
478 1616 868 1704 mitigatum
911 1617 993 1682 iri
1039 1616 1357 1698 arbitror,
1411 1639 1576 1686 cum
1609 1639 1760 1692 ,νοῦ
1822 1641 1945 1707 pro
2012 1630 2231 1688 vestra
2282 1621 2356 1688 iu

97 1732 356 1821 ipsum
403 1729 754 1804 affectione
796 1732 926 1804 sub
971 1730 1308 1800 Ecclesiae
1378 1732 1593 1802 tutela
1640 1733 2096 1824 permansisse
2151 1734 2356 1804 intel·-
2420 1825 2427 1828 .

99 1846 319 1940 liget.
364 1846 649 1918 Proinde
693 1852 750 1916 si
795 1852 950 1939 quis
995 1852 1221 1918 minus
1263 1849 1446 1938 juste
1511 1861 1670 1919 ante
1722 1853 2070 1922 civitatem
2115 1853 2359 1942 guber-

103 1968 347 2046 navit,
376 1962 634 2056 spe'rate
664 1968 1166 2055 integerrimum
1199 1978 1271 2034 et
1299 1970 1943 2057 incorruptissimum
1991 1980 2353 2052 rectorem,

107 2086 252 2174 qui
297 2106 567 2151 summa
629 2087 972 2175 aequitate
1017 2088 1249 2154 omnia
1307 2088 1397 2153 sit
1452 2073 2068 2167 administraturus,
2099 2102 2356 2179 *prope*

109 2201 312 2270 diem
355 2214 838 2274 successurum.
883 2202 1160 2271 Interim
1208 2214 1500 2271 vestram
1546 2206 1674 2294 ipsi
1731 2206 2018 2294 patriam
2063 2229 2223 2276 non¹¹
2242 2204 2357 2273 de-

115 2320 354 2399 serite,
384 2331 456 2386 et
485 2338 693 2409 quam
739 2318 877 2388 huc
920 2342 1137 2410 usque
1180 2323 1483 2391 servastis
1528 2319 1731 2398 fidem
1779 2334 2129 2411 praestate.
2166 2321 2353 2391 Urbe

119 2434 216 2504 ad
262 2459 693 2506 communem
742 2436 1299 2527 tranquillitatem
1361 2440 1755 2528 opportunis
1806 2439 2146 2528 praesidiis
2200 2463 2356 2507 mu-

117 2557 306 2636 nita,
349 2554 614 2638 Leonis,
639 2553 1184 2626 benevolentiam
1230 2558 1721 2646 provocabitis,
1765 2578 1846 2623 ae
1892 2556 2109 2625 vobis·
2141 2560 2351 2624 etiam

118 2673 294 2762 ipsis
315 2661 639 2746 ,securam
683 2672 1030 2740 civitatem
1077 2669 1362 2744 facietis.
1416 2674 1563 2740 Hac
1606 2673 1909 2739 oratione
1952 2668 2352 2739 confirmata

121 2789 317 2858 curia
361 2799 581 2874 ternos
625 2807 713 2854 ex
754 2807 1030 2879 quaque
1077 2787 1263 2856 trihu
1315 2785 1687 2878 praefectos
1741 2785 1963 2876 eligit,
2008 2789 2128 2877 qui
2187 2810 2350 2856 cum

120 2903 392 2973 civibus
444 2902 782 2971 tumultus
836 2904 1267 2993 prohibeant,
1316 2917 1386 2970 et
1444 2906 1708 2971 moenia
1754 2903 2091 2992 dispositis
2147 2926 2352 2971 excu-

120 3019 257 3088 biis
308 3019 398 3088 ab
449 3017 959 3092 imminentibus
1014 3033 1491 3088 extraneorum
1538 3017 1942 3092 factionibus
1997 3033 2344 3088 tueantur.

119 3137 446 3209 Postridie
489 3137 879 3208 Matthaeus
924 3137 1214 3206 Strotius
1255 3161 1414 3205 cum
1472 3151 1751 3205 eentum
1815 3138 2030 3205 tribus
2099 3140 2347 3228 equiti-

120 3256 281 3337 bus,
323 3267 400 3323 et
441 3255 884 3347 quadraginta
942 3256 1282 3348 peditibus
1347 3255 1433 3323 ad
1501 3256 1921 3324 retinendum
1980 3258 2061 3323 in
2124 3254 2345 3326 officio

119 3370 492 3463 populum,
535 3385 607 3442 et
649 3395 919 3442 omnem
977 3372 1497 3464 propulsandam
1551 3372 1866 3459 injuriam
1915 3373 2122 3440 venit,
2171 3373 2346 3453 Leo,

124 3488 363 3557 audita
407 3488 733 3560 Gozadini
777 3490 1018 3572 caede,
1049 3494 1114 3558 ei
1144 3492 1579 3560 Franciscum
1610 3489 2158 3558 Guicciardinum
2192 3485 2351 3558 Flo-

124 3609 472 3684 rentinum
516 3611 738 3678 virum
804 3631 1072 3699 gravem
1091 3659 1110 3689 ,
1170 3622 1240 3676 et
1301 3608 1703 3700 professione
1765 3607 2347 3696 jureconsultum,

125 3727 565 3819 justitiaeque
591 3726 933 3797 ,cultorem
977 3725 1286 3810 suffecit3
1333 3732 1454 3819 qui
1502 3728 1682 3819 apud
1742 3729 2119 3798 exercitum
2181 3747 2347 3813 pon-

129 3842 416 3914 tificium
460 3860 776 3938 quaestor
819 3850 1075 3938 integra
1117 3845 1249 3914 fide
1301 3847 1442 3914 sihi
1507 3846 1929 3914 commissam
1986 3846 2346 3934 pecuniam

132 3963 746 4046 administraverat,
808 3977 898 4034 et·
948 3979 1190 4055 magna
1223 3987 1418 4034 .cum
1480 3962 1685 4030 laude
1750 3974 1947 4031 antea
1999 3962 2348 4041 Parmam,

129 4080 546 4152 Placentiam
574 4129 596 4164 ,
663 4081 1032 4152 Bononiam
1058 4132 1079 4164 ‚
1148 4093 1218 4149 'et
1294 4091 1509 4152 totam
1582 4079 1871 4170 denique
1937 4077 2347 4146 Flaminiam

129 4201 527 4292 aequissime
571 4210 879 4284 texeram
923 4210 993 4270 et
1037 4212 1204 4270 tuno
1241 4198 1547 4269 Mutinae
1591 4194 1993 4291 praefectus,
2022 4195 2344 4266 extinctis
