2950 5017
915 441 1114 489 arsura
1162 440 1454 581 ocrsws
2147 425 2279 492 513

74 564 260 634 sssrci
292 564 588 633 Antonii
618 561 995 632 Columnae
1021 564 1306 633 cadaver
1345 588 1417 632 nn
1463 561 1598 632 alia
1625 560 1889 646 lectica,
1918 575 1991 631 et
2021 563 2283 648 villosa,

74 681 160 749 cd
206 682 420 772 nigra
483 679 795 749 bombice
856 692 1071 763 tecta,
1113 680 1553 773 sequebatur,
1594 703 1805 771 qnam
1847 679 2008 749 alba
2050 681 2285 749 dama-

74 822 246 867 ceno
299 807 514 888 opere
552 796 891 866 elaborata
934 821 1103 866 crux
1143 797 1623 888 distinguebat.
1669 797 1931 866 Diversi
1974 801 2279 867 crucium

74 912 330 994 micres,
378 912 675 1001 alterum
728 911 1098 993 Ecclesiae,
1166 911 1455 981 alterum
1524 911 1881 981 Gallorum
1949 916 2283 990 exercitui

74 1027 422 1097 ›raefuisse
451 1027 946 1119 significabant.
977 1027 1222 1097 AEneas
1250 1049 1409 1097 cum
1440 1029 1964 1119 magistratibus,
1992 1041 2062 1097 et
2093 1031 2278 1101 urbis

74 1146 500 1215 nobilissimis
541 1147 805 1217 civibus
849 1145 935 1215 ad
964 1145 1037 1215 S.
1070 1145 1396 1238 Stephani
1443 1161 1707 1237 portam
1754 1146 2028 1220 obviam
2073 1151 2285 1231 exiit3

74 1264 524 1356 religiosisque
588 1281 747 1333 cum
814 1263 1159 1334 funalibus
1214 1254 1765 1356 praecedentibus
1804 1263 2280 1336 defunctorum

72 1380 374 1471 reliquias
423 1380 517 1448 ad
560 1380 890 1471 templum
938 1380 1159 1468 majus
1184 1381 1497 1450 deduxit.
1530 1381 1849 1451 Postridie
1889 1384 2143 1450 naeniis
2172 1381 2287 1449 de-

72 1500 340 1565 cantatis
389 1498 483 1566 ad
514 1496 589 1567 S.
622 1498 799 1566 Petri
846 1511 1108 1590 portam
1151 1497 1385 1596 eadem
1430 1521 1678 1590 pompa
1704 1498 2059 1569 honestata
2087 1498 2283 1567 cada-

72 1635 244 1695 vera,
290 1626 364 1683 et
409 1615 573 1683 inde
603 1614 876 1684 Fundos
907 1613 1467 1683 columnensium
1512 1615 1752 1683 urbem
1780 1615 2024 1688 ,delata
2068 1613 2281 1684 fuere.

187 1730 518 1799 Ceterum
550 1730 795 1800 Vitalis
825 1731 1180 1811 Morottus,
1211 1733 1325 1797 cui
1357 1730 1569 1800 libera
1615 1754 1731 1822 per
1776 1743 1955 1801 totos
1997 1732 2284 1801 baccha-

72 1844 300 1915 nalium
331 1847 486 1915 dies
528 1850 600 1915 in
646 1846 990 1918 montibus
1033 1845 1338 1915 versandi
1368 1843 1660 1914 facultas
1689 1870 2000 1916 concessa
2030 1846 2281 1931 fuerat,

72 1977 200 2051 post
261 1964 333 2031 id
403 1979 680 2055 tempus
717 1962 1052 2055 ·Alpbonsi
1122 1962 1442 2032 mandato
1489 1964 1579 2031 ab
1623 1962 1836 2032 AEnea
1880 1965 2032 2048 Pio,
2086 1965 2284 2034 velut

72 2078 144 2145 ad
183 2084 634 2149 necessarium
697 2084 1074 2172 negotium,
1118 2092 1436 2150 vocatur.
1481 2080 1638 2162 Ille,
1683 2084 1899 2171 genio,
1933 2081 2280 2152 hominem

73 2194 149 2260 ad
186 2196 599 2289 supplicium
647 2212 914 2288 agente,
957 2196 1126 2266 nihil
1173 2199 1421 2265 sinistri
1465 2198 1880 2288 suspicatus,
1923 2198 2281 2270 duodecim

74 2321 322 2382 tantum
367 2315 885 2396 comitantibus,
932 2339 1128 2383 mane
1160 2315 1442 2405 Regium
1490 2319 1701 2384 venit.
1750 2316 1902 2392 Jam
1950 2316 2036 2384 ad
2081 2320 2279 2408 quin-

77 2439 211 2496 tum
255 2432 344 2500 ab
389 2434 569 2501 urbe
632 2431 919 2523 lapidem
985 2444 1406 2523 pervenerat,
1451 2456 1649 2514 cum,
1694 2437 1916 2503 nescio
1958 2456 2103 2524 qua·
2144 2433 2284 2504 doli

76 2550 426 2637 suspicione
471 2552 804 2618 sociorum
853 2550 1196 2618 mentibus
1241 2549 1522 2637 injecta,
1554 2553 1960 2624 evocationis
2002 2567 2278 2619 causam

77 2662 233 2730 inter
273 2688 341 2732 se
386 2664 774 2736 conferunt.
806 2666 986 2734 Tum
1036 2690 1212 2735 unus
1250 2671 1320 2734 in
1352 2666 1654 2733 vitalem
1691 2688 2080 2738 conversus:
2113 2689 2279 2757 quo,

78 2777 318 2868 inquit,
359 2783 695 2864 Morotte,
756 2781 946 2851 nulla
1013 2781 1143 2851 fide
1204 2780 1480 2874 publica
1547 2794 1821 2873 accepta
1888 2780 2282 2851 tendimus?

78 2893 225 2964 adeo
264 2922 347 2968 ne
389 2897 799 2969 confidentes
842 2921 1076 2966 sumus
1139 2911 1219 2966 ut
1278 2901 1464 2967 omni
1517 2898 1755 2968 salutis
1798 2922 1961 2969 cura
2007 2899 2279 2987 abjecta

79 3017 293 3100 sponte
335 2991 484 3086 nos‘
506 3019 708 3086 morti
755 3029 1000 3084 temere
1044 3015 1495 3103 objiciamus?
1538 3014 1823 3099 suadeo,
1868 3016 2035 3084 dum
2078 3016 2278 3098 licet,

83 3141 153 3194 ut
193 3134 394 3201 vitam
441 3155 810 3208 servemus.
845 3132 1092 3202 Vitalis
1122 3156 1350 3201 omnes
1378 3134 1558 3201 bono
1601 3136 1825 3202 animo
1871 3157 2010 3200 esse
2053 3134 2277 3220 jubet,

80 3257 393 3319 vetustam
433 3275 515 3320 se
559 3274 718 3320 cum
763 3252 898 3319 Piis
942 3252 1313 3317 amicitiam
1360 3248 1606 3330 colere,
1636 3247 1809 3317 nihil
1855 3248 2019 3322 mali
2063 3250 2152 3317 ab
2195 3273 2278 3317 ea

84 3355 357 3450 familia,
396 3392 576 3460 quae
646 3367 777 3437 sibi
849 3390 1108 3457 semper
1160 3363 1367 3445 favit,
1412 3388 1600 3456 posse
1660 3368 2021 3457 expectari.
2067 3364 2277 3437 Sociis

88 3498 260 3567 aegre
302 3488 624 3573 persuasis
669 3485 904 3553 urbem
949 3486 1301 3575 ingressus,
1328 3480 1613 3572 AEaeam
1657 3484 1848 3567 adiit,
1893 3508 1935 3553 a
1977 3506 2115 3576 quo
2158 3484 2282 3551 be-

90 3595 273 3683 nigna
314 3598 530 3671 fronte
572 3602 888 3671 simulate
949 3603 1316 3691 excipitur,
1371 3611 1441 3668 et
1504 3603 1855 3696 tamquam
1919 3601 2052 3669 alia
2112 3601 2274 3670 bora

92 3732 163 3778 00
203 3736 357 3804 opus
397 3732 606 3802 esset,
647 3723 928 3790 comiter
970 3718 1373 3788 dimittitur:
1416 3718 1729 3810 postridie
1773 3716 2061 3785 abeundi
2090 3738 2279 3785 com-

96 3841 370 3901 meatum
414 3848 754 3926 petentem
798 3834 1045 3904 AEneas
1111 3838 1331 3926 specie
1394 3836 1795 3902 instantium
1854 3833 2275 3924 negotiorum

96 3941 170 4008 nd
211 3968 541 4041 vesperam
585 3967 990 4050 remoratum
1036 3977 1198 4024 mox
1242 3950 1758 4045 apparitoribus,
1786 3953 1905 4042 qui
1938 3953 2280 4019 venientes

95 4060 450 4150 retinerent,
478 4073 547 4138 in
578 4068 832 4140 insidiis
859 4068 1230 4154 collocatis,
1251 4067 1711 4140 oborientibus
1741 4065 2027 4140 tenebris
2053 4089 2282 4136 rursus

95 4192 374 4253 vocatur.
416 4186 695 4273 vitalis,
742 4198 824 4260 ut
865 4200 1010 4258 erat
1052 4189 1238 4260 omni
1280 4188 1656 4279 suspicione
1710 4184 1920 4269 liber,
1960 4207 2083 4255 sex
2125 4194 2277 4254 tan-

1946 4300 2012 4354 33
