2950 5017
613 410 745 477 52ss
1358 423 1604 472 urrann
1645 422 2072 472 nonnum

608 545 907 616 eenteuis
949 541 1257 613 millibns
1297 563 1657 614 aureorum
1709 567 2072 613 nummum
2134 541 2531 635 persolutis,
2577 542 2825 615 offides
2895 545 2896 606 1

609 662 780 731 filios
823 660 1196 731 incolumes
1244 651 1722 753 recuperaret,'
1770 676 1844 729 et
1908 663 1966 729 si
2033 685 2122 728 ex
2172 659 2514 730 Eleonora
2582 662 2824 751 prolem

608 777 981 847 masculam
1017 780 1445 869 suscepisset,
1476 778 1750 848 Heduos
1785 801 2019 848 omnes
2063 780 2150 845 in‘
2178 800 2374 845 suam
2419 788 2826 868 potestatem

608 898 955 987 reaiperet.
1020 894 1213 964 Pacis
1280 894 1547 964 foedere
1613 918 1965 987 percusso,
2008 893 2252 964 Caesar
2304 896 2576 963 Aur-iae
2643 894 2824 963 classe

607 1026 839 1081 vectus
883 1011 1199 1082 Genuam
1261 1012 1591 1104 applicuit
1609 1063 1632 1096 ,
1675 1012 1833 1082 inde
1877 1013 2250 1082 Bononiam
2319 1012 2409 1080 ad
2482 1014 2821 1104 imperato-

606 1130 785 1197 rium
828 1128 1141 1197 diadema
1187 1152 1229 1197 a
1271 1127 1628 1197 Clemente
1665 1127 2136 1219 aecipiendum
2179 1124 2653 1218 profecturus,
2685 1150 2825 1196 cum

603 1244 813 1337 Regio
877 1249 1005 1315 iter
1071 1257 1238 1314 esset
1304 1244 1665 1315 habiturus
1684 1294 1705 1327 ,
1748 1244 2269 1336 splendidissimi
2321 1256 2704 1336 apparatus
2765 1247 2826 1314 iu

603 1364 776 1433 urbe
835 1362 982 1433 fieri
1040 1376 1431 1455 coeperunt.
1478 1362 1870 1455 Alphonsus
1937 1366 2108 1431 arcis
2171 1362 2519 1453 palatium
2591 1362 2826 1431 aulaeis

605 1504 772 1552 auro
823 1480 1272 1572 bombioeque
1330 1481 1690 1572 superbius
1742 1482 2018 1548 intextis
2096 1479 2352 1571 ubique
2419 1459 2824 1549 earoruatum

603 1601 785 1690 regia
825 1596 1242 1690 supellectile
1284 1599 1631 1666 instruxit.
1678 1598 1983 1665 Aureum
2032 1595 2280 1667 solium
2334 1595 2474 1664 sub
2535 1596 2826 1664 umbella

606 1715 744 1784 alte
785 1738 1099 1807 suspensa
1142 1738 1303 1783 eum
1349 1726 1665 1806 argentea
1707 1716 1895 1805 virga
1921 1713 2033 1782 .ad
2092 1713 2203 1801 jus
2247 1712 2684 1782 reddendum
2726 1736 2825 1804 po-

603 1835 764 1902 suit.
806 1832 1057 1901 Fulcra
1099 1831 1389 1901 attalicis
1432 1832 1708 1923 opibus,
1753 1829 2232 1922 nobilibusque
2295 1830 2646 1901 toralibus
2701 1854 2827 1897 ms*

604 1945 843 2040 guifice
888 1947 1310 2019 velabantur.
1356 1949 1666 2041 Ingentes
1711 1951 1859 2017 auri
1907 1950 2299 2039 argentique
2330 1946 2586 2016 caelati
2621 1947 2824 2025 abaci,

604 2065 948 2135 elaborato
1009 2089 1209 2156 opere
1270 2070 1456 2158 pieta
1521 2075 1749 2158 tapeta
1778 2117 1800 2149 ,
1866 2065 2206 2157 regalique
2272 2064 2452 2133 luxu
2527 2065 2824 2156 undique

603 2165 1021 2272 splendentes
1061 2182 1257 2251 aedes
1316 2206 1454 2251 nou
1514 2186 1657 2250 sine
1721 2184 2028 2252 omnium
2075 2181 2529 2250 admiratione
2571 2193 2827 2272 specta·
2866 2191 2872 2198 '

602 2298 878 2368 bantur.
921 2299 1094 2369 Viae
1135 2301 1559 2370 crassioribus
1612 2301 1849 2391 pannis
1894 2300 1983 2368 ad
2029 2299 2396 2367 arcendum
2456 2298 2685 2367 solem
2725 2321 2829 2366 ex-

603 2417 805 2484 tensis
848 2417 1557 2508 peristromatibusque
1608 2429 1831 2485 tectae
1893 2416 2312 2485 visebantur.
2359 2415 2680 2483 Caesaris
2722 2438 2828 2505 pa·
2879 2486 2890 2498 ,

600 2529 752 2599 latii
794 2534 1104 2624 magister
1145 2544 1218 2600 et
1264 2545 1550 2602 metator
1592 2533 1679 2602 ad
1721 2532 2133 2624 disponenda
2177 2531 2468 2623 hospitia
2513 2554 2828 2622 praecur-

603 2662 855 2732 rentes,
898 2649 1067 2718 alter
1111 2650 1291 2741 apud
1336 2650 1802 2719 Alexandrum
1833 2647 2207 2732 Zobolum,
2254 2649 2421 2717 alter
2468 2648 2667 2739 apud
2696 2650 2828 2716 An·

601 2766 901 2836 nibalem
945 2765 1393 2857 Malegutium
1435 2766 1780 2859 splendide
1830 2777 2151 2857 exceptus
2197 2765 2496 2833 divertit.
2544 2765 2822 2833 Caesari

600 2899 831 2977 postea
863 2886 1071 2977 pridie
1098 2884 1407 2954 calendas
1449 2886 1836 2957 novembris
1864 2885 2151 2975 Regium
2190 2886 2487 2953 venienti
2518 2882 2828 2974 Alphen-

600 3024 716 3071 sus
742 3015 949 3071 mextra
991 3001 1084 3071 D.
1127 2999 1455 3093 Stephani
1519 3014 1782 3093 portam
1850 3003 2193 3088 occurrit,
2239 3023 2319 3070 ac
2360 3002 2604 3068 statim
2652 3023 2823 3090 equo

600 3116 908 3188 desiliens
950 3121 1022 3188 in
1067 3130 1378 3210 argenteo
1423 3115 1617 3187 labro
1654 3117 1938 3208 genibus
1965 3116 2156 3186 flexis
2201 3117 2387 3185 urbis
2429 3115 2672 3184 claves
2715 3115 2824 3185 ob-

604 3234 791 3302 tulit.
832 3232 1076 3303 Gaesar
1117 3233 1377 3304 excelso
1421 3237 1649 3309 animo
1711 3257 1986 3302 munere
2025 3245 2346 3301 -recusato
2390 3230 2820 3322 Alphonsum

598 3352 674 3417 in
732 3372 987 3441 equum
1053 3354 1330 3420 remisit.
1377 3350 1562 3419 Tum
1606 3349 1880 3419 obviarn
1951 3373 2073 3441 pro
2140 3373 2323 3418 more
2389 3351 2819 3419 venientibus

601 3468 801 3535 sacris
844 3468 1003 3535 viris
1028 3466 1475 3536 venerandam
1520 3492 1789 3537 crucem
1833 3465 2263 3537 exosculatus
2308 3466 2437 3535 sub
2485 3466 2817 3546 umbella,-

601 3607 778 3677 quae
837 3607 926 3652 ex
990 3586 1139 3653 auri
1189 3583 1465 3676 albique
1532 3589 1661 3656 rasi
1728 3585 2018 3678 plagulis
2062 3584 2447 3654 alternatim
2494 3598 2820 3654 contexta

601 3714 777 3785 erat,
820 3703 1164 3773 civitatem
1208 3701 1600 3794 ingreditur.
1643 3704 1753 3773 Ad
1799 3704 2020 3790 majus
2073 3703 2408 3793 templum
2448 3701 2820 3783 deductus,

601 3843 761 3888 cum
807 3820 1039 3889 orandi
1082 3822 1295 3911 gratia
1336 3820 1809 3904 descendisset,
1849 3832 2085 3913 postea
2125 3834 2305 3889 recta
2346 3818 2421 3886 in
2478 3842 2707 3887 arcem
2748 3841 2818 3886 se

599 3937 912 4009 eontulit.
978 3937 1301 4008 Postridie
1357 3938 1695 4007 Mutinam
1761 3935 2103 4029 profectus
2133 3935 2390 4005 ‹similis
2449 3947 2817 4029 apparatus

599 4052 1108 4145 magnificentia
1137 4054 1227 4122 ab
1256 4053 1604 4145 Alphonso
1645 4053 1911 4123 liberali
1955 4054 2246 4144 bospitio
2291 4065 2612 4143 acceptus
2657 4051 2810 4120 fuit.

600 4168 865 4242 Exinde
903 4194 1063 4243 cum
1106 4171 1481 4245 Bononiam
1525 4174 1953 4265 pervenisset,
1998 4170 2220 4243 multa
2255 4185 2429 4241 'cum
2457 4169 2811 4242 Clemente
