2950 5017
936 434 1135 480 mana
1175 433 1474 490 Quamne
2167 420 2299 486 253

39 568 376 624 tnernnt
409 555 841 624 Caesarianos
886 555 1326 623 trucidarunt.
1374 556 1520 623 Hoc
1564 553 1932 623 inhumano
1976 553 2297 639 facinore,

41 674 186 739 etsi
243 672 651 762 plurimum
696 671 1042 761 Regienses
1086 670 1481 750 doluerunt,
1551 671 1772 760 palam
1839 682 2066 739 tamen
2135 696 2296 741 cum

39 786 601 868 Paunemihus,
629 808 714 854 ne
742 807 898 853 cum
944 786 1247 854 hostibus
1277 788 1519 852 sentire
1553 786 1958 867 viderentur,
1986 791 2301 878 conqueri

39 928 200 973 non
255 917 448 973 aunt
489 906 656 972 ausi.
697 905 842 972 Hae
871 903 1046 971 dnae
1074 906 1379 971 civitates
1408 926 1567 969 curn
1597 902 1995 972 Placentinis
2037 905 2299 972 mediae

39 1021 259 1087 inter
340 1019 726 1088 Gibellinos
799 1006 1203 1087 constitutae
1273 1019 1533 1086 assiduo
1606 1017 1785 1086 bello
1850 1021 2298 1089 terrebantur.

41 1133 492 1203 Galleacius
535 1137 710 1203 enim
742 1134 1127 1203 vicecomes
1159 1136 1304 1223 qui,
1332 1131 1651 1201 defuncto
1699 1145 1885 1223 patre
1930 1134 2302 1216 Matthaeo,

47 1271 426 1339 magnam
455 1248 718 1316 Galliae
747 1248 1126 1338 Cisalpinae
1173 1262 1426 1337 partem
1474 1247 1853 1329 detinebat,
1900 1250 2305 1339 propagandi

55 1367 374 1456 imperii
421 1363 728 1453 cupidus,
773 1367 1024 1454 ingenti
1063 1362 1345 1432 collecto
1375 1367 1698 1444 exercitu,
1729 1364 2027 1454 undique
2073 1380 2306 1455 agrum

57 1481 536 1549 Par-mensem
565 1481 1131 1572 depopulabatur:
1164 1481 1415 1571 quibus
1442 1480 1791 1571 Regienses
1821 1484 2310 1573 quinquaginta

65 1601 424 1688 equitum
480 1596 655 1665 alam
727 1598 813 1664 ad
880 1597 1176 1666 bostium
1224 1601 1362 1665 vim
1409 1597 1922 1687 propulsandam
1969 1599 2308 1668 dederant.

75 1715 384 1783 Contra
423 1714 826 1783 Par-menses
888 1713 1254 1782 Sablonum
1318 1719 1466 1801 agri
1533 1713 1892 1802 Regiensis
1960 1717 2311 1784 castellum

71 1831 420 1899 omnibus
462 1837 677 1899 caesis
721 1846 1220 1921 expugnarunt,
1253 1835 1438 1920 quod
1453 1837 1875 1921 proscriptos
1904 1832 2308 1902 Parmense-5

77 1952 411 2037 recipere
461 1950 808 2016 diceretur.
854 1947 1160 2025 Ioannes
1202 1971 1248 2013 a
1291 1947 1624 2037 Copriaco
1694 1948 1790 2014 ibi
1858 1953 2165 2016 inventus
2239 1952 2314 2015 in

75 2065 395 2131 vincula
437 2077 542 2131 ert
585 2064 962 2150 conjectus.
1007 2062 1118 2128 Ab
1164 2062 1298 2128 alia
1345 2074 1535 2151 parte
1577 2060 1961 2130 Franciscns
1992 2063 2312 2130 Passerini

81 2175 324 2257 filius,
368 2179 489 2267 qui
535 2200 745 2266 nuper
787 2176 1124 2244 Mutinam
1192 2189 1637 2266 oppresserat,
1679 2180 1877 2244 etiam
1927 2178 2312 2246 Florianum

86 2306 162 2360 et
221 2291 559 2361 Saxolnm
605 2294 980 2382 occupavit.
1029 2291 1268 2359 Postea
1314 2315 1467 2361 vero
1508 2291 1691 2360 Elisa
1730 2292 1998 2362 Nicolai
2028 2295 2317 2361 Atestini

83 2430 328 2477 sorore
373 2431 583 2475 uxore
626 2405 854 2489 ducta,
898 2405 1301 2474 celebrandis
1347 2411 1604 2497 nuptiis
1676 2407 1982 2498 ludisque
2050 2409 2318 2498 agendis

89 2527 452 2606 intentus,
494 2523 853 2603 Mantuae,
896 2526 1230 2612 generosis
1276 2528 1495 2614 equis,
1542 2538 1612 2591 e't
1656 2530 1892 2613 pannis
1937 2528 2152 2592 aureis
2198 2533 2349 2615 pro'·

89 2644 411 2732 praemio
485 2643 832 2731 propositis
861 2691 881 2720 ‚
956 2639 1417 2708 celeberrimas
1503 2664 1829 2730 equorum
1899 2640 2319 2709 decursiones

93 2760 272 2850 egit.
319 2756 496 2824 Eam
541 2757 967 2846 oppugnandi
1034 2756 1245 2825 hostis
1313 2759 1726 2825 occasionem
1783 2768 2021 2823 nactus
2065 2756 2319 2845 Vergu-

96 2876 257 2941 sius
299 2873 488 2964 Regii
534 2872 942 2955 Praefectus,
984 2876 1087 2942 vir
1132 2872 1310 2941 bello
1362 2872 1611 2952 clarus,
1680 2894 1953 2959 magnas
2018 2870 2314 2940 militum

101 2993 352 3081 copias
390 2994 754 3072 contraxit3
798 3014 973 3081 quae
1020 3014 1060 3056 a
1106 2990 1554 3080 Regiensibus
1600 2991 1669 3054 in
1718 2989 1951 3056 urbem
2020 3013 2152 3057 non
2220 3012 2318 3056 re-

97 3118 352 3198 ceptae
393 3109 618 3196 ingens
660 3106 982 3175 damnum
1044 3105 1384 3173 suburbiis
1446 3103 1847 3172 intulerunt.
1902 3105 2053 3194 Ipse
2098 3104 2318 3173 valido

101 3245 274 3291 cum
339 3226 641 3290 exercitu
707 3235 886 3290 recta
931 3221 1261 3291 Saxolum
1331 3224 1552 3312 petiit,
1618 3243 1991 3310 magnoque
2057 3224 2318 3310 impetu

101 3338 340 3407 idibus
390 3340 612 3406 martii
679 3338 998 3429 oppidum
1068 3340 1503 3428 expugnavit.
1573 3336 1764 3417 Inde,
1833 3336 2316 3404 Mutinensium

103 3453 295 3523 villis
337 3453 635 3545 direptis,
667 3453 910 3544 Campi
940 3453 1228 3541 Gajani,
1272 3465 1343 3520 et
1387 3452 1592 3544 Carpi
1636 3453 1958 3521 suburbia
2003 3453 2317 3521 incendit.

107 3569 284 3637 Inde
351 3568 439 3637 ad
482 3568 877 3638 Cottianum
945 3581 1014 3635 et
1080 3570 1379 3638 Montem
1428 3568 1743 3637 Veterem
1812 3591 2197 3649 conversus,
2241 3591 2321 3637 ea

111 3707 393 3776 quoque
434 3696 647 3752 castra
690 3695 761 3752 et
803 3683 1133 3774 quidquid
1175 3687 1270 3751 cis
1301 3683 1562 3751 Padum
1593 3684 1971 3751 Passerinus
2016 3682 2318 3762 tenebat,

115 3813 382 3892 praeter
446 3799 796 3892 Regiolum
817 3851 839 3883 ,
879 3804 1153 3870 nomine
1212 3800 1547 3868 Ecclesiae
1615 3802 1991 3890 occupavit.
2058 3797 2321 3865 Deinde

117 3917 549 3986 Gnastallam
592 3941 801 4008 nsque
833 3918 1144 3987 Castrum
1180 3903 1513 3986 Gualterii
1557 3929 1626 3985 et
1671 3917 1982 3984 Suzariae
2024 3914 2318 3985 insulam

121 4038 477 4125 percurrit,
512 4035 632 4103 ubi
664 4035 1152 4105 Vicecomitum
1198 4038 1548 4116 exercitui,
1585 4037 1703 4125 qui
1748 4037 1816 4102 in
1861 4045 2117 4102 nostros
2154 4031 2321 4099 fines

121 4152 444 4237 irruebat,
489 4151 761 4223 obviam
805 4151 1028 4222 factus
1073 4154 1215 4244 pari
1261 4155 1621 4221 certamine
1663 4174 1819 4220 cum
1863 4174 1942 4220 eo
1984 4146 2306 4220 conflixit.
