<?xml version="1.0" encoding="UTF-8"?>
<!DOCTYPE html PUBLIC "-//W3C//DTD XHTML 1.0 Transitional//EN"
    "http://www.w3.org/TR/xhtml1/DTD/xhtml1-transitional.dtd">
<html xmlns="http://www.w3.org/1999/xhtml" xml:lang="en" lang="en">
 <head>
  <title>
</title>
<meta http-equiv="Content-Type" content="text/html;charset=utf-8" />
  <meta name='ocr-system' content='tesseract 3.04.00' />
  <meta name='ocr-capabilities' content='ocr_page ocr_carea ocr_par ocr_line ocrx_word'/>
</head>
<body>
  <div class='ocr_page' id='page_1' title='image "./rerumhistoricar00unkngoog_0322.png"; bbox 0 0 2950 5017; ppageno 0'>
   <div class='ocr_carea' id='block_1_1' title="bbox 673 405 2095 474">
    <p class='ocr_par' dir='ltr' id='par_1_1' title="bbox 673 405 2095 474">
     <span class='ocr_line' id='line_1_1' title="bbox 673 405 2095 474; baseline -0.004 0"><span class='ocrx_word' id='word_1_1' title='bbox 673 405 801 474; x_wconf 82' lang='grc'><strong>308</strong></span> <span class='ocrx_word' id='word_1_2' title='bbox 967 463 974 470; x_wconf 85' lang='grc'><strong>.</strong></span> <span class='ocrx_word' id='word_1_3' title='bbox 1402 423 1638 468; x_wconf 71' lang='lat' dir='ltr'><strong>annum</strong></span> <span class='ocrx_word' id='word_1_4' title='bbox 1681 421 2095 469; x_wconf 67' lang='lat' dir='ltr'><strong>nnctnnsnm</strong></span> 
     </span>
    </p>
   </div>
   <div class='ocr_carea' id='block_1_2' title="bbox 573 518 2938 4230">
    <p class='ocr_par' dir='ltr' id='par_1_2' title="bbox 573 518 2938 4230">
     <span class='ocr_line' id='line_1_2' title="bbox 619 518 2892 638; baseline -0.001 -26"><span class='ocrx_word' id='word_1_5' title='bbox 619 518 626 526; x_wconf 38' lang='lat'><strong>⁹</strong></span> <span class='ocrx_word' id='word_1_6' title='bbox 663 570 783 638; x_wconf 84' lang='lat' dir='ltr'><strong>pro</strong></span> <span class='ocrx_word' id='word_1_7' title='bbox 822 566 960 635; x_wconf 85' lang='lat' dir='ltr'><strong>qua</strong></span> <span class='ocrx_word' id='word_1_8' title='bbox 1002 521 1400 634; x_wconf 68' lang='lat' dir='ltr'><strong>accipitrem.</strong></span> <span class='ocrx_word' id='word_1_9' title='bbox 1424 547 1785 635; x_wconf 72' lang='lat' dir='ltr'><strong>quotannis</strong></span> <span class='ocrx_word' id='word_1_10' title='bbox 1827 546 2304 635; x_wconf 79' lang='lat' dir='ltr'><strong>promiserunt,</strong></span> <span class='ocrx_word' id='word_1_11' title='bbox 2345 553 2418 612; x_wconf 74' lang='lat' dir='ltr'><strong>et</strong></span> <span class='ocrx_word' id='word_1_12' title='bbox 2474 542 2708 612; x_wconf 69' lang='lat' dir='ltr'><strong>laeta</strong></span> <span class='ocrx_word' id='word_1_13' title='bbox 2760 566 2892 634; x_wconf 77' lang='lat' dir='ltr'><strong>pax</strong></span> 
     </span>
     <span class='ocr_line' id='line_1_3' title="bbox 663 646 2896 749; baseline -0.001 -23"><span class='ocrx_word' id='word_1_14' title='bbox 663 670 761 726; x_wconf 88' lang='lat' dir='ltr'><strong>est</strong></span> <span class='ocrx_word' id='word_1_15' title='bbox 803 670 1047 728; x_wconf 83' lang='lat' dir='ltr'><strong>secuta.</strong></span> <span class='ocrx_word' id='word_1_16' title='bbox 1092 646 1405 726; x_wconf 73' lang='lat' dir='ltr'><strong>Ceterum</strong></span> <span class='ocrx_word' id='word_1_17' title='bbox 1449 660 1694 728; x_wconf 80' lang='lat' dir='ltr'><strong>veritus</strong></span> <span class='ocrx_word' id='word_1_18' title='bbox 1744 655 2110 741; x_wconf 84' lang='lat' dir='ltr'><strong>Feltrinus‚</strong></span> <span class='ocrx_word' id='word_1_19' title='bbox 2149 682 2238 727; x_wconf 88' lang='lat' dir='ltr'><strong>ne</strong></span> <span class='ocrx_word' id='word_1_20' title='bbox 2291 658 2379 726; x_wconf 89' lang='lat' dir='ltr'><strong>ab</strong></span> <span class='ocrx_word' id='word_1_21' title='bbox 2426 658 2772 749; x_wconf 77' lang='lat' dir='ltr'><strong>ugolino</strong></span> <span class='ocrx_word' id='word_1_22' title='bbox 2817 682 2896 725; x_wconf 81' lang='lat' dir='ltr'><strong>ex</strong></span> 
     </span>
     <span class='ocr_line' id='line_1_4' title="bbox 660 772 2894 866; baseline -0 -25"><span class='ocrx_word' id='word_1_23' title='bbox 660 772 860 842; x_wconf 81' lang='lat' dir='ltr'><strong>fratre</strong></span> <span class='ocrx_word' id='word_1_24' title='bbox 904 787 1141 866; x_wconf 86' lang='lat' dir='ltr'><strong>nepote</strong></span> <span class='ocrx_word' id='word_1_25' title='bbox 1185 777 1440 866; x_wconf 87' lang='lat' dir='ltr'><strong>potenti</strong></span> <span class='ocrx_word' id='word_1_26' title='bbox 1489 773 1810 842; x_wconf 86' lang='lat' dir='ltr'><strong>affinitate</strong></span> <span class='ocrx_word' id='word_1_27' title='bbox 1862 774 2250 844; x_wconf 63' lang='lat' dir='ltr'><strong>onfirmato</strong></span> <span class='ocrx_word' id='word_1_28' title='bbox 2315 779 2501 844; x_wconf 88' lang='lat' dir='ltr'><strong>omni</strong></span> <span class='ocrx_word' id='word_1_29' title='bbox 2592 778 2894 864; x_wconf 87' lang='lat' dir='ltr'><strong>imperio</strong></span> 
     </span>
     <span class='ocr_line' id='line_1_5' title="bbox 662 888 2889 970; baseline 0 -15"><span class='ocrx_word' id='word_1_30' title='bbox 662 888 1146 969; x_wconf 80' lang='lat' dir='ltr'><strong>excluderetur,</strong></span> <span class='ocrx_word' id='word_1_31' title='bbox 1189 912 1344 956; x_wconf 89' lang='lat' dir='ltr'><strong>cum</strong></span> <span class='ocrx_word' id='word_1_32' title='bbox 1389 890 1615 957; x_wconf 86' lang='lat' dir='ltr'><strong>liberis</strong></span> <span class='ocrx_word' id='word_1_33' title='bbox 1658 889 1939 958; x_wconf 77' lang='lat' dir='ltr'><strong>Mantua</strong></span> <span class='ocrx_word' id='word_1_34' title='bbox 1982 890 2314 960; x_wconf 73' lang='lat' dir='ltr'><strong>discedens</strong></span> <span class='ocrx_word' id='word_1_35' title='bbox 2342 890 2737 970; x_wconf 79' lang='lat' dir='ltr'><strong>Suzariae,</strong></span> <span class='ocrx_word' id='word_1_36' title='bbox 2768 889 2889 955; x_wconf 88' lang='lat' dir='ltr'><strong>Re-</strong></span> 
     </span>
     <span class='ocr_line' id='line_1_6' title="bbox 658 1004 2890 1100; baseline -0.001 -29"><span class='ocrx_word' id='word_1_37' title='bbox 658 1004 816 1093; x_wconf 85' lang='lat' dir='ltr'><strong>gioli</strong></span> <span class='ocrx_word' id='word_1_38' title='bbox 836 1055 856 1084; x_wconf 94' lang='lat'><strong>,</strong></span> <span class='ocrx_word' id='word_1_39' title='bbox 902 1004 1413 1096; x_wconf 84' lang='lat' dir='ltr'><strong>Gonzagaeque,</strong></span> <span class='ocrx_word' id='word_1_40' title='bbox 1454 1017 1526 1072; x_wconf 80' lang='lat' dir='ltr'><strong>ct</strong></span> <span class='ocrx_word' id='word_1_41' title='bbox 1568 1004 1714 1074; x_wconf 85' lang='lat' dir='ltr'><strong>aliis</strong></span> <span class='ocrx_word' id='word_1_42' title='bbox 1757 1005 2039 1100; x_wconf 76' lang='lat' dir='ltr'><strong>castellis</strong></span> <span class='ocrx_word' id='word_1_43' title='bbox 2081 1004 2305 1075; x_wconf 84' lang='lat' dir='ltr'><strong>valido</strong></span> <span class='ocrx_word' id='word_1_44' title='bbox 2350 1006 2723 1095; x_wconf 88' lang='lat' dir='ltr'><strong>praesidio</strong></span> <span class='ocrx_word' id='word_1_45' title='bbox 2771 1007 2890 1069; x_wconf 90' lang='lat' dir='ltr'><strong>im-</strong></span> 
     </span>
     <span class='ocr_line' id='line_1_7' title="bbox 659 1119 2886 1211; baseline -0 -25"><span class='ocrx_word' id='word_1_46' title='bbox 659 1122 874 1209; x_wconf 87' lang='lat' dir='ltr'><strong>posito</strong></span> <span class='ocrx_word' id='word_1_47' title='bbox 915 1119 1203 1209; x_wconf 87' lang='lat' dir='ltr'><strong>Regium</strong></span> <span class='ocrx_word' id='word_1_48' title='bbox 1256 1120 1448 1204; x_wconf 37' lang='lat' dir='ltr'><strong>‚solus</strong></span> <span class='ocrx_word' id='word_1_49' title='bbox 1516 1123 1888 1211; x_wconf 86' lang='lat' dir='ltr'><strong>occupavit.</strong></span> <span class='ocrx_word' id='word_1_50' title='bbox 1935 1121 2084 1205; x_wconf 87' lang='lat' dir='ltr'><strong>Quo</strong></span> <span class='ocrx_word' id='word_1_51' title='bbox 2129 1120 2357 1208; x_wconf 83' lang='lat' dir='ltr'><strong>audito</strong></span> <span class='ocrx_word' id='word_1_52' title='bbox 2402 1119 2786 1210; x_wconf 76' lang='lat' dir='ltr'><strong>Ugolinns</strong></span> <span class='ocrx_word' id='word_1_53' title='bbox 2826 1132 2886 1185; x_wconf 87' lang='lat' dir='ltr'><strong>et</strong></span> 
     </span>
     <span class='ocr_line' id='line_1_8' title="bbox 657 1215 2885 1334; baseline 0 -34"><span class='ocrx_word' id='word_1_54' title='bbox 657 1215 795 1325; x_wconf 87' lang='lat' dir='ltr'><strong>ipse</strong></span> <span class='ocrx_word' id='word_1_55' title='bbox 841 1247 1107 1334; x_wconf 83' lang='lat' dir='ltr'><strong>patruo,</strong></span> <span class='ocrx_word' id='word_1_56' title='bbox 1155 1236 1462 1322; x_wconf 83' lang='lat' dir='ltr'><strong>omnibus</strong></span> <span class='ocrx_word' id='word_1_57' title='bbox 1506 1233 1800 1304; x_wconf 85' lang='lat' dir='ltr'><strong>familiae</strong></span> <span class='ocrx_word' id='word_1_58' title='bbox 1865 1236 2142 1306; x_wconf 88' lang='lat' dir='ltr'><strong>indultis</strong></span> <span class='ocrx_word' id='word_1_59' title='bbox 2197 1235 2608 1326; x_wconf 84' lang='lat' dir='ltr'><strong>privilegiis,</strong></span> <span class='ocrx_word' id='word_1_60' title='bbox 2632 1237 2885 1325; x_wconf 82' lang='lat' dir='ltr'><strong>·genti-</strong></span> 
     </span>
     <span class='ocr_line' id='line_1_9' title="bbox 656 1349 2938 1444; baseline 0.002 -28"><span class='ocrx_word' id='word_1_61' title='bbox 656 1349 828 1417; x_wconf 87' lang='lat' dir='ltr'><strong>lium</strong></span> <span class='ocrx_word' id='word_1_62' title='bbox 874 1354 1192 1420; x_wconf 79' lang='lat' dir='ltr'><strong>consensu</strong></span> <span class='ocrx_word' id='word_1_63' title='bbox 1227 1350 1541 1441; x_wconf 86' lang='lat' dir='ltr'><strong>spoliato,</strong></span> <span class='ocrx_word' id='word_1_64' title='bbox 1571 1352 1890 1420; x_wconf 78' lang='lat' dir='ltr'><strong>Mantuae</strong></span> <span class='ocrx_word' id='word_1_65' title='bbox 1920 1356 2359 1444; x_wconf 76' lang='lat' dir='ltr'><strong>principatum</strong></span> <span class='ocrx_word' id='word_1_66' title='bbox 2388 1356 2514 1426; x_wconf 60' lang='lat' dir='ltr'><strong>,uni</strong></span> <span class='ocrx_word' id='word_1_67' title='bbox 2552 1352 2884 1435; x_wconf 81' lang='lat' dir='ltr'><strong>Gnidoni</strong></span> <span class='ocrx_word' id='word_1_68' title='bbox 2936 1357 2938 1428; x_wconf 70' lang='grc' dir='ltr'><em>ζ</em></span> 
     </span>
     <span class='ocr_line' id='line_1_10' title="bbox 657 1459 2938 1557; baseline 0.001 -25"><span class='ocrx_word' id='word_1_69' title='bbox 657 1468 832 1556; x_wconf 84' lang='lat' dir='ltr'><strong>patri</strong></span> <span class='ocrx_word' id='word_1_70' title='bbox 876 1466 1166 1534; x_wconf 82' lang='lat' dir='ltr'><strong>tradidit.</strong></span> <span class='ocrx_word' id='word_1_71' title='bbox 1210 1467 1395 1534; x_wconf 84' lang='lat' dir='ltr'><strong>Inter</strong></span> <span class='ocrx_word' id='word_1_72' title='bbox 1437 1466 1604 1534; x_wconf 89' lang='lat' dir='ltr'><strong>haec</strong></span> <span class='ocrx_word' id='word_1_73' title='bbox 1647 1468 1947 1537; x_wconf 88' lang='lat' dir='ltr'><strong>Loisium</strong></span> <span class='ocrx_word' id='word_1_74' title='bbox 1999 1467 2141 1555; x_wconf 75' lang='lat' dir='ltr'><strong>jam</strong></span> <span class='ocrx_word' id='word_1_75' title='bbox 2184 1470 2718 1557; x_wconf 85' lang='lat' dir='ltr'><strong>nonagesimum</strong></span> <span class='ocrx_word' id='word_1_76' title='bbox 2768 1490 2887 1534; x_wconf 88' lang='lat' dir='ltr'><strong>an·</strong></span> <span class='ocrx_word' id='word_1_77' title='bbox 2936 1459 2938 1470; x_wconf 80' lang='lat'>&#39;</span> 
     </span>
     <span class='ocr_line' id='line_1_11' title="bbox 656 1583 2877 1674; baseline -0 -24"><span class='ocrx_word' id='word_1_78' title='bbox 656 1606 824 1650; x_wconf 87' lang='lat' dir='ltr'><strong>num</strong></span> <span class='ocrx_word' id='word_1_79' title='bbox 868 1595 1174 1671; x_wconf 84' lang='lat' dir='ltr'><strong>agentem</strong></span> <span class='ocrx_word' id='word_1_80' title='bbox 1218 1595 1497 1650; x_wconf 88' lang='lat' dir='ltr'><strong>naturae</strong></span> <span class='ocrx_word' id='word_1_81' title='bbox 1540 1586 1946 1665; x_wconf 75' lang='lat' dir='ltr'><strong>concessisse,</strong></span> <span class='ocrx_word' id='word_1_82' title='bbox 1987 1583 2281 1650; x_wconf 86' lang='lat' dir='ltr'><strong>Merulae</strong></span> <span class='ocrx_word' id='word_1_83' title='bbox 2321 1583 2595 1674; x_wconf 82' lang='lat' dir='ltr'><strong>placet3</strong></span> <span class='ocrx_word' id='word_1_84' title='bbox 2643 1606 2877 1674; x_wconf 82' lang='lat' dir='ltr'><strong>quem</strong></span> 
     </span>
     <span class='ocr_line' id='line_1_12' title="bbox 657 1684 2876 1788; baseline 0.001 -23"><span class='ocrx_word' id='word_1_85' title='bbox 657 1698 772 1766; x_wconf 86' lang='lat' dir='ltr'><strong>alii</strong></span> <span class='ocrx_word' id='word_1_86' title='bbox 819 1698 1074 1788; x_wconf 84' lang='lat' dir='ltr'><strong>aliquot</strong></span> <span class='ocrx_word' id='word_1_87' title='bbox 1143 1710 1301 1766; x_wconf 86' lang='lat' dir='ltr'><strong>ante</strong></span> <span class='ocrx_word' id='word_1_88' title='bbox 1370 1701 1562 1767; x_wconf 86' lang='lat' dir='ltr'><strong>annis</strong></span> <span class='ocrx_word' id='word_1_89' title='bbox 1627 1684 2002 1767; x_wconf 85' lang='lat' dir='ltr'><strong>extinctum</strong></span> <span class='ocrx_word' id='word_1_90' title='bbox 2069 1698 2271 1767; x_wconf 86' lang='lat' dir='ltr'><strong>fuisse</strong></span> <span class='ocrx_word' id='word_1_91' title='bbox 2336 1711 2764 1767; x_wconf 86' lang='lat' dir='ltr'><strong>memorant.</strong></span> <span class='ocrx_word' id='word_1_92' title='bbox 2808 1699 2876 1767; x_wconf 82' lang='lat' dir='ltr'><strong>Is</strong></span> 
     </span>
     <span class='ocr_line' id='line_1_13' title="bbox 656 1814 2869 1906; baseline 0.001 -25"><span class='ocrx_word' id='word_1_93' title='bbox 656 1814 1119 1904; x_wconf 78' lang='lat' dir='ltr'><strong>Gonzagorum</strong></span> <span class='ocrx_word' id='word_1_94' title='bbox 1187 1817 1596 1906; x_wconf 86' lang='lat' dir='ltr'><strong>principatus</strong></span> <span class='ocrx_word' id='word_1_95' title='bbox 1662 1828 1892 1883; x_wconf 88' lang='lat' dir='ltr'><strong>auctor</strong></span> <span class='ocrx_word' id='word_1_96' title='bbox 1919 1866 1940 1897; x_wconf 92' lang='lat'><strong>,</strong></span> <span class='ocrx_word' id='word_1_97' title='bbox 2005 1828 2075 1883; x_wconf 91' lang='lat' dir='ltr'><strong>et</strong></span> <span class='ocrx_word' id='word_1_98' title='bbox 2147 1817 2463 1883; x_wconf 84' lang='lat' dir='ltr'><strong>Mantuae</strong></span> <span class='ocrx_word' id='word_1_99' title='bbox 2528 1816 2869 1886; x_wconf 82' lang='lat' dir='ltr'><strong>Caesaris</strong></span> 
     </span>
     <span class='ocr_line' id='line_1_14' title="bbox 658 1931 2872 2022; baseline 0 -24"><span class='ocrx_word' id='word_1_100' title='bbox 658 1931 964 1998; x_wconf 90' lang='lat' dir='ltr'><strong>Vicarius</strong></span> <span class='ocrx_word' id='word_1_101' title='bbox 1006 1946 1279 1999; x_wconf 87' lang='lat' dir='ltr'><strong>creatus·</strong></span> <span class='ocrx_word' id='word_1_102' title='bbox 1289 1983 1310 2014; x_wconf 94' lang='lat'><strong>,</strong></span> <span class='ocrx_word' id='word_1_103' title='bbox 1376 1955 1455 1998; x_wconf 87' lang='lat' dir='ltr'><strong>ac</strong></span> <span class='ocrx_word' id='word_1_104' title='bbox 1519 1935 1688 1998; x_wconf 89' lang='lat' dir='ltr'><strong>inter</strong></span> <span class='ocrx_word' id='word_1_105' title='bbox 1756 1932 2073 1999; x_wconf 88' lang='lat' dir='ltr'><strong>Patricios</strong></span> <span class='ocrx_word' id='word_1_106' title='bbox 2115 1931 2407 2000; x_wconf 87' lang='lat' dir='ltr'><strong>Venetos</strong></span> <span class='ocrx_word' id='word_1_107' title='bbox 2440 1941 2872 2022; x_wconf 83' lang='lat' dir='ltr'><strong>cooptatus,</strong></span> 
     </span>
     <span class='ocr_line' id='line_1_15' title="bbox 657 2026 2871 2138; baseline 0.001 -27"><span class='ocrx_word' id='word_1_108' title='bbox 657 2046 939 2113; x_wconf 84' lang='lat' dir='ltr'><strong>diversas</strong></span> <span class='ocrx_word' id='word_1_109' title='bbox 981 2070 1023 2113; x_wconf 88' lang='lat' dir='ltr'><strong>a</strong></span> <span class='ocrx_word' id='word_1_110' title='bbox 1066 2050 1259 2115; x_wconf 85' lang='lat' dir='ltr'><strong>variis</strong></span> <span class='ocrx_word' id='word_1_111' title='bbox 1301 2048 1822 2138; x_wconf 87' lang='lat' dir='ltr'><strong>Imperatoribus</strong></span> <span class='ocrx_word' id='word_1_112' title='bbox 1875 2026 2332 2115; x_wconf 83' lang='lat' dir='ltr'><strong>immunitates</strong></span> <span class='ocrx_word' id='word_1_113' title='bbox 2377 2060 2447 2113; x_wconf 92' lang='lat' dir='ltr'><strong>et</strong></span> <span class='ocrx_word' id='word_1_114' title='bbox 2490 2048 2871 2138; x_wconf 83' lang='lat' dir='ltr'><strong>privilegia</strong></span> 
     </span>
     <span class='ocr_line' id='line_1_16' title="bbox 655 2161 2867 2253; baseline 0.001 -24"><span class='ocrx_word' id='word_1_115' title='bbox 655 2161 1060 2229; x_wconf 88' lang='lat' dir='ltr'><strong>obtinuerat.</strong></span> <span class='ocrx_word' id='word_1_116' title='bbox 1105 2161 1381 2252; x_wconf 90' lang='lat' dir='ltr'><strong>Regiolo</strong></span> <span class='ocrx_word' id='word_1_117' title='bbox 1426 2186 1730 2253; x_wconf 87' lang='lat' dir='ltr'><strong>quoque,</strong></span> <span class='ocrx_word' id='word_1_118' title='bbox 1772 2163 2088 2243; x_wconf 84' lang='lat' dir='ltr'><strong>Luzaria,</strong></span> <span class='ocrx_word' id='word_1_119' title='bbox 2132 2163 2406 2240; x_wconf 75' lang='lat' dir='ltr'><strong>Revero</strong></span> <span class='ocrx_word' id='word_1_120' title='bbox 2430 2186 2598 2229; x_wconf 87' lang='lat' dir='ltr'><strong>cum</strong></span> <span class='ocrx_word' id='word_1_121' title='bbox 2669 2164 2867 2250; x_wconf 81' lang='lat' dir='ltr'><strong>adja-</strong></span> 
     </span>
     <span class='ocr_line' id='line_1_17' title="bbox 660 2255 2871 2369; baseline 0.002 -28"><span class='ocrx_word' id='word_1_122' title='bbox 660 2277 958 2344; x_wconf 87' lang='lat' dir='ltr'><strong>centibus</strong></span> <span class='ocrx_word' id='word_1_123' title='bbox 1022 2279 1203 2367; x_wconf 84' lang='lat' dir='ltr'><strong>pagis</strong></span> <span class='ocrx_word' id='word_1_124' title='bbox 1269 2290 1338 2343; x_wconf 91' lang='lat' dir='ltr'><strong>et</strong></span> <span class='ocrx_word' id='word_1_125' title='bbox 1391 2289 1676 2367; x_wconf 85' lang='lat' dir='ltr'><strong>utraque</strong></span> <span class='ocrx_word' id='word_1_126' title='bbox 1724 2255 1998 2345; x_wconf 86' lang='lat' dir='ltr'><strong>Eridani</strong></span> <span class='ocrx_word' id='word_1_127' title='bbox 2065 2281 2206 2369; x_wconf 88' lang='lat' dir='ltr'><strong>ripa</strong></span> <span class='ocrx_word' id='word_1_128' title='bbox 2264 2259 2592 2358; x_wconf 83' lang='lat' dir='ltr'><strong>donatus,</strong></span> <span class='ocrx_word' id='word_1_129' title='bbox 2640 2282 2871 2345; x_wconf 85' lang='lat' dir='ltr'><strong>etiam·</strong></span> 
     </span>
     <span class='ocr_line' id='line_1_18' title="bbox 657 2378 2861 2481; baseline -0 -18"><span class='ocrx_word' id='word_1_130' title='bbox 657 2391 1120 2481; x_wconf 75' lang='lat' dir='ltr'><strong>Carpinetum,</strong></span> <span class='ocrx_word' id='word_1_131' title='bbox 1164 2378 1639 2473; x_wconf 78' lang='lat' dir='ltr'><strong>Castellarum,</strong></span> <span class='ocrx_word' id='word_1_132' title='bbox 1686 2392 2163 2475; x_wconf 87' lang='lat' dir='ltr'><strong>Bibianellum,</strong></span> <span class='ocrx_word' id='word_1_133' title='bbox 2208 2392 2744 2475; x_wconf 86' lang='lat' dir='ltr'><strong>Rosemantnm,</strong></span> <span class='ocrx_word' id='word_1_134' title='bbox 2789 2406 2861 2462; x_wconf 88' lang='lat' dir='ltr'><strong>et</strong></span> 
     </span>
     <span class='ocr_line' id='line_1_19' title="bbox 658 2499 2938 2599; baseline 0.002 -26"><span class='ocrx_word' id='word_1_135' title='bbox 658 2506 921 2576; x_wconf 91' lang='lat' dir='ltr'><strong>Piolum</strong></span> <span class='ocrx_word' id='word_1_136' title='bbox 964 2507 1314 2594; x_wconf 33' lang='lat' dir='ltr'><strong>nobilibus,</strong></span> <span class='ocrx_word' id='word_1_137' title='bbox 1344 2508 1777 2599; x_wconf 87' lang='lat' dir='ltr'><strong>Regiensibus</strong></span> <span class='ocrx_word' id='word_1_138' title='bbox 1821 2508 2131 2599; x_wconf 85' lang='lat' dir='ltr'><strong>adempta</strong></span> <span class='ocrx_word' id='word_1_139' title='bbox 2192 2507 2469 2594; x_wconf 33' lang='lat' dir='ltr'><strong>castella·</strong></span> <span class='ocrx_word' id='word_1_140' title='bbox 2530 2512 2864 2599; x_wconf 85' lang='lat' dir='ltr'><strong>impetra·</strong></span> <span class='ocrx_word' id='word_1_141' title='bbox 2936 2499 2938 2502; x_wconf 30' lang='lat'>⁵</span> 
     </span>
     <span class='ocr_line' id='line_1_20' title="bbox 658 2624 2863 2716; baseline 0.001 -24"><span class='ocrx_word' id='word_1_142' title='bbox 658 2636 866 2693; x_wconf 84' lang='lat' dir='ltr'><strong>verat.</strong></span> <span class='ocrx_word' id='word_1_143' title='bbox 911 2624 1240 2702; x_wconf 80' lang='lat' dir='ltr'><strong>Feltrinus</strong></span> <span class='ocrx_word' id='word_1_144' title='bbox 1284 2648 1442 2694; x_wconf 86' lang='lat' dir='ltr'><strong>vero</strong></span> <span class='ocrx_word' id='word_1_145' title='bbox 1489 2625 1667 2694; x_wconf 87' lang='lat' dir='ltr'><strong>solus</strong></span> <span class='ocrx_word' id='word_1_146' title='bbox 1737 2627 1924 2715; x_wconf 86' lang='lat' dir='ltr'><strong>Regii</strong></span> <span class='ocrx_word' id='word_1_147' title='bbox 1995 2627 2366 2716; x_wconf 88' lang='lat' dir='ltr'><strong>principatu</strong></span> <span class='ocrx_word' id='word_1_148' title='bbox 2438 2628 2696 2715; x_wconf 80' lang='lat' dir='ltr'><strong>potitus</strong></span> <span class='ocrx_word' id='word_1_149' title='bbox 2771 2650 2863 2704; x_wconf 75' lang='lat' dir='ltr'><strong>ex</strong></span> 
     </span>
     <span class='ocr_line' id='line_1_21' title="bbox 660 2745 2859 2817; baseline 0.001 -8"><span class='ocrx_word' id='word_1_150' title='bbox 660 2754 1030 2817; x_wconf 85' lang='lat' dir='ltr'><strong>nostrorum</strong></span> <span class='ocrx_word' id='word_1_151' title='bbox 1092 2745 1341 2810; x_wconf 86' lang='lat' dir='ltr'><strong>civium</strong></span> <span class='ocrx_word' id='word_1_152' title='bbox 1387 2767 1465 2810; x_wconf 89' lang='lat' dir='ltr'><strong>ac</strong></span> <span class='ocrx_word' id='word_1_153' title='bbox 1507 2746 1833 2812; x_wconf 89' lang='lat' dir='ltr'><strong>sociorum</strong></span> <span class='ocrx_word' id='word_1_154' title='bbox 1900 2766 2178 2811; x_wconf 87' lang='lat' dir='ltr'><strong>numero</strong></span> <span class='ocrx_word' id='word_1_155' title='bbox 2244 2756 2470 2812; x_wconf 89' lang='lat' dir='ltr'><strong>coacto</strong></span> <span class='ocrx_word' id='word_1_156' title='bbox 2534 2746 2859 2811; x_wconf 84' lang='lat' dir='ltr'><strong>exercitu</strong></span> 
     </span>
     <span class='ocr_line' id='line_1_22' title="bbox 662 2838 2858 2951; baseline 0 -24"><span class='ocrx_word' id='word_1_157' title='bbox 662 2859 746 2927; x_wconf 90' lang='lat' dir='ltr'><strong>ad</strong></span> <span class='ocrx_word' id='word_1_158' title='bbox 790 2859 1248 2929; x_wconf 85' lang='lat' dir='ltr'><strong>vindicandam</strong></span> <span class='ocrx_word' id='word_1_159' title='bbox 1294 2861 1381 2927; x_wconf 86' lang='lat' dir='ltr'><strong>ab</strong></span> <span class='ocrx_word' id='word_1_160' title='bbox 1428 2864 1686 2951; x_wconf 82' lang='lat' dir='ltr'><strong>agnatis</strong></span> <span class='ocrx_word' id='word_1_161' title='bbox 1731 2873 2070 2949; x_wconf 86' lang='lat' dir='ltr'><strong>acceptam</strong></span> <span class='ocrx_word' id='word_1_162' title='bbox 2132 2838 2450 2946; x_wconf 83' lang='lat' dir='ltr'><strong>injuriam</strong></span> <span class='ocrx_word' id='word_1_163' title='bbox 2497 2883 2563 2928; x_wconf 87' lang='lat' dir='ltr'><strong>se</strong></span> <span class='ocrx_word' id='word_1_164' title='bbox 2607 2865 2858 2942; x_wconf 80' lang='lat' dir='ltr'><strong>vertit,</strong></span> 
     </span>
     <span class='ocr_line' id='line_1_23' title="bbox 658 2975 2852 3071; baseline 0 -28"><span class='ocrx_word' id='word_1_165' title='bbox 658 2979 904 3067; x_wconf 84' lang='lat' dir='ltr'><strong>quibus</strong></span> <span class='ocrx_word' id='word_1_166' title='bbox 968 2979 1190 3046; x_wconf 89' lang='lat' dir='ltr'><strong>subita</strong></span> <span class='ocrx_word' id='word_1_167' title='bbox 1232 2979 1303 3045; x_wconf 89' lang='lat' dir='ltr'><strong>in</strong></span> <span class='ocrx_word' id='word_1_168' title='bbox 1347 2978 1748 3045; x_wconf 84' lang='lat' dir='ltr'><strong>Mantuanos</strong></span> <span class='ocrx_word' id='word_1_169' title='bbox 1813 2980 2186 3071; x_wconf 78' lang='lat' dir='ltr'><strong>incursione</strong></span> <span class='ocrx_word' id='word_1_170' title='bbox 2254 2975 2434 3042; x_wconf 83' lang='lat' dir='ltr'><strong>facta</strong></span> <span class='ocrx_word' id='word_1_171' title='bbox 2499 2978 2852 3065; x_wconf 84' lang='lat' dir='ltr'><strong>ingentem</strong></span> 
     </span>
     <span class='ocr_line' id='line_1_24' title="bbox 659 3091 2849 3183; baseline 0 -23"><span class='ocrx_word' id='word_1_172' title='bbox 659 3091 923 3161; x_wconf 86' lang='lat' dir='ltr'><strong>cladem</strong></span> <span class='ocrx_word' id='word_1_173' title='bbox 967 3094 1217 3162; x_wconf 88' lang='lat' dir='ltr'><strong>intulit.</strong></span> <span class='ocrx_word' id='word_1_174' title='bbox 1272 3094 1522 3162; x_wconf 84' lang='lat' dir='ltr'><strong>Contra</strong></span> <span class='ocrx_word' id='word_1_175' title='bbox 1568 3094 1790 3163; x_wconf 84' lang='lat' dir='ltr'><strong>Guido</strong></span> <span class='ocrx_word' id='word_1_176' title='bbox 1838 3120 1969 3163; x_wconf 91' lang='lat' dir='ltr'><strong>non</strong></span> <span class='ocrx_word' id='word_1_177' title='bbox 2014 3098 2151 3162; x_wconf 86' lang='lat' dir='ltr'><strong>sine</strong></span> <span class='ocrx_word' id='word_1_178' title='bbox 2197 3106 2436 3183; x_wconf 79' lang='lat' dir='ltr'><strong>magna</strong></span> <span class='ocrx_word' id='word_1_179' title='bbox 2478 3094 2849 3174; x_wconf 85' lang='lat' dir='ltr'><strong>Ludovici,</strong></span> 
     </span>
     <span class='ocr_line' id='line_1_25' title="bbox 658 3209 2938 3301; baseline -0 -25"><span class='ocrx_word' id='word_1_180' title='bbox 658 3210 1122 3301; x_wconf 85' lang='lat' dir='ltr'><strong>Franciscique</strong></span> <span class='ocrx_word' id='word_1_181' title='bbox 1172 3235 1256 3277; x_wconf 88' lang='lat' dir='ltr'><strong>ex</strong></span> <span class='ocrx_word' id='word_1_182' title='bbox 1323 3209 1526 3277; x_wconf 86' lang='lat' dir='ltr'><strong>fratre</strong></span> <span class='ocrx_word' id='word_1_183' title='bbox 1572 3212 1926 3301; x_wconf 86' lang='lat' dir='ltr'><strong>nepotibus</strong></span> <span class='ocrx_word' id='word_1_184' title='bbox 1969 3210 2236 3279; x_wconf 78' lang='lat' dir='ltr'><strong>invidia‘</strong></span> <span class='ocrx_word' id='word_1_185' title='bbox 2263 3209 2346 3276; x_wconf 89' lang='lat' dir='ltr'><strong>ad</strong></span> <span class='ocrx_word' id='word_1_186' title='bbox 2390 3211 2845 3300; x_wconf 85' lang='lat' dir='ltr'><strong>recipiendum</strong></span> <span class='ocrx_word' id='word_1_187' title='bbox 2936 3265 2938 3268; x_wconf 95' lang='lat'><strong>.</strong></span> 
     </span>
     <span class='ocr_line' id='line_1_26' title="bbox 659 3324 2842 3416; baseline 0 -26"><span class='ocrx_word' id='word_1_188' title='bbox 659 3324 940 3413; x_wconf 88' lang='lat' dir='ltr'><strong>Regium</strong></span> <span class='ocrx_word' id='word_1_189' title='bbox 986 3328 1351 3391; x_wconf 86' lang='lat' dir='ltr'><strong>exercitum</strong></span> <span class='ocrx_word' id='word_1_190' title='bbox 1378 3327 1746 3414; x_wconf 82' lang='lat' dir='ltr'><strong>contrahit.</strong></span> <span class='ocrx_word' id='word_1_191' title='bbox 1792 3328 2073 3416; x_wconf 86' lang='lat' dir='ltr'><strong>Jamque</strong></span> <span class='ocrx_word' id='word_1_192' title='bbox 2118 3325 2390 3392; x_wconf 82' lang='lat' dir='ltr'><strong>Suzaria</strong></span> <span class='ocrx_word' id='word_1_193' title='bbox 2419 3336 2489 3391; x_wconf 89' lang='lat' dir='ltr'><strong>et</strong></span> <span class='ocrx_word' id='word_1_194' title='bbox 2523 3326 2842 3414; x_wconf 85' lang='lat' dir='ltr'><strong>Gonzaga</strong></span> 
     </span>
     <span class='ocr_line' id='line_1_27' title="bbox 661 3418 2843 3531; baseline 0 -25"><span class='ocrx_word' id='word_1_195' title='bbox 661 3418 981 3529; x_wconf 80' lang='lat' dir='ltr'><strong>occupata</strong></span> <span class='ocrx_word' id='word_1_196' title='bbox 1027 3440 1202 3507; x_wconf 88' lang='lat' dir='ltr'><strong>ultra</strong></span> <span class='ocrx_word' id='word_1_197' title='bbox 1246 3464 1692 3531; x_wconf 83' lang='lat' dir='ltr'><strong>progressurus</strong></span> <span class='ocrx_word' id='word_1_198' title='bbox 1736 3454 1905 3523; x_wconf 85' lang='lat' dir='ltr'><strong>erat,</strong></span> <span class='ocrx_word' id='word_1_199' title='bbox 1934 3445 2060 3510; x_wconf 87' lang='lat' dir='ltr'><strong>nisi</strong></span> <span class='ocrx_word' id='word_1_200' title='bbox 2089 3440 2425 3511; x_wconf 88' lang='lat' dir='ltr'><strong>Feltrinus</strong></span> <span class='ocrx_word' id='word_1_201' title='bbox 2468 3464 2628 3506; x_wconf 88' lang='lat' dir='ltr'><strong>cum</strong></span> <span class='ocrx_word' id='word_1_202' title='bbox 2668 3440 2843 3529; x_wconf 84' lang='lat' dir='ltr'><strong>AEgi-</strong></span> 
     </span>
     <span class='ocr_line' id='line_1_28' title="bbox 663 3554 2837 3646; baseline -0 -24"><span class='ocrx_word' id='word_1_203' title='bbox 663 3555 772 3623; x_wconf 92' lang='lat' dir='ltr'><strong>dio</strong></span> <span class='ocrx_word' id='word_1_204' title='bbox 834 3557 1125 3645; x_wconf 86' lang='lat' dir='ltr'><strong>Hispano</strong></span> <span class='ocrx_word' id='word_1_205' title='bbox 1169 3556 1426 3624; x_wconf 83' lang='lat' dir='ltr'><strong>Urbani</strong></span> <span class='ocrx_word' id='word_1_206' title='bbox 1469 3557 1533 3626; x_wconf 90' lang='lat' dir='ltr'><strong>V</strong></span> <span class='ocrx_word' id='word_1_207' title='bbox 1591 3556 1925 3641; x_wconf 88' lang='lat' dir='ltr'><strong>Pontificis</strong></span> <span class='ocrx_word' id='word_1_208' title='bbox 1994 3557 2210 3646; x_wconf 87' lang='lat' dir='ltr'><strong>legato</strong></span> <span class='ocrx_word' id='word_1_209' title='bbox 2267 3554 2528 3625; x_wconf 89' lang='lat' dir='ltr'><strong>foedere</strong></span> <span class='ocrx_word' id='word_1_210' title='bbox 2584 3567 2837 3624; x_wconf 86' lang='lat' dir='ltr'><strong>mature</strong></span> 
     </span>
     <span class='ocr_line' id='line_1_29' title="bbox 660 3663 2835 3765; baseline 0 -26"><span class='ocrx_word' id='word_1_211' title='bbox 660 3673 1056 3758; x_wconf 87' lang='lat' dir='ltr'><strong>conjunctus</strong></span> <span class='ocrx_word' id='word_1_212' title='bbox 1099 3676 1419 3758; x_wconf 77' lang='lat' dir='ltr'><strong>sociorum</strong></span> <span class='ocrx_word' id='word_1_213' title='bbox 1468 3678 1665 3744; x_wconf 84' lang='lat' dir='ltr'><strong>armis</strong></span> <span class='ocrx_word' id='word_1_214' title='bbox 1709 3677 2123 3765; x_wconf 89' lang='lat' dir='ltr'><strong>ingruentem</strong></span> <span class='ocrx_word' id='word_1_215' title='bbox 2152 3663 2413 3741; x_wconf 84' lang='lat' dir='ltr'><strong>hostem</strong></span> <span class='ocrx_word' id='word_1_216' title='bbox 2460 3674 2835 3761; x_wconf 88' lang='lat' dir='ltr'><strong>perterruis-</strong></span> 
     </span>
     <span class='ocr_line' id='line_1_30' title="bbox 661 3782 2832 3879; baseline -0.001 -24"><span class='ocrx_word' id='word_1_217' title='bbox 661 3800 777 3855; x_wconf 87' lang='lat' dir='ltr'><strong>set.</strong></span> <span class='ocrx_word' id='word_1_218' title='bbox 824 3789 1001 3856; x_wconf 84' lang='lat' dir='ltr'><strong>Cum</strong></span> <span class='ocrx_word' id='word_1_219' title='bbox 1048 3813 1201 3858; x_wconf 82' lang='lat' dir='ltr'><strong>vero</strong></span> <span class='ocrx_word' id='word_1_220' title='bbox 1245 3790 1580 3858; x_wconf 87' lang='lat' dir='ltr'><strong>Barnabas</strong></span> <span class='ocrx_word' id='word_1_221' title='bbox 1624 3795 1805 3860; x_wconf 89' lang='lat' dir='ltr'><strong>omni</strong></span> <span class='ocrx_word' id='word_1_222' title='bbox 1849 3790 2070 3859; x_wconf 90' lang='lat' dir='ltr'><strong>studio</strong></span> <span class='ocrx_word' id='word_1_223' title='bbox 2112 3782 2469 3879; x_wconf 86' lang='lat' dir='ltr'><strong>imperium</strong></span> <span class='ocrx_word' id='word_1_224' title='bbox 2527 3788 2832 3853; x_wconf 88' lang='lat' dir='ltr'><strong>ambitio-</strong></span> 
     </span>
     <span class='ocr_line' id='line_1_31' title="bbox 633 3902 2831 3994; baseline -0 -24"><span class='ocrx_word' id='word_1_225' title='bbox 633 3906 800 3977; x_wconf 72' lang='lat' dir='ltr'><strong>,sius</strong></span> <span class='ocrx_word' id='word_1_226' title='bbox 874 3902 1159 3993; x_wconf 89' lang='lat' dir='ltr'><strong>proferre</strong></span> <span class='ocrx_word' id='word_1_227' title='bbox 1225 3919 1606 3987; x_wconf 88' lang='lat' dir='ltr'><strong>conaretur,</strong></span> <span class='ocrx_word' id='word_1_228' title='bbox 1682 3903 2179 3994; x_wconf 87' lang='lat' dir='ltr'><strong>Bononiamque</strong></span> <span class='ocrx_word' id='word_1_229' title='bbox 2248 3907 2485 3972; x_wconf 80' lang='lat' dir='ltr'><strong>anxius</strong></span> <span class='ocrx_word' id='word_1_230' title='bbox 2556 3906 2831 3993; x_wconf 84' lang='lat' dir='ltr'><strong>recipere</strong></span> 
     </span>
     <span class='ocr_line' id='line_1_32' title="bbox 573 4018 2830 4112; baseline -0.001 -26"><span class='ocrx_word' id='word_1_231' title='bbox 573 4084 575 4086; x_wconf 76' lang='grc'><strong>,</strong></span> <span class='ocrx_word' id='word_1_232' title='bbox 667 4029 973 4100; x_wconf 87' lang='lat' dir='ltr'><strong>tentaret,</strong></span> <span class='ocrx_word' id='word_1_233' title='bbox 1004 4018 1298 4109; x_wconf 88' lang='lat' dir='ltr'><strong>AEgidius</strong></span> <span class='ocrx_word' id='word_1_234' title='bbox 1328 4019 1606 4112; x_wconf 87' lang='lat' dir='ltr'><strong>legatus,</strong></span> <span class='ocrx_word' id='word_1_235' title='bbox 1637 4021 2158 4112; x_wconf 87' lang='lat' dir='ltr'><strong>conspirantibus</strong></span> <span class='ocrx_word' id='word_1_236' title='bbox 2200 4043 2424 4089; x_wconf 88' lang='lat' dir='ltr'><strong>secum</strong></span> <span class='ocrx_word' id='word_1_237' title='bbox 2465 4020 2830 4086; x_wconf 83' lang='lat' dir='ltr'><strong>vicinarum</strong></span> 
     </span>
     <span class='ocr_line' id='line_1_33' title="bbox 662 4135 2834 4230; baseline 0.001 -29"><span class='ocrx_word' id='word_1_238' title='bbox 662 4135 929 4204; x_wconf 89' lang='lat' dir='ltr'><strong>urbium</strong></span> <span class='ocrx_word' id='word_1_239' title='bbox 974 4138 1423 4230; x_wconf 85' lang='lat' dir='ltr'><strong>Principibus,</strong></span> <span class='ocrx_word' id='word_1_240' title='bbox 1466 4139 1610 4227; x_wconf 84' lang='lat' dir='ltr'><strong>ejus</strong></span> <span class='ocrx_word' id='word_1_241' title='bbox 1675 4142 1844 4212; x_wconf 82' lang='lat' dir='ltr'><strong>vires</strong></span> <span class='ocrx_word' id='word_1_242' title='bbox 1907 4137 2237 4208; x_wconf 90' lang='lat' dir='ltr'><strong>contudit.</strong></span> <span class='ocrx_word' id='word_1_243' title='bbox 2282 4138 2360 4204; x_wconf 90' lang='lat' dir='ltr'><strong>In</strong></span> <span class='ocrx_word' id='word_1_244' title='bbox 2405 4136 2647 4228; x_wconf 87' lang='lat' dir='ltr'><strong>primis</strong></span> <span class='ocrx_word' id='word_1_245' title='bbox 2690 4139 2834 4222; x_wconf 75' lang='lat' dir='ltr'><strong>euin</strong></span> 
     </span>
    </p>
   </div>
   <div class='ocr_carea' id='block_1_3' title="bbox 2936 708 2938 2354">
    <p class='ocr_par' dir='ltr' id='par_1_3' title="bbox 2936 708 2938 2354">
     <span class='ocr_line' id='line_1_34' title="bbox 2936 708 2938 2354; baseline 0 0"><span class='ocrx_word' id='word_1_246' title='bbox 2936 708 2938 2354; x_wconf 95' lang='lat' dir='ltr'><strong> </strong></span> 
     </span>
    </p>
   </div>
   <div class='ocr_carea' id='block_1_4' title="bbox 2935 2519 2939 3438">
    <p class='ocr_par' dir='ltr' id='par_1_4' title="bbox 2935 2519 2939 3438">
     <span class='ocr_line' id='line_1_35' title="bbox 2935 2519 2939 3438; baseline 0 0"><span class='ocrx_word' id='word_1_247' title='bbox 2935 2519 2939 3438; x_wconf 95' lang='lat' dir='ltr'><strong> </strong></span> 
     </span>
    </p>
   </div>
  </div>
 </body>
</html>
