2950 5017
919 445 1121 489 namt
1166 443 1458 498 culmus
2160 428 2289 518 339

54 575 151 650 tis,
197 569 379 638 urbs
431 581 586 637 tota
630 568 973 649 caedibus,
1019 560 1477 660 incendiisque
1527 568 1761 660 repleri
1806 571 2055 659 coepit.
2100 568 2285 639 Cum

54 689 212 755 idem
269 686 574 755 morbus
619 686 912 776 reliquas
942 688 1203 776 imperii
1235 689 1545 754 civitates
1575 686 1936 768 invaderet,
1973 684 2289 777 praefecti

54 808 148 893 qui
197 788 521 871 orientes
568 801 909 870 tumultus
957 799 1152 869 facile
1196 806 1587 893 extinguere
1634 805 2032 893 potuissent,
2064 805 2291 893 impu·-

54 921 224 988 denti
297 917 601 1009 perfidia
672 911 1098 1009 tyrannidem
1171 922 1623 1009 arripuerunt.
1690 919 2034 988 Gabrinus
2104 922 2286 989 enim

54 1034 438 1103 Fundulius
516 1038 837 1126 oppressis
907 1034 1265 1103 Gibellinis
1330 1035 1779 1116 Cremonam,
1847 1034 2288 1126 Pandulphus
2358 1081 2362 1086 ⁴

55 1152 460 1234 Malatesta,
512 1155 636 1244 qui
681 1153 810 1220 sibi
857 1156 1214 1245 pecuniam
1261 1154 1486 1221 deberi
1534 1153 1912 1235 dictitabat,
1956 1154 2291 1220 suadenti-

54 1271 171 1336 bus
203 1269 533 1351 Venetis,
565 1270 889 1352 Brixiam,
934 1285 1003 1337 et
1046 1271 1482 1361 Bergomum,
1530 1270 1820 1337 Facinus
1863 1269 2069 1337 Canis
2111 1269 2289 1337 Tici-

55 1412 208 1454 num
280 1399 511 1479 atque
558 1387 1039 1456 Alexandriam
1095 1391 1489 1479 occupavit.
1536 1384 1841 1456 Laudem
1889 1386 2287 1477 Pompeiam

56 1504 330 1581 Ioannes
379 1504 767 1587 Vineatus,
811 1504 1409 1596 quadrigentorum
1464 1508 1772 1596 equitum
1839 1505 1947 1572 ala
1992 1504 2124 1572 sub
2170 1503 2290 1571 Al-

63 1622 239 1690 berto
284 1623 603 1692 Roberto
672 1648 711 1690 a
780 1625 1134 1691 Francisco
1182 1622 1490 1691 Carrario
1551 1627 1946 1714 impetrata,
1991 1622 2286 1712 subegit.
2354 1621 2359 1626 ⁴

65 1740 288 1807 Crema
348 1765 394 1809 a
455 1741 936 1823 Benzonibus,
965 1754 1034 1808 et
1081 1740 1421 1808 Placentia
1467 1742 1556 1807 ab
1602 1740 1885 1808 Arcellis
1939 1763 2288 1830 oppressa;

67 1855 302 1924 Paulus
347 1857 713 1926 Guinisius
757 1859 1045 1936 Lucam,
1091 1857 1484 1924 Franciscus
1518 1858 1738 1925 Rusca
1769 1856 2089 1937 Comum,
2121 1856 2290 1923 Bru-

76 1976 186 2039 ssti
230 1974 611 2056 Vercellas,
683 1987 751 2041 et
819 1973 1160 2043 Torricelli
1206 1974 1549 2065 quondam
1622 1973 1852 2041 exules
1918 1974 2287 2043 Novariam

79 2091 478 2160 invaserunt.
530 2093 923 2160 Franciscus
951 2096 1115 2159 item
1148 2090 1523 2172 Carrarius,
1562 2090 1907 2159 Gulielmo
1953 2089 2288 2181 Scaligero

75 2230 257 2294 quem
290 2208 645 2277 Veronam
679 2186 1034 2277 reduxerat
1079 2233 1340 2278 veneno
1384 2222 1651 2290 necato,
1696 2231 1773 2275 ea
1820 2208 1986 2276 urbe
2031 2211 2291 2298 potitus

80 2324 261 2389 etiam
305 2326 639 2394 Car-olum
688 2325 1216 2407 Vicecomitem,
1260 2326 1440 2417 quod
1490 2329 1841 2414 pecuniam
1890 2339 2143 2392 mutuo·
2183 2347 2290 2391 ac·

78 2453 317 2527 ceptam
364 2468 503 2511 non
558 2445 961 2524 restitueret,
1008 2446 1147 2532 pari
1195 2441 1432 2510 fraude
1475 2442 1776 2510 sustulit.
1823 2441 2073 2510 Veneti
2114 2463 2287 2532 quo-

88 2580 204 2644 que
245 2557 423 2628 ultro
469 2584 546 2628 se
590 2560 990 2627 dedentibus
1043 2561 1342 2641 civibus,
1388 2560 1702 2629 Vicentia
1746 2562 1813 2626 in
1860 2582 2054 2625 suam
2096 2569 2288 2647 pote-

90 2685 300 2743 statem
344 2678 648 2759 redacta,
694 2691 764 2746 et
809 2677 1075 2746 Verona
1109 2702 1227 2767 per
1256 2678 1683 2745 Franciscum
1716 2675 2104 2763 Gonzagam
2136 2674 2284 2741 Du-

89 2810 211 2855 cem
268 2807 642 2885 occupatag
699 2808 928 2885 postea
991 2796 1195 2861 etiam
1244 2792 1637 2872 Patavium,
1685 2789 1946 2858 Alberti
2000 2787 2279 2858 Roberti

93 2908 398 2993 copiarum
461 2912 660 2977 ducis
726 2934 963 3000 opera,
1008 2908 1330 2977 Carrariis
1396 2910 1751 2988 extinctis,
1813 2907 2280 2975 obtinuerunt.

91 3017 153 3085 lu
212 3046 282 3089 ea
350 3026 788 3117 expeditione
832 3025 1174 3093 Feltrinus
1217 3024 1537 3115 Gonzaga
1598 3036 1868 3091 strenue
1919 3046 1991 3090 se
2049 3024 2280 3113 gessit,

94 3139 193 3222 qui
231 3138 384 3207 dum
433 3146 617 3210 intra
663 3142 966 3212 Veronae
1014 3144 1278 3210 moenia
1331 3163 1489 3216 cum
1537 3139 1987 3231 quadrigentis
2041 3138 2282 3229 pediti·
2354 3196 2364 3206 .

97 3250 203 3319 bus
243 3259 608 3353 irrumpere
656 3275 903 3343 tentat,
950 3284 990 3327 a
1034 3260 1289 3338 Iacobo
1336 3258 1645 3327 Carrario
1689 3270 1925 3348 captus
1970 3271 2041 3325 et
2084 3257 2283 3325 Pata·

98 3372 255 3440 vium
293 3377 538 3448 ductus
585 3380 683 3448 ibi
728 3384 960 3448 misere
1017 3379 1331 3448 decessit:
1380 3380 1582 3446 ceteri
1637 3376 1887 3445 milites
1933 3390 2055 3443 aut
2097 3379 2286 3445 caesi·

103 3505 202 3554 aut
257 3499 431 3585 capti
500 3496 717 3565 fuere.
770 3498 949 3565 Inter
1018 3497 1139 3566 hos
1206 3495 1547 3565 tumultus
1595 3481 1953 3562 Albericus
2006 3517 2281 3586 quoque

103 3601 431 3681 Balbianus
472 3616 748 3693 Ioannis
793 3613 1116 3683 Galleacii
1161 3617 1470 3705 equitum
1526 3617 1844 3705 magister
1888 3591 2282 3700 (Contesta-

106 3716 277 3790 bilem
310 3732 685 3822 vocabant)
736 3744 1163 3823 acceptorum
1209 3730 1690 3800 beneficiorum
1736 3734 2113 3810 immemor,
2158 3729 2281 3819 qui

106 3834 525 3918 Monticulum
570 3875 726 3922 cum
775 3851 1214 3942 amplioribus
1260 3850 1462 3932 villis,
1495 3861 1568 3916 et
1596 3848 2013 3941 Nugarolam
2049 3850 2114 3914 in
2148 3846 2282 3913 Ve-

111 3955 459 4036 ronensibus
504 3968 696 4037 velut
739 3968 944 4038 cliens
992 3969 1402 4049 obtinuerat,
1447 3966 1532 4034 ad
1571 3964 1968 4036 Pontificem
2015 3980 2084 4032 ct
2129 3963 2284 4032 Flo-

113 4080 364 4149 rentinos
409 4086 651 4176 perfide
694 4084 976 4167 defecit3
1023 4088 1110 4155 ad
1157 4109 1308 4153 eam
1353 4084 1645 4177 denique
1690 4108 1908 4152 rerum
1959 4085 2282 4174 prosperi-

114 4198 289 4263 “tem
334 4212 663 4292 pervenit,
711 4220 791 4276 ut
837 4205 1005 4275 urbe
1051 4206 1352 4275 Bononia
1395 4228 1464 4273 se
1510 4205 1886 4296 potiturum
1943 4213 2278 4293 sperarem
