2950 5017
905 463 1114 514 ωηεν
1153 465 1474 518 sur-rmus
1526 477 1533 490 ⁴
2150 458 2287 545 453

48 597 183 667 ret,
229 583 421 653 inter
463 581 583 652 fila
627 582 855 653 Giliae
899 591 1128 657 matris
1180 590 1302 658 rei·
1338 589 1637 660 consciae
1685 587 2050 664 abscondit.
2098 565 2282 667 Tum

48 699 497 770 sortientibus
541 704 713 770 inter
756 726 827 771 se
871 706 1262 792 conjuratis,
1294 698 1939 797 Betollae‚'Gajono,
1970 705 2039 780 et
2069 713 2283 784 P-aulo

48 819 389 889 Caesellio
449 819 772 887 caedendi
830 821 1145 912 praesidis
1209 821 1558 914 negotium
1610 819 1910 919 'obtigit3
1956 832 2075 920 qui
2122 847 2285 899 cum

48 939 362 1027 primum
415 931 758 1006 vulnerari
808 942 1232 1031 coepissent‚·
1273 943 1363 1008 'ab
1431 944 1564 1013 alio
1631 945 1926 1035 quodam
1994 945 2285 1016 militaro

48 1075 352 1119 aeneum
396 1055 811 1124 tormentum
858 1077 945 1126 ex
989 1058 1368 1125 minorihus·
1404 1059 1918 1149 displodendum
1968 1059 2155 1143 erat,
2202 1076 2284 1131 ut

48 1192 125 1237 eo
173 1170 373 1258 signo
418 1174 687 1251 armati,
709 1163 837 1260 qui
869 1174 953 1238 in
971 1191 982 1226 τ
999 1167 1361 1241 Bebioru'm
1385 1167 1687 1242 aedibus
1704 1177 2283 1261 *continebanturss

47 1285 136 1352 ad
187 1282 549 1353 ferendum
607 1275 1100 1377 percussoribus
1153 1277 1488 1357 auxilium
1544 1289 2283 1363 accurrerent.··Eorum

48 1400 603 1472 adducendorum
638 1399 1048 1495 prouinciam
1082 1401 1334 1498 Paulus
1357 1408 2015 1497 ipse‘conjurationis
2046 1403 2287 1480 auctor

48 1515 514 1609 coeperam-et
577 1533 658 1587 ut
724 1521 939 1589 scelus
985 1517 1220 1589 sceleri
1255 1524 1669 1607 adderet-ary
1703 1525 1771 1591 id
1810 1528 2285 1617 'opportunum

48 1634 280 1703 caedis
325 1650 600 1727 tempus·
636 1640 855 1706 visum
904 1637 1047 1720 es't,
1087 1659 1236 1729 quo
1277 1642 1346 1706 in
1394 1633 1673 1708 Domini
1741 1645 2077 1710 cruciatus
2150 1655 2295 1711 me-

49 1757 346 1822 moriam
408 1751 894 1822 sacra'·faciens
945 1756 1243 1824 sacerdos
1281 1753 1780 1825 Eucharistiam
1827 1760 2110 1829 tolleret.
2167 1761 2288 1830 His

50 1873 220 1936 actis
270 1873 393 1960 qui
439 1867 1093 1962 conspiraverant'in
1140 1871 1687 1957 forumexeunt,
1727 1874 2111 1966 abditisque
2153 1900 2287 1967 pu-

49 1986 374 2075 gionibns
442 1989 572 2054 snb
635 1986 1107 2078 chlamydibus
1150 1991 1359 2080 quae·
1392 2011 1481 2057 ex
1548 1993 1693 2079 ejus
1760 1996 2081 2083 temporis
2152 2016 2284 2062 usu

52 2101 388 2192 longiores
455 2116 678 2185 erant,
725 2103 953 2173 'donec
987 2105 1382 2174 -Gozadinus
1449 2107 1822 2197 egreditur,
1872 2107 2081 2176 welut
2152 2107 2289 2177 alia

54 2234 330 2310 agentes
355 2223 376 2256 ”
400 2221 808 2289 diversarum
885 2235 1109 2289 rerum
1189 2223 1529 2314 colloquia
1599 2227 1935 2292 inserunt.
2006 2225 2291 2294 Interim

54 2336 318 2404 Paulus
346 2337 595 2405 Bobius
635 2361 791 2405 cum
825 2338 1137 2408 Coccono
1176 2343 1302 2429 qui
1347 2337 1672 2407 simulata
1720 2341 2095 2410 dominicae
2143 2345 2292 2433 pre-

55 2457 341 2523 cationis
384 2459 766 2524 recitatione
811 2456 1133 2525 corollam
1180 2479 1388 2525 manu
1432 2453 1731 2548 g'erebat,
1770 2459 1929 2526 ante
1973 2472 2290 2548 paternas

58 2572 259 2640 aedes
307 2575 377 2639 in
425 2576 535 2640 via
603 2576 674 2641 in
745 2570 965 2642 forum
1026 2587 1318 2642 exeunte
1365 2573 1879 2642 deambulabat.
1924 2574 2074 2650 Jam
2112 2567 2288 2643 ‘hora

57 2688 191 2756 diei
240 2692 441 2756 tertia
484 2690 888 2757 imminebat
932 2713 1088 2757 cum
1137 2689 1525 2760 Gozadinus
1578 2688 1953 2756 satellitum
2004 2712 2291 2759 numero

58 2811 358 2898 stipatus
406 2808 738 2897 templum
784 2809 1007 2894 majus
1055 2807 1445 2898 ingreditur,
1475 2808 1575 2874 ibi
1617 2806 1701 2873 ad
1739 2806 2087 2873 dexteram
2133 2830 2297 2876 con-

60 2946 301 2991 versus
371 2937 526 2990 ante
588 2924 832 2991 Beatae
875 2923 1168 3014 Virginis
1236 2948 1461 3005 aram,
1505 2946 1683 3013 quae
1751 2919 1871 2989 ad‘·
1904 2921 2295 2993 columnam

63 3045 295 3132 prima
340 3041 839 3110 introeuntibus
905 3044 1145 3109 visitur
1211 3043 1284 3107 in
1351 3051 1588 3131 parato
1654 3039 2067 3110 lectisternio
2112 3064 2300 3110 sacra

61 3159 299 3226 andire
329 3148 583 3250 coepit.
632 3157 887 3226 Ceteris
933 3156 1302 3244 conjuratis
1346 3181 1484 3226 non
1546 3156 1742 3247 longe
1793 3156 1883 3224 ab
1936 3157 2016 3226 eo
2083 3161 2299 3227 consi-

62 3277 446 3358 stentibus,
492 3275 753 3344 Betolla
807 3275 916 3344 ob*
958 3267 1418 3342 humilitatem
1480 3269 1734 3342 nemini
1797 3288 2143 3365 suspectus
2184 3275 2299 3344 ἀεὶ

59 3395 216 3481 ejus
263 3394 466 3483 pedes
507 3396 578 3460 in
625 3415 845 3483 genua
890 3393 1296 3484 procumbit.
1344 3393 1450 3459 Ibi
1495 3392 1749 3459 Paulus
1779 3396 2047 3483 negotio
2082 3416 2300 3484 quan-

61 3516 156 3579 tis
188 3524 415 3601 potest
444 3511 659 3580 uerbis
688 3512 942 3581 Zenoni
982 3511 1454 3581 commendato
1499 3514 1764 3601 signum
1804 3523 2300 3603 expectaturus

63 3628 158 3696 ad
208 3639 496 3696 armatos
561 3631 636 3695 in
703 3626 980 3695 aedibus
1046 3630 1258 3697 socios
1317 3631 1698 3697 revertitur.
1742 3627 1895 3704 Jam
1957 3649 2297 3694 sacrorum

61 3745 367 3813 lectione
409 3745 492 3812 de
537 3767 726 3814 more
770 3749 1084 3826 recitata,
1129 3744 1432 3815 sacerdos
1477 3743 1727 3812 Christi
1771 3764 2009 3832 corpus
2070 3744 2141 3809 in
2205 3740 2307 3809 al-

65 3873 226 3929 tum
289 3860 650 3930 sublatum
718 3859 968 3952 populo
1036 3861 1467 3942 ostendebat,
1520 3881 1682 3926 oum
1744 3870 1830 3925 ut
1897 3869 2303 3928 convenerat
2392 3856 2401 3861 ”

67 3982 334 4048 irruens
380 3978 645 4048 Betolla
705 4002 951 4069 magno
1020 3982 1288 4070 impetu
1359 3978 1670 4046 abrasum
1720 3975 2048 4046 Gozadini
2093 4000 2305 4044 sacer-

67 4096 316 4166 dotum
366 4121 568 4167 more
598 4099 839 4189 capitis
886 4098 1204 4165 verticem
1248 4097 1575 4187 percutit,
1642 4106 1714 4162 et
1777 4096 1848 4162 in
1917 4096 2300 4184 proximam

67 4215 473 4287 columnam
519 4217 722 4285 sicam
771 4214 1001 4309 adigit.
1047 4214 1228 4284 Tum
1277 4213 1396 4285 ille
1450 4212 1535 4282 ad
1587 4212 1976 4283 caedentem
2030 4232 2306 4284 conver-
