2950 5017
652 396 790 466 ³66
1399 410 1640 457 auum
1688 408 2112 455 ancrtusnm

652 534 934 606 Alfonso
970 530 1316 615 defuncto,
1349 528 1810 604 Perdinandus
1853 529 2039 622 regni
2080 549 2427 598 successor
2471 549 2615 598 non
2657 531 2831 621 magui

655 677 816 721 eum
861 650 1081 722 facere
1124 651 1368 741 coepit.
1411 647 1677 718 Invidia
1718 649 1898 716 enim
1944 649 2299 738 procerum
2333 642 2665 737 perfidiae
2691 668 2835 716 acca,

650 781 870 852 satus,
912 768 1098 861 quod
1139 766 1557 838 Ferdinando
1601 768 1824 836 minus
1876 786 2068 832 carus
2136 777 2282 832 erat
2297 814 2319 846 ,
2393 763 2639 832 Borsio
2697 760 2832 831 fratri

649 911 870 978 regem
919 889 1146 958 animo
1189 910 1233 953 a
1276 908 1349 954 se
1392 882 1617 953 alieno
1679 905 1818 952 esse
1882 905 2002 973 per
2044 880 2303 950 litteras
2346 883 2667 949 nunciat.
2708 879 2833 948 Iudi·

651 1016 892 1093 gnatus
927 1002 1198 1073 Borsius
1239 1024 1398 1069 eum
1442 1023 1603 1068 cum
1649 1001 1962 1091 equitnm
2007 997 2118 1065 ala
2160 998 2247 1065 ad
2293 997 2642 1075 Ioannem
2672 995 2833 1063 Ande-

650 1141 1003 1208 gavensem
1072 1120 1166 1186 ire
1232 1118 1596 1208 praeeipit3
1641 1138 1764 1184 nec
1806 1114 2028 1184 multo
2071 1126 2225 1206 post
2267 1125 2592 1183 conserto
2636 1112 2830 1204 praelio

653 1232 979 1303 Hercules
1019 1221 1374 1330 conspecto
1411 1234 1588 1300 inter
1625 1230 2091 1321 cataphractos
2135 1252 2291 1321 rege
2337 1232 2416 1296 in
2466 1252 2630 1295 eum
2673 1229 2830 1294 citato

652 1373 831 1442 equo
860 1353 1095 1432 currit,
1123 1348 1578 1440 fugientique
1621 1352 2047 1440 posteriorem
2092 1370 2335 1415 aureae
2381 1344 2695 1415 clamidis
2729 1368 2835 1434 par·

658 1481 800 1536 tem
845 1491 982 1536 non
1027 1477 1421 1557 penetrante
1464 1465 1647 1534 ultra
1689 1477 1842 1534 ense
1873 1465 1962 1532 ab
2008 1464 2302 1533 humeris
2349 1463 2715 1532 amissam
2741 1484 2828 1551 pro

603 1571 626 1584 ³
650 1584 931 1675 tropheo
977 1583 1065 1652 ad
1109 1587 1318 1654 socios
1359 1582 1618 1652 retulit.
1663 1582 1829 1652 Inde
1873 1606 1914 1650 a
1958 1580 2187 1650 Borsio
2228 1603 2392 1649 cum
2441 1577 2828 1671 sigismundo

652 1698 865 1772 fratre
910 1713 1286 1784 revocatus,
1316 1703 1461 1791 ipse
1490 1698 1815 1791 regendae
1843 1698 2175 1782 Mutinae,
2205 1696 2685 1853 sigismundus
2719 1691 2833 1762 veri)

648 1816 860 1908 Regio
903 1815 1290 1907 praefectae
1332 1815 1493 1884 fuit.
2418 1851 2497 1908 ο

786 1933 890 2003 Eo
935 1947 1234 2025 tempore
1278 1933 1658 2001 Galleatius
1701 1928 1956 2002 Sfortia
1998 1930 2166 1999 Dux
2217 1931 2595 2002 Mediolani
2647 1925 2834 1996 Brixil-

652 2049 799 2119 lum
871 2074 913 2117 a
976 2048 1328 2119 Manfredo
1371 2049 1673 2141 Corrigio
1740 2049 2090 2118 detentum
2158 2052 2562 2139 occupavit.
2607 2046 2830 2113 Biennio

652 2178 808 2259 post
872 2170 1048 2235 inter
1088 2167 1474 2257 Regienses,
1521 2178 1592 2234 et
1636 2167 2068 2237 Lndovicum
2114 2166 2441 2235 Mantuae
2503 2164 2831 2252 Principem

652 2286 823 2353 inita
866 2295 970 2352 est
1010 2284 1398 2365 conventio,
1442 2293 1525 2351 ut
1572 2284 1662 2352 ab
1706 2287 1894 2353 omni
1938 2286 2231 2374 portorio
2285 2281 2611 2352 solvendo
2666 2281 2830 2345 utrin-

653 2423 791 2492 que
855 2402 1034 2469 cives
1100 2413 1320 2470 essent
1357 2403 1702 2470 immunes
1735 2405 1834 2471 (1).
1881 2401 2241 2470 Caeterum
2285 2400 2372 2468 de
2408 2411 2637 2474 =morte
2676 2396 2835 2462 Fran·

653 2521 812 2588 cisci
856 2517 1152 2589 Sfortiae
1197 2522 1319 2611 qui
1373 2522 1446 2588 in
1500 2518 1916 2612 hydropisim
1979 2519 2307 2589 inciderat
2325 2570 2345 2600 ,
2390 2517 2567 2587 falso
2619 2535 2830 2584 rumore

653 2637 941 2729 perlato,
985 2640 1218 2707 rustici
1263 2636 1670 2720 Placentini,
1713 2651 1796 2706 ut
1839 2637 1931 2706 ab
1973 2641 2161 2707 omni
2205 2662 2401 2707 onere
2448 2632 2826 2723 vectigalium

652 2758 991 2824 immunes
1034 2769 1277 2839 essent3
1320 2756 1725 2826 tumultuari
1752 2768 2137 2847 coeperunt.
2168 2755 2276 2823 Ad
2306 2778 2415 2824 eos
2449 2758 2679 2822 missus
2704 2748 2828 2817 cor-

654 2873 856 2942 radus
898 2872 1296 2957 Folleanus,
1337 2879 1459 2966 qui
1503 2875 1631 2943 sub
1661 2874 1912 2952 Jacobo
1942 2875 2246 2942 Picinino
2293 2873 2474 2940 clara
2523 2869 2693 2939 fama
2733 2866 2828 2931 mi-

654 2990 971 3061 litaverat
987 3043 1009 3075 ,
1035 3018 1284 3085 magna
1311 2994 1673 3085 prudentia
1702 3016 1972 3061 ornnem
2001 2979 2397 3061 seditionem
2439 2986 2828 3080 compescuit,

654 3130 952 3198 moxque
1014 3112 1392 3178 universam
1449 3133 1636 3179 oram
1683 3108 2128 3199 Ligusticam,
2185 3107 2492 3177 tradente
2512 3102 2824 3203 ‚Ludovico

656 3222 1018 3291 Gallorum
1063 3246 1239 3314 rege,
1300 3247 1418 3314 pro
1480 3225 1831 3292 Francisco
1892 3222 2147 3294 Sfortia
2200 3226 2484 3315 recepit;
2547 3221 2661 3313 qui
2711 3214 2859 3282 uni-·

656 3361 845 3408 verso
891 3337 1030 3405 fere
1074 3341 1284 3408 soceri
1327 3350 1594 3429 recepto
1640 3342 1922 3431 imperio
1969 3364 2101 3409 non
2145 3339 2267 3407 diu
2320 3350 2647 3431 superstes
2691 3350 2825 3400 anno

656 3476 1038 3523 ncccccxvr
1082 3477 1312 3523 mense
1356 3453 1695 3526 februario
1741 3458 2086 3526 occubuit.
2131 3458 2314 3525 Cum
2344 3456 2680 3525 Galleacio
2716 3445 2817 3514 filio

657 3582 730 3639 et
771 3572 1039 3662 imperii
1103 3594 1481 3643 successore
1548 3576 1756 3663 patris
1820 3598 1985 3643 casu
2035 3573 2303 3645 Borsius
2356 3596 2475 3663 per
2520 3564 2820 3641 Herculem

658 3684 937 3757 fratrem
979 3688 1345 3759 condoluit.
1400 3689 1592 3781 Regii
1646 3715 1921 3782 quoque
1970 3692 2010 3770 J
2013 3713 2256 3762 oannes
2309 3690 2611 3782 Baptista
2652 3675 2818 3751 Palla-

662 3809 928 3877 vicinus
973 3811 1246 3877 antistes
1290 3808 1502 3900 pridie
1546 3807 1696 3879 idus
1739 3813 1904 3879 maii
1947 3813 2291 3903 repentina
2322 3822 2543 3880 morte
2571 3799 2821 3896 sublata!

660 3925 1008 4010 occubuit,
1035 3927 1140 3997 vir
1170 3925 1589 4019 eloquentia,
1616 3940 1689 3997 et
1715 3928 2079 3999 condendis
2122 3929 2538 3998 carminibus
2577 3915 2817 4009 insigni&

735 4175 820 4257 (ι)
852 4187 919 4241 Iu
949 4205 1121 4244 arcam
1153 4189 1373 4244 duarum
1408 4191 1649 4248 clavium.
