2950 5017
931 413 1128 457 nnn
1175 413 1467 466 omni-us
1866 469 1871 475 ,
2176 396 2303 465 335

85 559 276 630 opera
319 538 398 605 in
449 535 850 604 decennium
896 539 1108 627 pactis
1137 536 1423 606 induciis
1452 537 1880 608 Franciscum
1911 536 2304 630 Gonzagam

85 655 364 724 solemni
441 657 896 724 instrumento
964 652 1464 722 beneficiarium
1533 654 1858 723 clientem‘
1910 654 2039 724 sibi
2105 654 2304 726 fecit.

85 774 220 841 Nec
265 770 507 841 multo
536 784 688 863 post
715 772 913 841 Petro
944 771 1404 840 Gambacurta
1434 772 1739 840 Pisarum
1778 785 2064 862 tyranno
2101 771 2307 864 paulo

89 903 236 959 ante
283 913 326 957 a
372 890 637 967 Jacobo
682 888 994 980 Applano
1049 889 1323 980 publico
1368 890 1585 958 scriba
1630 892 1878 971 occiso,
1924 913 1964 958 a
2009 889 2305 961 Gerardo

88 1008 460 1097 parricidae
510 1006 650 1076 filio
694 1012 814 1098 qui
860 1008 949 1077 ob
993 1008 1253 1078 crebras
1295 1008 1649 1078 seditiones
1696 1031 1885 1097 aegre
1933 1009 2170 1078 urbem
2205 1033 2307 1078 re-

95 1123 383 1206 tinebat,
430 1123 743 1191 ducentis
800 1123 1115 1193 millibus
1180 1123 1584 1194 florenorum
1631 1124 1812 1191 Pisas
1854 1126 2063 1192 emit:
2109 1136 2180 1193 et
2226 1138 2309 1194 ut

91 1244 159 1309 in
197 1264 473 1310 summa
507 1266 730 1310 rerum
764 1241 1085 1311 felicitate
1121 1245 1384 1311 evenire
1424 1242 1592 1310 solet
1632 1242 2139 1311 succedentibus
2183 1267 2305 1334 pro

93 1371 242 1428 voto
295 1359 543 1441 rebus,
588 1359 793 1426 etiam
840 1358 1085 1442 Senas,
1129 1382 1296 1451 quas
1341 1361 1602 1450 saepius
1647 1358 2006 1428 Pontifices
2059 1358 2310 1428 frustra

95 1498 402 1567 occupare
445 1489 904 1557 tentaverant,
935 1476 1117 1546 ultro
1149 1475 1553 1544 dedentibus.
1595 1500 1664 1543 se
1711 1478 2006 1558 civibus,
2035 1477 2311 1546 ditionis

97 1615 245 1659 suae
288 1593 568 1680 adjecit.
616 1592 869 1681 Ejectis
922 1617 1195 1685 quoque
1240 1618 1329 1660 ex
1372 1606 1639 1661 vetusta
1707 1594 1864 1661 sede
1929 1569 2312 1685 Malespinis

107 1732 244 1777 eum
298 1712 627 1782 omnibus
688 1711 1152 1799 adjacentibus
1196 1710 1459 1802 oppidis
1505 1711 1637 1779 sibi
1680 1712 1946 1779 Lunam
1995 1713 2309 1799 subjecit.

105 1826 173 1893 In
213 1852 290 1895 ea
335 1828 720 1920 proferendi
765 1832 1025 1920 imperii
1072 1832 1504 1919 prosperitate
1534 1832 1740 1896 etiam
1774 1830 2147 1911 Perusinos,
2178 1833 2307 1921 qui

111 1939 351 2033 Ugolini
380 1944 643 2013 Trincii
674 1945 1047 2034 Fulginatis
1078 1944 1418 2013 Pontificis
1451 1944 1703 2012 Vicarii
1754 1929 1954 2013 armis
1999 1950 2303 2014 resistere

109 2082 227 2128 non
277 2074 628 2152 poterant,
673 2061 943 2130 Othone
987 2085 1142 2130 cum
1190 2064 1572 2152 quingentis
1620 2061 1938 2131 velitibus
1993 2062 2302 2153 praesidii

114 2198 291 2246 causa
336 2184 569 2262 misso,
613 2183 683 2248 in
730 2181 1138 2272 deditionem
1191 2183 1470 2271 accepit.
1529 2180 1897 2248 Nuceriam
1967 2195 2305 2271 praeterea

119 2307 183 2361 et
219 2295 575 2387 Spoletum
623 2302 696 2367 in
741 2298 1024 2402 Umbria
1066 2302 1334 2380 invasit,
1378 2312 1450 2366 et
1480 2288 2165 2390 Assisium'corruptis
2195 2299 2313 2367 de·

117 2408 461 2484 femoribus
507 2418 887 2505 occupavit.
935 2416 1045 2482 Ab
1094 2415 1226 2483 alia
1272 2429 1461 2507 parte
1522 2419 1592 2484 in
1654 2416 2060 2485 Pedemonte
2114 2418 2312 2484 Faci-

111 2532 251 2612 ⁸nius
277 2532 506 2615 Canis,
538 2538 660 2625 qui
705 2534 804 2600 ibi
850 2534 995 2620 ejus
1040 2537 1247 2625 copiis
1290 2547 1618 2625 praeerat,
1664 2533 2042 2625 Septinam,
2089 2534 2315 2603 Rova·

121 2648 299 2730 rium,
338 2650 794 2733 Caravinum,
839 2665 909 2719 et
956 2666 1292 2742 postremo
1339 2652 1749 2741 Eporediam
1809 2676 1937 2719 non
1989 2650 2314 2740 ignobilia

126 2766 339 2853 oppida
381 2770 679 2859 subegit.
725 2770 1084 2838 Continuis
1131 2784 1366 2865 tamen⁸
1406 2769 1738 2837 bellorum
1787 2769 2157 2836 exhaustus
2190 2772 2315 2834 im-

128 2886 313 2967 pensis
357 2890 716 2975 pecuniam
753 2890 948 2954 tertia
979 2911 1173 2955 verae
1205 2888 1690 2954 aestimationis
1738 2898 1924 2975 parte
1967 2885 2314 2952 subtracta

127 2995 480 3070 deteriorem
534 3005 776 3071 cudere
820 3017 1092 3073 coactus
1123 3015 1247 3070 est.
1280 3003 1467 3069 Dum
1503 3003 1936 3098 haecjoanni
1968 3002 2312 3073 Galleatio

130 3109 374 3186 feliciter
417 3121 790 3189 succedunt
833 3146 920 3188 ex
966 3120 1233 3212 alpibus
1278 3125 1508 3211 ingens
1550 3123 1881 3202 virorum,
1912 3120 2316 3189 mulierum-

129 3253 242 3318 que
296 3237 665 3308 multitudo
709 3238 930 3306 linteis
976 3238 1150 3306 albis
1198 3239 1658 3306 circumducta
1690 3262 1770 3306 ac
1799 3237 2161 3319 sacerdote,
2191 3239 2313 3329 qui

132 3367 413 3438 magnam
461 3355 698 3435 vultu,
745 3367 816 3421 et
861 3355 1079 3422 verbis
1141 3354 1524 3444 religionem
1581 3353 2106 3446 praeseferebat,
2151 3378 2312 3422 cum

136 3459 354 3533 Christi
407 3472 699 3560 imagine
757 3471 1221 3561 praecedente,
1267 3474 1341 3540 in
1387 3472 1659 3539 Italiam
1704 3459 2082 3539 descendit:
2133 3494 2318 3561 prae-

135 3572 323 3648 latum
365 3585 784 3654 Crucifixum
833 3587 921 3656 ob
965 3587 1320 3658 bominum
1367 3572 1641 3678 peccata
1684 3587 2062 3677 lacriymari
2109 3586 2316 3652 dicti-

139 3691 379 3767 tabant:
426 3706 549 3794 ipsi
597 3707 859 3772 veniam
907 3727 948 3770 a
993 3704 1139 3772 Deo
1187 3717 1514 3795 petentes,
1555 3708 1994 3793 concinosque
2026 3702 2314 3792 hymnos

141 3829 421 3886 canentes
463 3822 908 3891 ambulabant
955 3823 1227 3914 publice
1272 3826 1340 3890 in
1388 3826 1578 3903 vicis,
1611 3839 1682 3890 et
1710 3825 2054 3891 communi
2086 3844 2316 3888 mensa

141 3929 390 4016 epulati,
433 3939 552 4006 ubi
597 3964 736 4011 nox
780 3952 1213 4031 oppresserat,
1258 3942 1632 4030 permixtae
1677 3940 1976 4008 maribus
2028 3937 2317 4042 feminae

143 4035 553 4125 dormiebant.
599 4057 777 4126 Cum
808 4058 1094 4149 Regium
1136 4060 1491 4138 venissent,
1545 4070 1743 4125 aucta
1797 4056 2130 4147 religionis
2175 4056 2318 4145 opi-

144 4177 312 4232 ”¹⁹⁰0
341 4192 470 4239 non
501 4175 730 4243 rudem
766 4175 995 4256 modo,
1029 4188 1098 4241 et
1130 4174 1471 4242 credulam
1506 4174 1812 4265 plebem,
1842 4172 1953 4240 sed
1991 4174 2313 4263 principes
