2950 5017
744 428 825 496 16
1461 445 1700 495 aranu
1751 407 2167 497 nscrnsrmu

653 583 657 588 ·
731 585 1044 658 superum
1064 568 1241 636 'vero
1282 564 1692 636 Adriaticum
1735 568 1824 637 ab
1865 567 2068 637 Adria
2098 566 2465 638 Tuscorum
2507 566 2785 639 colonia
2830 593 2893 640 ec

731 684 962 763 missa,
1004 679 1204 750 fuerit
1260 680 1672 773 appellatum
1713 684 1813 751 (ί).
1865 683 2043 753 Ante
2091 681 2285 766 alios,
2324 684 2447 774 qui
2495 706 2581 751 ex
2640 684 2754 754 his
2816 688 2893 752 ci:

731 796 937 888 Alpes
975 799 1046 865 in
1090 821 1235 866 eam
1281 801 1612 889 regionem
1632 849 1652 880 ‚
1693 821 1866 890 quse
1908 821 2088 867 nunc
2127 810 2228 867 est
2269 798 2735 889 Longobardia
2749 850 2771 881 ‚
2816 800 2893 866 di·

732 936 948 982 versas
1017 914 1143 982 sub
1192 916 1389 983 variis
1450 914 1737 983 ducibus
1792 914 2081 986 colonias
2142 913 2561 984 deduxerunt
2587 965 2609 997 ,
2683 916 2893 985 Bonus

731 1028 1093 1098 Bononiam
1110 1079 1129 1110 ,
1193 1040 1264 1097 et
1313 1028 1623 1097 Verunus
1673 1028 2007 1099 Veronam
2071 1028 2307 1097 urbem
2372 1028 2705 1099 condidit.
2754 1030 2893 1098 Post

733 1167 847 1214 eos
871 1144 1144 1236 Regius,
1187 1155 1256 1212 et
1297 1146 1437 1234 ipse
1480 1166 1637 1213 suae
1679 1144 1974 1215 coloniae
2030 1144 2175 1213 dux
2222 1145 2646 1235 Apenninum
2699 1156 2893 1212 trans·

732 1282 981 1350 gressus
1022 1259 1337 1350 oppidum
1388 1283 1429 1327 a
1478 1282 1549 1327 se
1591 1259 1873 1350 Regium
1938 1271 2253 1330 vocatum
2317 1257 2726 1328 aedificavit.
2774 1259 2893 1326 Sed

732 1399 819 1445 an
862 1375 1030 1444 b'aec
1071 1387 1290 1445 nostra
1317 1377 1404 1444 sit
1453 1378 1686 1445 civitas
1715 1375 2019 1446 nonnulli
2048 1377 2341 1444 maxime
2367 1376 2718 1458 dubitant,
2750 1398 2893 1443 cum

729 1492 933 1581 hujus
959 1495 1052 1561 rei
1078 1504 1311 1562 auctor
1338 1492 1598 1562 Portius
1627 1492 1800 1562 Cato
1829 1492 1976 1563 loca
2008 1504 2231 1583 aperte
2273 1516 2409 1563 non
2452 1491 2893 1561 demonstran:

736 1621 1007 1677 tantum
1052 1608 1287 1699 Regios
1332 1608 1511 1699 apud
1538 1606 1745 1698 Alpes
1786 1630 1828 1676 a
1867 1608 2074 1699 Regio
2113 1608 2282 1677 duce
2339 1606 2726 1676 descendere
2771 1630 2893 1675 me·

729 1738 945 1796 moret
981 1726 1086 1808 (⁸),
1126 1749 1248 1793 nec
1304 1724 1476 1794 clare
1534 1747 1742 1815 quam
1806 1733 2074 1816 gentem
2138 1723 2461 1818 significet
2526 1726 2893 1815 exprimat.

728 1840 1017 1931 Aliquae
1057 1853 1282 1909 tamen
1327 1865 1460 1909 non
1502 1840 1741 1909 desunt
1783 1840 2222 1929 conjecturae,
2253 1865 2296 1909 a
2324 1840 2569 1933 quibus
2612 1840 2893 1931 Regium

727 1958 1019 2047 primum
1061 1957 1484 2047 Regiensium
1548 1966 1888 2025 auctorem
1952 1953 2157 2024 fuisse
2213 1979 2351 2024 non
2410 1954 2687 2023 absurde
2729 1955 2893 2024 credi

729 2084 979 2162 potest;
1004 2094 1161 2140 cum
1190 2072 1445 2154 Livius,
1491 2095 1568 2139 ac
1612 2074 1851 2140 caeteri
1894 2070 2150 2141 nobiles
2195 2070 2695 2161 historiographi
2740 2070 2893 2138 Gal-

731 2186 863 2256 liae
888 2183 1260 2278 Cisalpinae
1290 2188 1651 2278 municipia
1683 2190 1974 2278 primum
2004 2210 2047 2254 a
2073 2186 2353 2255 Thuseis
2396 2186 2657 2256 condita
2698 2182 2893 2254 fuisse

731 2295 1167 2374 consentiant.
1212 2304 1406 2388 Quod
1450 2325 1604 2372 vero
1647 2301 1737 2372 de
1780 2302 1914 2372 alia
1956 2302 2249 2391 ejusdem
2291 2303 2577 2374 nominis
2620 2301 2787 2369 urbe
2828 2305 2893 2369 in

732 2420 1045 2489 Calabria
1087 2423 1302 2511 posita
1331 2419 1659 2490 Catonem
1704 2422 1971 2488 sensisse
1997 2419 2276 2510 quidam
2319 2419 2744 2499 arbitrantur,
2782 2415 2893 2486 fal·

731 2559 881 2606 sum
927 2548 1048 2605 est.
1094 2534 1435 2627 Siquidem
1478 2559 1616 2627 quo
1660 2547 1953 2626 tempore
1995 2533 2261 2617 Sicilia,
2302 2558 2477 2625 quae
2528 2533 2712 2604 olim
2746 2556 2893 2601 eum

733 2653 988 2744 reliqua
1035 2653 1234 2721 Italia
1276 2652 1630 2740 conjuncta
1671 2649 1874 2719 fuisse
1914 2648 2151 2739 fertur,
2180 2654 2380 2720 maris
2421 2654 2682 2742 impetu
2709 2674 2751 2717 a
2779 2650 2893 2719 Ga·

732 2768 947 2839 labria
998 2784 1098 2838 est
1141 2771 1465 2860 dirempta
1483 2821 1502 2849 ,
1546 2770 1647 2836 illi
1690 2770 1960 2859 Rhegio
2014 2770 2103 2837 ab
2148 2769 2535 2837 abscissione
2577 2767 2893 2839 Graecum

732 2909 972 2956 nomen
1017 2888 1401 2977 impositum
1445 2881 1580 2953 fuit
1623 2882 1721 2953 (3).
1774 2886 1895 2954 His
1958 2884 2260 2967 accedit,
2312 2882 2495 2975 quod
2559 2905 2713 2950 cum
2778 2884 2893 2950 sui

732 3001 1019 3091 Alpibus
1083 3000 1320 3068 Italiae
1361 2999 1646 3090 Regium
1704 3000 1945 3067 ducem
2010 2997 2381 3069 consedisse
2436 2996 2609 3067 Cato
2671 2994 2893 3065 referat

732 3141 866 3186 non
910 3117 995 3184 de
1037 3116 1168 3186 alio
1214 3119 1285 3183 in
1327 3128 1625 3182 extrema
1673 3116 1909 3183 Italiae
1977 3140 2093 3185 ora
2158 3118 2287 3184 sito
2301 3166 2324 3195 ‚
2376 3126 2444 3181 et
2493 3112 2581 3182 ab
2623 3112 2893 3203 Alpibus

732 3234 1165 3302 remotissimo
1182 3281 1202 3312 ‚
1244 3231 1358 3297 sed
1409 3234 1631 3320 potius
1674 3229 1759 3296 de
1798 3241 2020 3300 nostro
2065 3253 2201 3297 non
2253 3233 2350 3297 ita
2409 3228 2603 3320 longe
2646 3228 2731 3297 ab
2775 3229 2893 3297 illiz

734 3350 1025 3420 distante
1066 3347 1310 3416 dixisse
1352 3347 1755 3416 eredendum
1807 3359 1938 3416 est.
1996 3345 2254 3414 Deinde
2316 3369 2473 3415 cum
2518 3345 2893 3427 Veronensi:

736 3466 1051 3533 Comensi
1081 3475 1150 3530 et
1181 3462 1326 3531 aliis
1367 3463 1945 3554 propinquioribus
1974 3462 2166 3551 Regii
2199 3461 2524 3532 coloniam
2553 3473 2893 3543 recenseat,

743 3595 824 3651 ut
867 3584 1142 3651 minime
1188 3579 1538 3649 verisimile
1578 3583 1665 3652 sit
1681 3631 1703 3663 ,
1744 3580 1850 3649 his
1892 3578 2220 3649 Catonem
2248 3579 2705 3649 remotissimos
2729 3573 2893 3647 Rhe·

735 3685 922 3793 ginos
963 3691 1399 3769 annumerare
1421 3696 1728 3767 voluisse
1741 3746 1760 3764 .
1804 3694 1988 3768 cam
2030 3718 2184 3766 vero
2226 3696 2330 3766 ad.
2354 3699 2594 3767 novam
2644 3704 2893 3765 nostrae

811 3988 1039 4056 (1)Liv.
1071 3989 1162 4041 lib.
1194 3988 1245 4054 5,
1277 3988 1400 4040 Dec.
1440 4004 1488 4039 r.
1849 4032 1855 4037 .

809 4082 892 4150 (a)
923 4082 1002 4135 De
1036 4080 1184 4151 Orig.
1216 4081 1331 4133 ital.
1361 4079 1452 4131 lib.
1488 4097 1537 4149 7,
1568 4078 1707 4131 Hist-
1742 4094 1788 4132 r.

810 4174 898 4247 (3)
931 4174 1129 4230 Justin.
1159 4174 1250 4228 lib.
1282 4173 1335 4241 4,
1367 4173 1425 4225 in
1458 4190 1510 4241 p.
1541 4178 1593 4225 et
1623 4169 1760 4227 Plin.
1792 4168 1884 4225 lib.
1917 4169 1967 4238 3,
1999 4184 2044 4222 c.
2074 4167 2126 4221 8.
