2950 5017
1001 442 1202 489 mssa
1249 444 1497 493 smus
2204 431 2337 516 405

20 558 330 643 laria,
377 560 500 630 ubi
544 559 846 629 militum
892 561 1312 633 tribunatum
1361 575 1747 657 acceperat,
1788 567 2171 658 Aguignam
2218 592 2339 660 pa-

39 689 357 747 ternae
401 678 675 747 ditionis
718 677 1043 769 oppidum
1087 703 1313 750 versus
1366 694 1630 773 portam
1681 682 1938 751 castelli
1980 697 2337 753 revertere·

43 807 263 878 tur,
308 795 398 862 ad
441 793 859 882 Scajolorum
905 796 1098 864 aedes
1143 802 1478 889 pervenit,
1524 800 1648 866 ubi
1691 822 1868 867 unus
1912 824 2000 867 ex
2044 800 2189 888 ejus
2234 800 2334 870 fa·

47 911 505 978 miliaribus
557 934 674 1001 per
717 910 1061 980 lasciviam
1105 912 1465 984 Bebiorum
1519 937 1768 985 nomen
1822 914 1963 983 alta
2012 938 2175 986 voce
2228 940 2341 985 ac-

43 1026 474 1095 clamavit.
520 1026 923 1095 Balthasaris
963 1027 1239 1098 clientes
1284 1030 1405 1097 ubi
1453 1054 1541 1098 ex
1561 1028 1872 1099 kfenestra
1917 1043 2337 1102 transeuntes

57 1156 571 1236 agnoverant,
623 1145 1026 1215 adversarios
1080 1147 1210 1215 sibi
1263 1147 1547 1216 illudere
1600 1149 1939 1232 arbitrati,
1981 1148 2338 1219 confestim
2438 1207 2443 1212 .

59 1283 320 1328 arma
349 1263 697 1351 arripiunt.
732 1263 911 1330 Ante
942 1262 1107 1331 alios
1137 1263 1556 1353 Augustinus
1587 1263 1866 1347 Vastus,
1897 1277 2342 1355 cognomento

57 1375 466 1460 claudus,
520 1400 788 1468 gravem
837 1381 1280 1469 ignominiam
1343 1383 1713 1471 conqueri3
1757 1381 2024 1451 hostem
2069 1383 2139 1450 in
2182 1385 2343 1474 ipsis

69 1495 399 1563 aedium
445 1493 698 1565 foribus
743 1508 815 1563 et
859 1509 1016 1564 ante
1060 1496 1291 1566 oculos
1344 1498 1669 1567 insultare
1681 1551 1702 1582 ,
1747 1499 1890 1586 jam
1933 1522 2005 1568 se
2046 1519 2170 1591 pro
2212 1502 2341 1568 im·

71 1611 445 1696 hellibus,
478 1626 547 1680 et
575 1611 839 1681 feminis
870 1613 1150 1695 haberi3
1208 1618 1306 1681 ita
1350 1618 1590 1697 socios,
1637 1628 1721 1684 ut
1761 1639 1833 1684 se
1876 1629 2334 1707 sequerentur,

77 1729 438 1799 hortatus
499 1730 980 1798 contumeliam
1040 1730 1309 1798 ulturus
1362 1735 1597 1799 exivit.
1645 1730 2118 1822 Sequebantur
2162 1718 2340 1802 inter

83 1846 292 1915 alios
334 1847 664 1925 Ioannem
706 1848 1037 1925 Iacobum
1084 1861 1374 1939 quatuor
1418 1872 1578 1916 eum
1623 1851 2087 1940 scorpionibus
2139 1856 2343 1941 sagit-

91 1968 310 2049 tarii,
341 1968 463 2057 qui
494 1968 786 2056 primum
818 1966 1276 2055 Augustinum
1311 1970 1430 2038 vix
1458 1967 1669 2053 janua
1701 1991 2068 2058 egressum,
2099 1969 2344 2038 deinde

91 2082 547 2172 Morgantern
579 2082 992 2166 coriarium,
1025 2107 1187 2152 mox
1216 2083 1616 2151 Falcheturn
1648 2083 2036 2153 Messorium
2083 2087 2346 2175 sagittis

95 2203 390 2268 eminus
456 2202 670 2268 missis
737 2198 1123 2269 transfossos
1196 2212 1531 2268 sternunt.
1600 2201 1920 2269 Brusatus
1986 2203 2368 2271 Messorius.

99 2317 414 2387 aliorum
463 2317 644 2387 malo
687 2320 947 2387 cautior
992 2295 1239 2400 factus,
1282 2317 1577 2408 periculo
1622 2341 1693 2386 se
1738 2322 2157 2389 committere
2201 2345 2335 2389 non

103 2447 222 2502 est
271 2456 510 2513 ausus,
556 2446 628 2501 et
669 2436 847 2502 intra
891 2433 1167 2504 domum
1214 2458 1370 2502 cum
1427 2434 1578 2508 aliis
1618 2458 1689 2503 se
1736 2438 2092 2504 continuit.
2139 2436 2218 2504 In
2264 2459 2344 2505 oo

112 2548 440 2617 tumultu
473 2548 792 2620 Albertus
823 2550 1114 2632 Fossius,
1136 2552 1256 2641 qui
1300 2573 1387 2619 ex
1430 2552 1759 2640 contiguis
1803 2543 2117 2636 Scajolae
2163 2550 2345 2617 aedi·

103 2666 254 2733 bus
300 2664 598 2734 clamore
643 2665 913 2747 audito,
956 2677 1040 2733 ut
1096 2668 1290 2735 sociis
1358 2665 1615 2734 auxilio
1682 2675 1882 2746 esset,
1925 2677 1996 2731 et
2056 2668 2344 2755 priorem

107 2783 333 2850 etiam
380 2781 603 2850 fratris
653 2782 973 2869 injuriam
1036 2781 1504 2863 ulcisceretur,
1558 2791 1856 2864 armatus
1913 2793 2224 2863 venerat,
2274 2793 2346 2849 et

109 2901 266 2990 ipse
334 2899 692 2989 scorpionis
759 2898 895 2966 telo
965 2898 1527 2965 transverberatus
1581 2895 1847 2966 cecidit.
1903 2894 2107 2964 Urbis
2151 2918 2342 2986 prae-

111 3012 384 3096 fectus,
412 3015 670 3092 Joanne
698 3013 950 3093 Jacobo
999 3012 1270 3081 exulare
1313 3013 1522 3100 jusso,
1566 3023 1635 3079 et
1680 3012 1769 3079 ab
1813 3022 2103 3101 utraque
2147 3022 2338 3103 parte

111 3129 266 3198 fide
312 3142 586 3221 accepta
630 3134 968 3198 neminem
1024 3126 1350 3198 offensum
1397 3131 1477 3195 iri
1521 3127 1730 3196 donec
1780 3126 1865 3194 lis
1917 3150 2348 3218 componere-

115 3261 278 3331 tur,
326 3250 503 3317 inter
568 3272 679 3318 eos
753 3251 989 3315 tacitas
1049 3247 1348 3316 inducias
1394 3270 1509 3337 per
1553 3241 1996 3337 quadraginta
2042 3249 2349 3348 quinque

115 3365 274 3433 dies
335 3363 659 3433 firmavit.
705 3364 872 3434 Mox
915 3365 1213 3434 Antonio
1255 3363 1465 3432 Bebio
1523 3366 1849 3454 imperat,
1893 3373 1975 3430 ut
2018 3363 2345 3440 Joannem

117 3482 505 3565 Iacobum,
547 3480 873 3564 Paulum,
923 3491 995 3549 et
1043 3480 1319 3560 Julium·
1357 3479 1603 3548 liberos
1654 3480 1969 3571 Aguigna
2020 3481 2126 3547 sui
2182 3478 2350 3567 juris

119 3595 409 3667 castello
455 3597 827 3689 ablegaret,
855 3597 1037 3689 quod
1077 3596 1402 3687 Principis
1444 3593 1908 3667 beneficiarius
1953 3595 2159 3664 cliens
2203 3594 2350 3681 ejus

117 3714 360 3785 hostes
409 3718 700 3807 recipere
753 3740 887 3786 non
933 3714 1233 3783 deberet.
1286 3713 1583 3784 Moestus
1634 3736 1869 3805 parens
1929 3715 2049 3803 qui
2108 3712 2217 3799 jus
2276 3715 2350 3780 in

119 3829 376 3903 liberos
419 3835 674 3904 invitus
718 3835 965 3924 exequi
1009 3832 1406 3922 cogebatur,
1439 3828 1625 3898 mula
1658 3830 1743 3897 ad
1772 3840 2066 3898 castrum
2113 3838 2346 3898 vectus

125 3959 292 4018 ante
331 3962 602 4040 portam
646 3951 822 4017 sistit
853 3949 959 4030 (¹),
1004 3948 1102 4015 ibi
1150 3959 1285 4017 tres
1325 3946 1501 4016 filios
1556 3968 1842 4017 evocans
1907 3967 2032 4015 sua
2097 3944 2350 4014 ditione

127 4065 454 4135 excedere
481 4066 708 4155 jubet,
735 4075 1131 4156 monetque,
1176 4076 1262 4133 ut
1303 4062 1644 4136 fortunam
1676 4060 1937 4136 fortiter
1971 4060 2224 4147 ferant,
2270 4051 2351 4128 ac

203 4301 290 4371 (ι)
321 4299 426 4355 Die
458 4307 642 4372 quart·
672 4299 973 4358 novembds
1002 4315 1215 4355 novur.
