2950 5017
1264 669 1639 757 mmm
1727 668 2320 812 QUARTUS

843 1565 1138 1658 Populus
1182 1567 1493 1657 pristinae
1533 1563 1829 1632 libertati
1887 1567 2230 1631 restitutus
2296 1577 2454 1630 ante
2521 1566 2743 1631 omnia
2802 1564 2871 1630 ad

709 1682 1166 1772 quaerendum
1209 1680 1622 1770 reipublicae
1663 1679 1992 1748 vexillum
2035 1669 2333 1747 animum
2378 1679 2687 1745 intendit.
2730 1679 2803 1744 Id
2840 1702 2872 1744 a

707 1799 1039 1866 Panceriis
1084 1811 1244 1865 tunc
1288 1800 1358 1864 in
1406 1798 1573 1864 urbe
1617 1798 1997 1886 potentibus
2017 1847 2036 1876 ,
2079 1799 2199 1885 qui
2242 1797 2693 1863 Atestinorum
2751 1808 2873 1860 stu·

705 1914 872 1982 diosi
901 1914 1346 1993 habebantur,
1378 1915 1696 2002 supprimi
1726 1912 2043 1980 invidiose
2087 1912 2453 1979 dicebatur.
2502 1912 2608 1976 Ad
2654 1933 2867 1979 eorum

710 2032 940 2117 itaque
986 2030 1175 2095 aedes
1221 2027 1398 2096 facto
1443 2032 1704 2118 impetu
1748 2051 1985 2116 parurn
2031 2025 2278 2107 abfuit,
2306 2030 2473 2115 quin
2503 2050 2730 2095 eorum
2769 1997 2902 2092 do·-

709 2145 937 2210 mibus
980 2148 1078 2211 vis
1123 2141 1514 2222 inferretur3
1557 2142 1671 2209 sed
1738 2167 1893 2209 curn
1959 2142 2064 2209 illi
2132 2154 2511 2211 constanter
2576 2152 2867 2230 negarent

697 2260 933 2327 ullum
980 2262 1161 2351 apud
1206 2284 1275 2327 se
1320 2263 1576 2349 patriae
1622 2261 1863 2348 (cujus
1894 2260 2187 2327 libertati
2217 2259 2580 2345 favebant)
2627 2263 2865 2347 signum

711 2389 978 2457 extare,
1022 2375 1150 2442 fide
1194 2376 1406 2443 verbis
1452 2376 1725 2457 habita,
1769 2381 1982 2445 omnis
2031 2374 2364 2445 tumultus
2417 2378 2715 2441 cessavit.
2757 2373 2870 2440 Co-

709 2493 1033 2581 mitiaque
1077 2495 1303 2557 statim
1351 2491 1581 2581 populi
1619 2491 1887 2571 habita,
1922 2503 1990 2558 et
2023 2491 2203 2581 quod
2231 2491 2340 2556 die
2370 2502 2561 2556 sexto
2594 2489 2871 2555 calendas
2926 2530 2927 2607 1

707 2603 1053 2688 februarii,
1096 2631 1232 2696 quo
1274 2608 1312 2683 J
1316 2611 1544 2675 oannis
1589 2607 2045 2696 chrysostomi
2089 2605 2258 2675 festa
2301 2604 2735 2684 celebrantur,
2775 2628 2868 2669 re-
2926 2678 2927 2683 η

716 2734 913 2810 cepta
956 2723 1228 2789 libertas
1260 2721 1512 2803 fuisset,
1547 2721 1975 2791 referentibus
2007 2720 2333 2797 Folleanis
2360 2730 2683 2787 statutum
2711 2717 2869 2796 fuit,
2926 2724 2927 2749 ³

709 2851 791 2903 ut
836 2841 892 2903 is
937 2839 1117 2903 urbis
1166 2839 1339 2927 apud
1386 2839 1898 2928 Redemptorem
1959 2851 2254 2904 nostrum
2311 2835 2604 2902 tutelaris
2654 2834 2871 2911 divus,
2925 2832 2927 2911 ξ

712 2966 1159 3043 patronusque
1218 2954 1601 3043 eligeretur,
1649 2978 1725 3020 ac
1769 2957 1834 3019 in
1887 2953 2032 3038 ejus
2078 2951 2394 3020 honorem
2455 2951 2869 3017 sacerdotium

714 3094 755 3134 a
799 3070 1146 3158 republica
1192 3068 1666 3136 conferendum
1691 3120 1709 3149 ,
1740 3070 1918 3157 quod
1949 3070 2442 3157 juspatronatus
2475 3079 2742 3145 vocant,
2767 3064 2873 3130 sub

712 3185 855 3269 ejus
900 3189 1168 3251 nomine
1213 3197 1507 3250 erectum
1557 3182 1712 3250 fuit.
1771 3186 1917 3249 Hoc
1961 3185 2298 3274 decretum
2370 3182 2567 3250 hodie
2634 3203 2871 3270 quoque

714 3303 783 3364 in
833 3298 1164 3364 tabulario
1230 3312 1451 3364 nostro
1524 3299 1777 3364 visitur.
1839 3298 2120 3366 Giberto
2187 3322 2338 3365 vero
2404 3298 2726 3386 Corrigio,
2770 3296 2867 3384 qui

712 3414 1135 3502 Regiensium
1179 3411 1474 3479 libertati
1521 3416 1813 3501 impense
1842 3411 2131 3494 faverat,
2181 3415 2262 3479 ad
2309 3412 2715 3481 referendam
2755 3433 2873 3499 gra·

641 3542 644 3547 “
717 3534 911 3610 tiam,
944 3530 1281 3596 Matthaeo
1329 3531 1469 3614 ejus
1518 3527 1718 3596 fratre
1762 3532 1833 3596 in
1876 3554 1993 3596 sex
2039 3554 2289 3598 menses
2318 3531 2627 3598 Praetore
2658 3539 2868 3604 creato,

716 3646 878 3713 Divi
949 3647 1282 3713 Ambrosii
1353 3641 1674 3735 oppidum
1753 3646 2117 3713 liberaliter
2179 3648 2349 3715 dono
2418 3647 2657 3712 datum
2734 3642 2869 3709 fuit.

714 3763 794 3828 Id
849 3766 985 3852 ipse
1054 3774 1280 3851 postea
1325 3763 1405 3828 de
1452 3786 1574 3829 sua
1636 3761 1891 3830 familia
1960 3763 2141 3853 quod
2207 3786 2452 3830 nomen
2497 3761 2696 3829 hodie
2738 3781 2872 3848 quo·

715 3902 850 3967 que
895 3881 1169 3959 retinet,
1238 3879 1610 3968 Corrigium
1656 3879 2044 3968 appellavit.
2104 3878 2326 3944 Tanta
2381 3877 2866 3967 conspirantium

715 3994 1081 4082 indignatio
1149 3993 1316 4075 fuit,
1386 4009 1462 4060 ut
1534 3999 1737 4061 etiam
1806 3996 2093 4061 Atestini
2168 3996 2452 4061 nominis
2520 3992 2869 4059 memoriam

718 4134 1097 4181 conservare
1156 4111 1639 4202 prohibuerint.
1708 4111 1986 4185 Severae
2038 4112 2523 4180 constitutionis
2585 4105 2870 4178 Nicolans
