2950 5017
640 404 777 488 408
1389 417 1633 465 annun
1674 416 2098 466 ateramum

644 547 768 636 qui
809 541 1068 610 Alberti
1115 537 1238 608 filii
1281 562 1516 609 necem
1561 537 1729 609 ferre
1772 564 1910 610 non
1961 549 2268 631 poterat,
2308 561 2473 607 cum
2518 539 2869 633 Delipheo

643 660 911 747 Scajolo
954 661 1023 726 in
1067 657 1430 726 Bebiorum
1475 654 1762 726 fratrum
1808 669 2016 748 caput
2060 660 2428 748 conspirat.
2476 655 2651 740 Erat
2694 672 2867 727 tunc

641 778 991 866 Aguignae
1044 773 1370 862 juridicus
1414 773 1707 841 Michael
1751 772 2163 843 Bocciaclius
2228 796 2431 864 prope
2500 775 2858 842 castellum

644 896 718 960 in
762 892 1038 959 aedibus
1082 889 1335 981 templo
1378 892 1706 979 contiguis
1751 889 2098 957 habitans:
2146 889 2328 957 hunc
2371 901 2443 957 et
2487 869 2856 959 Nicolaum

644 1008 1060 1099 signanum,
1126 1007 1321 1093 cujus
1386 1006 1834 1075 concubinam
1884 1006 2108 1084 Julius
2158 1005 2403 1073 Bebius
2466 1010 2539 1074 vi
2605 1020 2860 1097 raptam

644 1125 951 1206 tenebat,
994 1134 1064 1191 et
1106 1122 1531 1191 Matthaeum
1578 1122 1948 1190 Chelinum
2002 1125 2073 1190 in
2117 1121 2330 1190 Miara
2372 1121 2661 1190 Sarzani
2703 1123 2857 1191 villa

646 1241 991 1331 degentem
1058 1241 1344 1331 pecunia
1413 1238 1502 1305 ad
1572 1237 1904 1308 tollendos
1964 1237 2184 1308 hostes
2244 1237 2534 1329 pellicit.
2587 1238 2859 1307 centeni

643 1362 826 1430 aurei
868 1361 1113 1448 cuique
1157 1347 1460 1447 promissi
1504 1359 1562 1424 si
1606 1356 1715 1426 vel
1761 1380 1979 1425 unum
2018 1380 2108 1423 ex
2138 1357 2413 1425 Antonii
2466 1357 2676 1425 Bebii
2714 1356 2857 1424 filiis

639 1475 1077 1546 sustulissent.
1122 1473 1247 1541 Per
1290 1487 1585 1565 quatuor
1652 1487 1724 1542 et
1796 1477 2069 1565 triginta
2124 1474 2265 1541 dies
2333 1498 2405 1541 re
2469 1474 2859 1564 diligentius

644 1617 968 1685 expensa,
1011 1591 1281 1666 tandem
1338 1591 1630 1683 placuit,
1677 1603 1759 1659 ut
1803 1591 1924 1659 ubi
1973 1590 2219 1680 aliquis
2274 1588 2571 1658 fratrum
2623 1594 2859 1671 exiret,

641 1710 714 1777 id
758 1707 1051 1777 Michael
1097 1731 1237 1776 uno
1290 1719 1496 1798 atque
1564 1706 1772 1774 altero
1839 1709 2148 1797 campani
2209 1709 2373 1773 aeris
2441 1729 2619 1775 sono
2688 1710 2859 1775 sociis

644 1848 826 1893 nune
879 1823 1115 1915 procul
1172 1823 1600 1892 latitantibus
1651 1821 2084 1913 significaret,
2136 1825 2255 1913 qui
2310 1825 2601 1912 arreptis
2675 1825 2859 1889 armis

647 1940 841 2011 velut
885 1939 1069 2007 aliud
1114 1944 1331 2007 acturi
1376 1939 1681 2009 hostibus
1725 1935 1999 2007 obviam
2044 1940 2247 2020 irent,
2301 1941 2856 2029 inopinantesque

645 2061 1119 2147 opprimerent.
1164 2055 1387 2124 Semel
1444 2055 1634 2122 Bebii
1687 2056 1848 2150 dato
1901 2079 1941 2122 a
1993 2054 2326 2124 Michaele
2378 2058 2575 2145 signo
2634 2057 2852 2146 egressi

642 2171 941 2253 fuerant,
985 2170 1098 2239 sed
1141 2194 1301 2238 cum
1348 2183 1760 2240 armatorum
1808 2194 2086 2239 manum
2123 2195 2350 2239 secum
2392 2171 2852 2252 adduxissent,

643 2290 818 2360 nihil
864 2302 964 2357 est
1009 2300 1375 2356 tentatum.
1409 2288 1580 2358 -Alio
1625 2292 1830 2379 igitur
1873 2290 2147 2358 consilio
2190 2315 2329 2356 rem
2377 2294 2671 2380 aggressi
2729 2304 2854 2357 tan-

639 2407 797 2473 dem
869 2405 955 2472 ad
1021 2408 1285 2471 exitum
1355 2405 1834 2494 perduxerunt.
1907 2405 2012 2471 Ad
2082 2405 2627 2495 componendam
2697 2410 2855 2473 inter

645 2526 893 2593 amicos
935 2543 1194 2614 pacem,
1238 2520 1555 2589 fratribus
1584 2522 1766 2591 domi
1810 2522 2080 2604 relictis,
2125 2520 2301 2591 forte
2343 2522 2526 2591 solus
2573 2524 2852 2600 Joannes

646 2641 936 2719 Jacobus
1003 2642 1306 2721 exierat3
1360 2639 1458 2706 ibi
1503 2638 1829 2708 Nicolaus
1880 2640 2188 2729 patrandi
2233 2637 2549 2708 facinoris
2600 2654 2855 2731 tempus

641 2762 898 2827 venisse
942 2770 1167 2839 ratus,
1213 2759 1661 2856 statim-carn·
1693 2757 2020 2825 Michaele
2063 2746 2416 2825 castellum
2460 2760 2851 2848 ingreditur,

639 2874 1026 2965 blandoque
1070 2897 1369 2941 sermone
1397 2896 1512 2962 per
1544 2886 1817 2940 causam
1854 2897 2053 2940 aurae
2098 2876 2168 2940 in
2215 2877 2481 2940 aestivis
2526 2873 2851 2942 caloribus

640 2991 1014 3083 captandae
1043 2989 1306 3068 Julium
1349 2989 1671 3057 educunt.
1715 2991 1864 3068 Jam
1912 2989 2172 3079 longius
2202 2993 2511 3080 Aguigna
2541 2992 2848 3069 aberant,

638 3131 795 3175 cum
828 3107 1176 3189 Nicolaus,
1220 3111 1403 3174 rixae
1435 3106 1666 3206 polore
1696 3110 2024 3196 quaesito,
2070 3131 2235 3173 num
2284 3131 2571 3188 memor,
2600 3110 2841 3198 inquit,

637 3223 948 3305 es,„Juli,
993 3245 1148 3289 cum
1196 3246 1313 3312 per
1360 3227 1501 3291 vim
1549 3222 1716 3289 mihi
1762 3224 2205 3289 concubinam
2241 3226 2484 3313 ‘inique
2516 3226 2846 3312 rapuisti?

635 3357 719 3407 eo
763 3339 847 3405 ad
891 3341 1123 3405 rustici
1170 3339 1373 3406 verba
1414 3339 1964 3406 contumeliosius
2011 3339 2465 3429 respondente,
2499 3340 2841 3420 Nicolaus,

636 3455 774 3522 alte
816 3452 1109 3535 sublata,
1153 3478 1357 3544 quam
1407 3477 1614 3521 manu
1658 3457 1953 3543 gerebat,
1995 3459 2233 3535 securi,
2277 3455 2664 3522 insultantis
2709 3481 2839 3523 eer-

635 3575 852 3641 vicem
892 3574 1232 3663 percussit.
1262 3571 1547 3639 Cadenti
1579 3555 1869 3640 Michael
1904 3576 2116 3663 primo
2149 3572 2341 3640 hasta
2364 3587 2603 3642 'natem
2636 3586 2841 3642 trans-

635 3688 813 3770 fixit,
848 3712 1013 3757 mox·
1036 3692 1236 3755 armis
1267 3688 1567 3770 abiectis,
1598 3693 1967 3779 spirantem
1998 3689 2218 3756 adhuc
2250 3690 2565 3756 manibus
2605 3693 2841 3757 strictis

629 3804 951 3872 faucibus
995 3810 1284 3872 necavit.
1332 3806 1459 3874 Pro
1506 3809 1799 3895 praemio
1859 3818 2124 3896 praeter
2175 3811 2533 3896 pecuniam
2585 3808 2840 3875 sicarios

642 3923 843 3990 denos
874 3919 1192 3990 frumenti
1223 3927 1541 3994 sextarios
1587 3923 1884 3991 retulisse
1922 3922 2170 3991 ferunt.
2203 3923 2371 3991 Aliis
2399 3921 2836 4013 fugientibus,

639 4038 1026 4108 Matthaeus
1047 4039 1369 4124 Qhelinus
1399 4045 1691 4109 criminis
1721 4045 1934 4109 socius
1964 4053 2228 4131 captus,
2252 4041 2514 4110 Hilario
2539 4042 2835 4124 Quintia·

638 4181 728 4228 no
769 4157 1109 4226 Parmensi
1140 4159 1486 4249 Aguignae
1530 4158 1902 4246 jusdicente
1919 4208 1940 4242 ,
1970 4157 2217 4249 laqueo
2245 4179 2606 4249 suspensus
2625 4207 2646 4239 ,
2673 4166 2745 4242 et
2770 4158 2829 4223 in
