2950 5017
895 424 1095 471 man
1139 423 1440 480 omarus
2125 404 2259 498 ²59

29 548 212 617 leani
256 549 342 615 in
394 546 638 615 urbem
679 545 973 630 revocati
1016 542 1212 616 valde
1255 547 1596 627 timerent,
1639 566 1727 617 ne
1768 568 1971 636 opera
2005 523 2261 616 Μαι·

33 678 303 745 toeum,
353 665 486 754 qui
549 673 988 752 cognomento
1056 659 1455 752 Tripolitani
1524 661 1969 743 vocabantur,
2012 664 2258 731 iterum

31 776 362 848 Pontifici
412 777 884 857 subderentur,
920 789 1257 866 suspectos
1300 777 1470 845 urbe
1515 774 1945 868 expulerunt,
1991 788 2060 845 et
2102 777 2261 845 Ber·

35 906 285 965 tonum
336 892 719 963 Robertum
764 892 1031 961 Giberti
1090 892 1307 961 filium
1327 943 1348 975 ,
1395 904 1467 962 et
1528 892 1830 963 familiae
1895 896 2260 986 principem

33 1011 306 1079 insidiis
351 1022 635 1101 captum
692 1011 761 1077 in
820 1032 1145 1077 carcerem
1187 1010 1634 1096 conjecerunt.
1678 1010 1937 1078 Deinde
1979 1011 2261 1079 Pratum

39 1150 208 1193 cum
273 1128 570 1194 caeteris
627 1122 1078 1194 Robertorum
1127 1125 1412 1194 castellis
1469 1139 1926 1216 expugnatum
1971 1125 2264 1196 Thoma-

35 1245 217 1324 ἀπο,
262 1254 340 1310 et
384 1245 629 1319 Ioanni
658 1242 992 1323 Robertis,
1021 1246 1143 1332 qui
1172 1243 1578 1324 Alexandro,
1609 1242 1894 1332 aliisque
1936 1239 2263 1310 Sanctum

41 1359 426 1427 Martinam
490 1358 872 1427 tenentibus
944 1357 1255 1426 Robertis
1328 1357 1877 1438 adversabantur,
1918 1359 2264 1426 commise-

47 1487 228 1543 runt.
271 1474 542 1543 Contra
587 1473 754 1543 alios
804 1488 1144 1564 praeterea
1189 1476 1369 1543 cives
1412 1471 1752 1542 Pontificis
1812 1470 2103 1540 fautores
2160 1497 2262 1540 ar-

49 1593 176 1658 mis
225 1593 565 1661 conversis
583 1641 603 1672 ,
646 1590 953 1659 Vectiani
1023 1602 1093 1658 et
1157 1590 1462 1659 Canu‘ssii
1530 1612 1732 1681 pagos
1796 1589 2258 1658 incenderunt.

55 1708 217 1776 Mox
253 1707 479 1799 Gypsi
552 1708 949 1777 suburbium
968 1757 989 1789 ,
1070 1709 1503 1798 prodentibus
1553 1706 1912 1777 Rolandini
1955 1706 2260 1774 Ganussii

55 1820 520 1904 familiaribus,
566 1836 843 1914 captum
892 1846 1053 1890 cum
1102 1823 1579 1910 adjacentibus
1617 1823 1900 1914 praediis
1942 1825 2092 1913 igne
2135 1820 2262 1888 fer-

59 1963 262 2030 roque
299 1953 671 2009 vastarunt.
722 1940 1006 2009 Castelli
1058 1941 1397 2010 obsidione
1428 1941 1519 2009 ο1)
1547 1945 1903 2008 instantem
1947 1939 2259 2029 hyemem

63 2054 305 2136 soluta,
349 2056 520 2123 dum
565 2059 635 2123 in
687 2056 926 2123 urbem
999 2069 1462 2138 revertuntur,
1507 2055 1832 2124 Robertos
1898 2056 1983 2122 ad
2048 2077 2261 2144 oppu-

61 2172 394 2259 gnandum
427 2172 798 2243 Portiolum
832 2186 1062 2240 euntes
1105 2176 1174 2240 in
1220 2172 1452 2263 fugam
1486 2170 1983 2262 compulerunt,
2014 2192 2258 2261 eosque

67 2308 261 2377 usque
308 2287 398 2355 ad
443 2289 798 2357 Herberiae
844 2289 1174 2356 suburbia
1226 2291 1480 2369 secuti,
1544 2306 1701 2354 cum
1774 2286 2033 2369 duobus
2098 2286 2258 2353 Bar-

65 2403 422 2474 tholomaei
469 2406 742 2473 Roberti
792 2405 946 2472 filiis
994 2408 1230 2495 viginti
1277 2409 1566 2497 equites,
1621 2414 1691 2471 et
1756 2401 1962 2471 ferme
2029 2426 2256 2471 omnes

69 2520 301 2608 pedites
355 2533 589 2611 captos
634 2523 921 2611 Regium
973 2523 1311 2588 duxerunt
1332 2572 1352 2602 ,
1398 2535 1468 2588 et
1512 2520 1641 2587 sub
1685 2519 1982 2593 custodia
2025 2542 2258 2608 posue-

65 2645 229 2701 runt.
284 2636 503 2703 Erant
568 2639 637 2703 in
706 2660 784 2704 eo
852 2650 1068 2704 castro
1136 2637 1262 2702 sub
1331 2634 1630 2702 Gerar-do
1676 2633 1961 2719 Bojardo
2029 2632 2252 2721 plures

70 2747 392 2821 Pontifici.
437 2765 651 2841 partes
696 2756 939 2833 secuti,
987 2756 1106 2842 qui
1152 2750 1501 2842 Regienses
1548 2772 1794 2839 magno
1823 2750 2068 2816 damno
2112 2747 2254 2815 affi-

73 2866 338 2936 ciebant.
387 2869 612 2935 Rebus
657 2893 965 2960 prospere
1027 2871 1226 2957 gestis
1271 2892 1445 2936 anno
1492 2888 1845 2933 mcccxxxx
1893 2865 2114 2930 idibus
2154 2865 2256 2950 ja-

71 2987 272 3050 nuarii
311 2986 641 3053 Marsilius
709 2999 777 3052 et
843 2987 1084 3053 Petrus
1131 2986 1378 3064 Roscii,
1428 2976 1921 3072 Trimberaque‘
1955 2983 2251 3073 Impera·

76 3101 215 3166 toris
255 3101 549 3168 Vicat-ius
593 3125 751 3168 cum
798 3102 1211 3169 Caesarianis
1256 3099 1693 3189 Regiensibus
1756 3098 2047 3187 burgum
2103 3099 2248 3184 ejus

75 3212 184 3281 loci
224 3218 732 3299 occidentalem,
761 3222 832 3285 in
864 3242 1002 3308 quo
1034 3219 1470 3285 ducentorum
1504 3215 1805 3283 militum
1842 3214 2245 3305 praesidium

79 3344 225 3413 erat,
265 3357 386 3424 per
430 3334 680 3403 multos
733 3337 872 3401 dies
924 3347 1430 3425 oppugnarunt,
1474 3356 1558 3399 ac
1600 3333 1881 3400 demum
1935 3332 2246 3400 omnibus

77 3447 402 3543 pmffigatis
447 3462 515 3518 et
560 3451 907 3520 Gherardo
955 3463 1152 3541 capto
1218 3454 1290 3519 in
1358 3473 1553 3517 suam
1614 3460 2019 3540 potestatem
2066 3448 2248 3516 rede-

77 3581 298 3649 gerunt.
335 3567 433 3634 At
461 3565 820 3646 pontificii,
864 3566 987 3633 ubi
1030 3591 1101 3635 se
1148 3566 1396 3657 praelio
1438 3577 1785 3656 superatos
1829 3565 2085 3646 vident,
2128 3584 2245 3654 per

80 3681 480 3766 proditionem
526 3685 810 3776 Regium
856 3708 1088 3774 capere
1143 3697 1442 3767 tentant,
1483 3706 1640 3754 cum
1687 3682 2073 3772 Joan'neque
2117 3682 2243 3747 Le·-

79 3796 321 3872 vnloesio
364 3801 617 3879 Iuliani
679 3802 819 3872 filio
883 3816 1185 3892 egerunt,
1255 3817 1332 3869 ut
1398 3813 1583 3871 certo
1651 3800 1761 3867 die
1826 3822 1944 3889 per
2010 3795 2243 3866 Sancti

81 3912 310 3988 Nuntii
358 3933 657 4012 portam,
705 3944 880 4011 quae
925 3922 1016 3990 ob
1060 3922 1504 4011 suspicionem
1550 3918 1815 3988 occlusa
1860 3916 2240 3996 tenebatur,

82 4038 286 4106 martio
328 4060 555 4106 mense
615 4038 1208 4107 introducerentur.
1255 4036 1750 4129 conspirabant
1792 4057 1950 4102 cum
1993 4056 2073 4102 eo
2115 4031 2237 4100 Al-

85 4142 348 4224 bertinus
392 4154 532 4226 divi
581 4154 882 4248 Prosperi
929 4155 1158 4225 Abbas
1176 4206 1199 4240 ,
1250 4155 1443 4241 eujus
1507 4151 1807 4243 impulsu
1853 4147 2238 4221 Gifredinus
