2950 5017
666 390 797 458 252
1408 406 1646 454 amum
1687 407 2107 456 ateramum

664 525 977 613 ejecerat,
1020 534 1091 593 et
1130 524 1370 593 urbem
1431 523 1653 616 legato
1702 525 2050 597 Pontificio
2106 528 2497 597 tradiderat:
2547 535 2699 600 sed·
2754 536 2893 602 aliz·
2946 590 2948 593 .

662 640 1038 712 Mar-tinum
1101 664 1147 709 a
1213 641 1453 710 Castro
1520 641 1809 712 Amardo
1876 644 2087 734 Regii
2143 647 2565 736 praefectum
2625 649 2891 738 faisse
2946 638 2948 643 ¹

666 757 979 846 referunt.
1025 757 1275 826 Contra
1319 757 1700 846 Regienses,
1740 771 1824 825 ut
1866 782 2059 826 suam
2102 784 2255 850 erga
2298 761 2712 831 Pontificem
2763 767 2889 832 de·
2946 818 2948 825 .

664 872 989 941 clararent
1015 872 1546 943 benevolentiam
1561 923 1581 953 ,
1615 878 1918 964 sequenti
1949 898 2122 944 anno
2152 898 2506 944 mcccxxm
2538 879 2885 948 adversus

664 987 1084 1056 Galleacium
1113 988 1618 1070 vicecomitem,
1645 1012 1783 1080 quo
1813 1013 1971 1058 cum
2006 1002 2199 1061 atrox
2242 993 2499 1061 bellum
2544 997 2878 1084 gerebat,

663 1117 933 1172 centum
976 1107 1233 1195 equites
1274 1105 1401 1171 sub
1430 1106 1628 1174 Actio
1656 1104 2027 1188 Manfredo,
2069 1111 2190 1198 qui
2238 1120 2457 1198 postea
2504 1134 2545 1177 a
2594 1112 2873 1201 Legato

660 1221 945 1308 equestri
989 1220 1311 1310 dignitate
1342 1219 1629 1289 donatus
1657 1233 1783 1303 est,
1813 1221 2068 1292 auxilio
2112 1224 2453 1292 miserunt.
2502 1225 2643 1292 Illo
2692 1228 2873 1296 dno·
2946 1258 2948 1293 :

659 1357 810 1401 rum
878 1333 1168 1401 millium
1239 1337 1543 1425 equitum
1564 1386 1586 1417 ,
1643 1348 1713 1403 et
1764 1335 2057 1426 plurium
2123 1338 2423 1427 peditum
2493 1353 2865 1410 contracto
2946 1340 2948 1343 ’

657 1432 954 1539 undique
999 1473 1089 1516 ex
1130 1447 1482 1518 foederatis
1527 1454 1827 1518 exercitu
1872 1452 1955 1519 ad
1999 1452 2313 1520 Abduam
2357 1454 2619 1522 hostem
2702 1479 2867 1545 pro-

654 1565 928 1656 fligavit.
974 1565 1373 1656 Raymundo
1427 1591 1698 1658 quoque
1741 1567 2046 1639 Cardono
2066 1596 2071 1605 ·
2091 1569 2486 1639 Cremonam
2526 1575 2866 1662 ingresso,

652 1682 925 1773 plurimi
991 1677 1135 1771 ejus
1204 1683 1385 1751 urbis
1451 1688 1624 1752 cives
1669 1685 1958 1775 Regium
2003 1685 2415 1755 confluxere:
2460 1692 2581 1779 qui
2632 1714 2680 1756 a
2725 1690 2863 1757 Re-

654 1800 983 1889 giensibus
1012 1800 1291 1889 benigne
1322 1803 1601 1890 accepti,
1646 1824 1798 1867 cum
1846 1800 1934 1868 ob
1980 1802 2476 1870 multitudinem
2523 1806 2594 1870 in
2648 1805 2859 1873 aedes
2946 1784 2948 1787 Ι

655 1937 879 1982 omnes
924 1917 1122 2005 recipi
1169 1939 1301 1983 non
1346 1928 1644 2004 possent,
1675 1939 1808 1983 non
1843 1919 2037 2005 pauci
2069 1918 2198 1984 sub
2228 1919 2589 2007 porticibus
2622 1924 2855 1987 coacti
2946 1906 2948 1933 ⁵

652 2042 809 2099 sunt
859 2045 1267 2120 pernoctare.
1335 2031 1437 2098 Ea
1505 2035 1738 2100 civitas
1809 2035 2046 2123 opibus
2114 2047 2186 2100 et
2252 2035 2497 2125 populo
2566 2047 2852 2104 tantum

653 2160 1059 2227 excreverat,
1088 2161 1169 2214 ut
1198 2147 1637 2236 quadraginta
1669 2148 1886 2216 millia
1916 2148 2266 2217 bominum
2299 2174 2550 2218 armare
2589 2166 2853 2241 posset3

653 2274 801 2328 tum
846 2284 1000 2330 vero
1043 2260 1131 2330 ob
1175 2261 1564 2329 domesticas
1607 2262 1958 2330 seditiones
2021 2277 2099 2337 et
2155 2276 2458 2335 externos
2500 2267 2850 2336 tumultus
2946 2302 2948 2313 ·

648 2380 770 2445 vix
798 2376 1086 2446 duorum
1134 2377 1422 2444 millium
1470 2378 1810 2445 delectum
1857 2379 2214 2447 habuisset.
2258 2379 2361 2448 Eo
2391 2405 2565 2450 anno
2593 2381 2853 2451 Giber-

650 2505 760 2558 tus
824 2491 1215 2572 Folleanus,
1259 2491 1420 2558 dum
1466 2493 1890 2561 Livicianum
1962 2493 2434 2583 proficiscitur,
2501 2520 2544 2561 a
2609 2495 2844 2566 liberis

648 2606 936 2676 Simonis
985 2610 1210 2696 agnati
1256 2619 1529 2697 captus,
1576 2622 1644 2674 et
1690 2609 1983 2676 Baisium
2031 2612 2101 2676 in
2145 2633 2471 2677 carcerem
2511 2611 2847 2681 deductus
2946 2652 2948 2691 ;

648 2721 805 2791 fuit.
850 2723 1135 2791 Gabriel
1202 2747 1472 2814 quoque
1538 2722 1831 2806 Sessius,
1897 2741 2333 2814 cognomento
2384 2726 2659 2807 Zanara,
2705 2732 2845 2818 qui
2946 2708 2948 2873 Ξ

646 2839 1080 2908 catharinam
1140 2853 1452 2930 agnetam
1498 2865 1587 2908 ex
1629 2841 1843 2908 Divae
1888 2839 2295 2908 Catharinae
2348 2843 2653 2911 coenobio
2712 2866 2841 2911 ex-
2946 2876 2948 3009 Ξ

648 2969 935 3025 tractam
1000 2983 1278 3028 uxorem
1341 2959 1661 3037 duxerat,
1729 2961 1800 3026 in
1867 2957 2206 3026 Genuensi
2273 2981 2426 3049 agro
2492 2982 2837 3049 oppressus
2946 2990 2948 3055 Ξ

646 3074 923 3143 interiit.

780 3190 1041 3257 Interea
1083 3189 1461 3256 Caesariani
1509 3192 1882 3279 proscripti,
1911 3194 2082 3258 inter
2108 3214 2275 3282 quos
2308 3203 2493 3258 erant
2521 3190 2824 3282 Gopriaci

646 3304 954 3385 Domini,
1002 3316 1165 3371 tunc
1207 3307 1278 3371 in
1327 3307 1643 3394 proximis
1688 3306 1839 3370 urbi
1885 3320 2146 3375 nostrae
2209 3307 2492 3375 castellis
2554 3331 2626 3375 se
2683 3320 2830 3376 tue-
2946 3354 2948 3357 -

647 3421 929 3489 bantur:
962 3422 1143 3510 quod
1190 3422 1309 3487 ubi
1353 3421 1842 3504 Parmensibus,
1872 3428 1992 3514 qui
2023 3436 2298 3492 vacante
2342 3428 2619 3515 imperio
2662 3425 2831 3495 Pon-

648 3534 841 3603 tificis
885 3536 1135 3625 Legato
1179 3561 1249 3604 se
1291 3539 1796 3622 commiserant,
1838 3552 2253 3631 compertum
2296 3540 2470 3623 fuit,
2513 3541 2638 3609 sub
2681 3542 2831 3609 Ber-

649 3668 805 3722 tono
851 3651 1141 3721 Roberto
1191 3653 1452 3720 Giberti
1508 3669 1942 3742 cognomento
1989 3657 2384 3747 Tripolitani
2448 3657 2585 3727 filio
2648 3659 2825 3727 urbis

645 3769 989 3841 Praefecto
1033 3785 1100 3838 et
1145 3772 1435 3840 Marsilio
1482 3774 1718 3842 Rubeo
1770 3775 1857 3840 ad
1923 3775 2386 3865 opprimendos
2431 3775 2819 3844 adversarios

650 3885 1007 3955 Sabionem
1043 3888 1520 3958 ‘contendunt.
1588 3890 1882 3958 Tantum
1949 3903 2090 3956 erat
2157 3891 2396 3958 harum
2464 3889 2820 3960 factionum

645 4003 905 4083 odium,
937 4017 1019 4071 ut
1056 4028 1179 4071 nec
1225 4005 1453 4075 exules
1500 4010 1704 4074 etiam
1750 4007 1983 4097 procul
2014 4008 2319 4099 degentes
2350 4006 2515 4074 ferre
2544 4022 2817 4097 possent.

647 4117 937 4190 castello
984 4144 1134 4211 ergo
1178 4134 1372 4212 capto
1417 4134 1487 4189 et
1529 4125 1793 4194 incenso
1854 4136 2310 4216 quotcumque
2383 4126 2640 4215 assequi
2706 4147 2817 4214 po-
