2950 5017
606 421 742 509 574
1355 433 1598 481 neuun
1644 434 2068 481 enormium

604 558 904 651 aquilem
937 557 1252 640 tenebat3
1284 557 1551 626 litterae
1579 570 1806 625 erantt
1853 556 1962 624 Os
2006 576 2282 624 unum
2330 576 2816 625 secunus-reru.

599 677 868 761 Quibus
911 675 1243 766 Alphousi
1289 699 1490 766 opera
1535 699 1577 741 a
1619 677 1955 764 superiore
2002 671 2189 742 bello
2235 687 2582 742 servatam
2629 670 2817 740 fuine

602 795 949 863 civitatem
1006 790 1531 883 significabatur.
1578 789 1719 858 Ubi
1766 813 1846 858 eo
1891 789 2206 879 Princeps
2275 792 2589 879 pervenit
2662 790 2819 855 tubi—

600 913 785 979 cines
829 915 1006 978 intra
1050 912 1298 978 summi
1343 932 1536 976 arcus
1595 909 1795 998 podia
1858 906 2196 998 clangenti
2267 931 2419 973 aere
2487 910 2817 975 concinere

598 1041 1001 1120 coeperunt3
1045 1027 1163 1096 elii
1208 1031 1461 1096 emissis
1507 1028 1803 1118 ignibus,
1846 1029 1968 1117 qui
2039 1025 2252 1117 longis
2320 1026 2676 1093 meatibus
2727 1049 2819 1116 per

600 1145 869 1214 coelum
914 1144 1293 1226 stridentes,
1331 1144 1610 1212 demum
1656 1145 1887 1211 inanes
1930 1142 2285 1223 cadebant,
2330 1141 2664 1232 publicae
2705 1142 2824 1209 lee-

600 1265 791 1330 titiae
841 1264 1031 1353 signa
1095 1260 1471 1330 ediderunt.
1541 1259 1651 1328 Ibi
1718 1259 2037 1351 Princeps
2106 1283 2147 1326 a
2218 1261 2462 1350 viginti
2532 1262 2825 1349 quinque

597 1376 1004 1466 juvenibus,
1044 1380 1167 1470 qui
1219 1400 1306 1445 ex
1361 1379 1677 1446 universa
1744 1376 1929 1466 pube
1975 1375 2225 1444 delecti
2269 1373 2589 1455 fuerant,
2636 1375 2828 1444 hono·

598 1494 781 1564 rifice
824 1498 1180 1587 excipitur.
1226 1496 1319 1562 Hi
1362 1493 1606 1585 galeris
1661 1493 1820 1562 albo
1859 1492 2249 1584 ‘villosoque
2306 1493 2649 1561 bombice
2693 1515 2828 1562 con·

600 1616 807 1682 textis
825 1664 846 1694 ,
911 1625 983 1681 et
1047 1612 1343 1704 plurimo
1411 1634 1581 1682 auro
1648 1614 2071 1702 gemmisque
2138 1609 2432 1701 superbe.
2496 1609 2827 1677 distinctis

601 1732 972 1821 conspicui,
1008 1739 1216 1822 etque
1262 1728 1563 1816 ejusdem
1607 1728 1944 1797 bombicis
1973 1727 2274 1797 vestibus
2303 1730 2494 1794 intus
2517 1706 2829 1817 'argento

600 1846 737 1915 tela
795 1846 1196 1916 sublucente
1260 1849 1553 1915 nitentes
1619 1845 2047 1914 incedebant.
2091 1844 2384 1912 Ensibus
2433 1843 2829 1935 splendente

602 1976 874 2053 argento
919 1965 1259 2033 exornatis
1298 1965 1546 2030 accinti
1581 1961 1914 2053 prsesltes
1945 1984 2204 2030 secures
2234 1957 2584 2052 praefixas
2619 1961 2828 2041 hesu's,
2915 2029 2916 2086 1

599 2103 779 2172 quse
809 2079 1048 2149 villoso
1078 2078 1369 2171 alboque
1398 2078 1716 2148 bombice
1760 2092 1832 2144 et
1876 2101 2040 2146 auro
2071 2076 2372 2167 undique
2406 2077 2831 2167 tegebantur,
2915 2089 2916 2096 ’

600 2194 688 2263 ed
730 2194 1268 2265 submovendam
1304 2195 1589 2286 ‘turbem
1647 2194 1990 2285 gerebant.
2036 2192 2170 2262 Eos
2214 2193 2552 2262 Hercules
2603 2194 2832 2261 Bebius
2915 2215 2916 2218 ’

598 2310 873 2402 Georgii
918 2310 1106 2380 filius
1144 2314 1267 2403 qui
1312 2323 1553 2401 torque
1599 2315 1802 2379 sureo'
1846 2322 1917 2377 et
1978 2312 2162 2400 gravi
2213 2295 2564 2400 longoque
2629 2309 2832 2400 gladio

596 2431 878 2519 insignis
920 2428 1394 2520 praecedebat,
1439 2451 1601 2495 cum
1646 2430 1844 2496 sociis
1889 2426 2190 2495 medium
2233 2425 2691 2518 Alphonsum
2731 2429 2831 2495 sti-
2915 2439 2916 2444 ’

599 2551 814 2638 pavit.
862 2547 1072 2616 Illum
1118 2546 1430 2616 undecim
1477 2546 1753 2637 hippagi
1798 2547 1989 2637 pueri
2035 2547 2363 2637 generosis
2399 2548 2608 2635 equis
2647 2548 2829 2626 vecti,
2911 2603 2914 2662 Ι

599 2688 834 2736 omnes
877 2663 1189 2734 caeruleo
1255 2665 1573 2734 bombice
1640 2687 1943 2755 auroque
1990 2667 2249 2754 virgato
2293 2666 2635 2753 insignes,
2686 2686 2827 2731 cum

600 2796 757 2853 octo
802 2783 1226 2851 tubicinibus
1270 2782 1575 2869 ejusdem
1629 2781 1905 2850 habitus
1950 2780 2460 2851 antecedebant.
2506 2781 2827 2850 Nicolans

597 2899 935 2970 Tessonus
978 2912 1319 2991 sceptrum
1364 2912 1436 2967 et
1478 2897 1837 2968 Cornelius
1879 2896 2273 2968 Bentivolus
2328 2901 2659 2966 strictum
2700 2898 2825 2989 gla-
2913 2943 2914 2948 κ

598 3018 790 3085 dium
835 3017 1341 3109 splendentibus
1384 3020 1669 3110 gemmis
1710 3021 1784 3085 in
1827 3016 2072 3107 capulo
2116 3029 2526 3086 exornatum
2576 3015 2824 3108 pruefe-

598 3135 860 3203 rebsnt.
906 3136 1091 3204 Pone
1118 3155 1378 3217 croceo,
1409 3133 1861 3225 caeruleoque
1890 3133 2139 3206 habitu
2169 3133 2394 3204 decori
2441 3137 2826 3226 stipatores,

599 3251 1187 3344 nobilissimusque
1216 3253 1546 3344 Principis
1575 3257 1942 3321 comitatus
1971 3264 2126 3343 post
2153 3251 2337 3322 urbis
2368 3249 2819 3342 praefectum,

599 3381 672 3433 et
715 3368 883 3436 alios
928 3374 1107 3437 cives
1146 3370 1626 3461 sequebantur.
1657 3369 1796 3437 Ubi
1827 3369 1914 3437 ad
1943 3369 2220 3439 Portam
2263 3384 2681 3460 perventum
2709 3383 2822 3450 est,

597 3473 905 3576 displosis
944 3484 1318 3572 majoribus
1370 3488 1880 3578 minoribusque
1938 3489 2161 3556 aeneis
2233 3490 2590 3557 tormentis
2655 3487 2827 3555 salu·

600 3616 810 3673 tatur.
856 3603 1043 3672 Tum
1086 3608 1393 3674 omnium
1438 3606 1755 3675 ordinum
1810 3610 2013 3674 sacris
2063 3609 2222 3676 viris
2275 3605 2559 3676 obviam
2616 3607 2828 3674 eunti·

600 3724 758 3805 bus,
805 3722 1159 3816 magnifico
1212 3724 1459 3794 habitu
1518 3726 1864 3816 spectandi
1909 3726 2297 3793 decuriones
2338 3725 2475 3793 sub
2522 3723 2823 3792 umbella

600 3843 973 3932 excipiunt.
1023 3841 1197 3911 Eam
1245 3844 1520 3931 majoris
1568 3842 1825 3934 templo
1868 3842 2240 3912 sacerdotes
2278 3865 2368 3909 ex
2406 3842 2574 3910 albo
2606 3843 2825 3909 dams-

599 3979 935 4050 sceuoque
979 3982 1175 4050 opere
1232 3959 1580 4029 elaborato
1648 3960 1965 4030 bombice
2033 3982 2194 4026 cum
2261 3963 2484 4027 aureis
2554 3958 2826 4025 fimbriis

597 4078 872 4144 contexi
921 4076 1283 4163 jusserant.
1331 4077 1540 4147 Illam‘
1601 4101 1692 4145 ex
1761 4078 2194 4168 Regiensium
2264 4076 2443 4146 villis
2513 4076 2819 4166 descripti

599 4191 850 4264 milites
920 4191 1350 4286 fulgentibus
1427 4199 1629 4265 ermis
1666 4275 1669 4279 Δ
1706 4200 2017 4265 instructi
2093 4195 2636 4287 praecedebant5
2706 4194 2816 4285 qui
