2950 5017
961 426 1157 498 mana
1200 426 1440 471 ruimus
2196 409 2277 490 41

92 547 158 614 ia
203 546 555 612 aerarium
600 545 907 613 trecentis
961 545 1260 613 millibus
1313 548 1473 614 aeris
1487 596 1505 627 ‚
1560 546 1813 635 argenti
1864 525 2137 614 centum
2186 571 2283 616 se-

88 663 461 764 ptuaginta
507 659 809 728 millibus
836 660 1056 750 pondo
1086 660 1338 730 relatis.
1368 661 1622 730 Consul
1649 660 1738 730 C.
1750 661 2055 730 Aurelius
2082 663 2286 732 Cotta

84 777 353 846 invidia
397 780 497 845 rei
540 778 710 845 bene
753 790 987 874 gestae
1016 790 1270 860 tactus,
1301 802 1502 859 cum,
1522 778 1700 848 bello
1727 803 1927 871 prope
1954 778 2284 861 confecto,
2356 858 2367 867 ,

86 895 159 959 in
203 892 519 960 Galliam
565 891 895 982 profectus
939 896 1255 987 victorem
1295 897 1656 963 exercitum
1688 919 1728 962 a
1756 897 2064 965 Praetore
2106 891 2285 965 recess
2391 952 2394 957 .

90 1012 341 1098 phet,
366 1009 705 1101 reliquum
737 1013 894 1078 anni
927 1023 1190 1101 tempus
1232 1014 1300 1079 in
1345 1000 1742 1102 populandis
1784 1013 2072 1082 hostium
2117 1018 2287 1104 agris

94 1124 644 1217 indignabundus
687 1130 1126 1217 consumpsit.
1172 1128 1281 1195 Ab
1302 1127 1453 1217 <hoc
1503 1128 1792 1198 Consule
1843 1142 2128 1198 nostram
2185 1156 2286 1198 re·

98 1245 395 1329 gionem‚
437 1265 613 1332 quae
659 1246 838 1332 prius
885 1267 925 1310 a
968 1244 1206 1311 Parma
1251 1244 1336 1311 ad
1380 1245 1745 1326 Bononiam
1790 1246 2069 1314 Bianora
2113 1248 2287 1314 dice·

104 1360 337 1440 batur,
368 1370 598 1447 postea
625 1358 968 1425 Aureliam
1014 1372 1323 1428 vocatam
1356 1358 1581 1444 fuisse,
1610 1385 1765 1429 cum
1796 1362 1877 1429 C.
1902 1360 2287 1451 Sempronio

100 1478 171 1543 in
216 1474 392 1542 libro
435 1474 519 1541 de
562 1474 906 1542 Divisione
950 1474 1189 1542 Italiae
1233 1500 1363 1546 non
1411 1480 1606 1566 pauci
1654 1489 2033 1547 autumant.

237 1590 506 1658 Praetor
535 1587 777 1657 deinde
806 1593 875 1658 in
908 1590 1145 1659 Galliis
1176 1592 1258 1659 C.
1293 1593 1536 1659 Bebius
1566 1593 1978 1684 Pamphilius
2005 1605 2288 1675 creatus,

104 1709 233 1773 etsi
274 1710 643 1773 exercitum
689 1708 786 1773 ibi
829 1709 1104 1774 retinere
1147 1708 1390 1794 jussus,
1433 1711 1654 1777 donec·
1685 1734 1839 1776 cum
1885 1734 2059 1778 novo
2103 1734 2286 1779 exer·

111 1827 255 1888 citu
289 1820 532 1888 Consul
574 1824 982 1910 provinciam
1025 1803 1505 1914 ingrederetur,
1537 1848 1762 1891 omnes
1795 1837 2017 1892 tamen
2062 1837 2288 1915 postea

112 1949 374 2027 praeter
399 1940 694 2027 quinque
725 1937 940 2018 millia
983 1943 1308 2007 sociorum
1343 1921 1733 2008 Latino'rum
1766 1940 1837 2008 S.
1868 1942 1950 2009 C.
1969 1954 2290 2036 exaucto-

110 2055 304 2120 ravit.
346 2054 649 2120 Demum
680 2077 832 2120 cum
864 2053 1024 2132 fines
1053 2056 1431 2122 Insubrium
1468 2069 1714 2124 temere
1746 2062 2068 2147 ingressus
2096 2071 2287 2140 esset,

106 2158 299 2259 supra
341 2193 463 2235 sex
505 2168 719 2235 millia
789 2182 858 2235 et
916 2183 1268 2239 sexcentos
1320 2172 1567 2239 milites
1620 2177 1864 2241 amisit.
1910 2164 2160 2243 Consul
2205 2176 2284 2265 L.

106 2284 440 2352 Cornelius
484 2284 813 2353 Lentulus
859 2284 1038 2353 fama
1083 2290 1176 2353 rei
1223 2287 1399 2354 male
1446 2300 1663 2378 gestae
1693 2287 1990 2371 excitus,
2019 2315 2177 2358 cum
2207 2313 2286 2358 eo

106 2404 531 2490 pervenisset,
575 2388 863 2492 graviter
906 2404 1288 2473 Praetorem
1343 2406 1806 2495 reprehensum
1853 2408 2137 2476 Romam
2187 2432 2289 2475 re·

107 2520 308 2586 misit.
350 2518 708 2587 Caeterum
751 2542 820 2587 et
862 2524 1001 2611 ipse
1046 2521 1236 2590 nulla
1289 2524 1709 2592 memorabili
1773 2550 1842 2592 re
1908 2538 2087 2616 gesta
2139 2526 2288 2594 reli-

107 2654 313 2721 quum
356 2638 513 2702 anni
558 2648 820 2725 tempus
849 2638 1174 2725 ignaviter
1204 2617 1554 2727 transegit.
1586 2640 1697 2706 Ab
1728 2639 1853 2707 hoc
1882 2640 2037 2708 SeX.
2070 2639 2286 2708 AElius

108 2749 301 2819 Petus
343 2751 601 2821 Consul
645 2776 801 2820 cum
854 2754 937 2821 C.
960 2753 1160 2823 AElio
1203 2755 1510 2824 Praetore
1563 2760 1925 2824 exercitum
2000 2761 2314 2847 accepit,-

109 2869 225 2954 qui
268 2857 450 2935 nullo
494 2866 673 2935 facto
715 2868 954 2957 insigni
997 2884 1222 2939 secuto
1268 2881 1490 2938 totum
1536 2874 1674 2959 ipse
1716 2893 1985 2961 quoque
2030 2895 2282 2938 annum

108 2995 489 3052 cunctanter
546 2989 616 3054 in
677 2987 988 3076 cogendis
1032 2987 1430 3055 Cremonam
1481 3000 1549 3054 et
1593 2987 1994 3055 Placentiam
2041 2988 2287 3057 colonis

108 3102 441 3167 contrivit.
1713 3171 1720 3177 .

235 3214 337 3286 Eo
381 3230 672 3307 tempore
718 3222 840 3286 etsi
885 3215 1088 3287 finem
1133 3219 1604 3288 difficillimum
1651 3221 1909 3289 bellum
1955 3222 2286 3299 Punicum

108 3329 461 3416 habuisset,
505 3338 625 3425 qui
674 3349 901 3403 tamen
947 3340 1015 3404 in
1060 3337 1263 3406 Italia
1306 3339 1519 3406 relicti
1565 3352 1752 3406 erant
1795 3339 1994 3407 Poeni
2043 3339 2126 3406 ad
2170 3342 2280 3406 de-

110 3443 453 3518 fectionem
499 3450 753 3520 Gallos
783 3452 1132 3528 sollicitare
1199 3446 1361 3521 no'n'
1399 3454 1835 3522 desistebant.
1898 3455 1994 3522 Ut
2038 3470 2285 3523 veteres

112 3563 302 3651 igitur
343 3566 632 3635 Romani
686 3571 970 3637 nominis
1024 3569 1244 3638 hostes
1298 3569 1723 3651 tollerentur,
1767 3575 2065 3661 sequenti
2114 3596 2284 3641 anno

117 3674 242 3746 Gn.
270 3681 469 3751 Corn.
503 3682 824 3774 Cethego,
868 3696 937 3751 et
981 3686 1063 3768 Q.
1098 3685 1389 3754 Minutio
1433 3685 1637 3755 Ruffo
1668 3687 1853 3755 Coss.
1889 3699 2028 3755 tota
2064 3687 2289 3764 Gallia

117 3792 442 3886 Cisalpina
508 3799 870 3889 subigenda
935 3813 1037 3868 est
1103 3800 1533 3896 demandata..
1582 3803 1716 3885 Qui
1772 3801 2060 3870 Senatus
2102 3802 2285 3889 jussa

114 3907 445 3996 facientes,
494 3913 720 3982 divisis
763 3918 1004 4005 copiis,
1046 3929 1129 3983 ut
1173 3913 1530 3984 Gallorum
1582 3920 1756 3985 vires
1815 3918 2285 4001 distraherent,

114 4024 266 4095 alter
306 4053 419 4119 per
462 4031 871 4115 Hetruriam,
902 4032 1065 4100 alter
1097 4055 1212 4123 per
1240 4031 1584 4131 AEmiliam
1630 4039 2062 4118 convertitur.
2109 4035 2286 4103 Con-

118 4151 209 4208 tra
232 4143 436 4228 Galli,
465 4150 584 4237 qui
613 4147 812 4216 simul
845 4162 1203 4240 utrumque
1232 4149 1593 4218 Consulem
1641 4150 1894 4218 bellum
1943 4165 2283 4241 gesturum
