2950 5017
1001 437 1200 489 mma
1246 435 1546 486 ocu-avus
1923 415 1928 420 ’
2228 412 2360 491 553

283 557 604 627 Hercules
666 560 933 627 interim
1001 557 1507 651 propugnacula
1572 582 1662 637 ex
1726 570 2071 651 pratorum
2116 559 2360 632 crustis

114 667 468 769 oretaque
526 676 889 763 interjectis
935 678 1241 747 trabibus
1284 676 1371 745 ad
1414 675 1856 746 muniendum
1879 677 2188 768 ‘Regium
2238 681 2362 745 eri-

115 792 373 884 gebat.
423 787 739 862 Ceterum
786 792 1040 875 Julius,
1086 797 1209 884 qui
1274 803 1344 861 se'
1409 792 1696 861 Gallicis
1753 793 2079 862 reditibus
2142 795 2363 884 priva-

115 921 303 978 tum
350 919 420 978 et
464 900 705 979 bellico
748 922 1064 1001 sumptu,
1108 909 1298 979 nulla
1352 910 1774 979 memorabili
1838 934 1910 978 re
1943 935 1948 940 ·
1977 923 2162 992 acta,
2207 937 2364 979 one-

114 1039 372 1096 ratum
416 1051 558 1096 esse
604 1027 1216 1110 animadvertebat,
1247 1021 1338 1096 ab
1368 1031 1572 1096 armis
1602 1027 1941 1096 discedere
1987 1031 2362 1097 constituit.

118 1142 354 1215 Gallo
395 1147 626 1235 itaque
669 1169 750 1212 ea
792 1145 1179 1214 conditione
1213 1144 1644 1227 conciliatus,
1672 1158 1754 1212 ut
1783 1149 1927 1235 ipse
1969 1138 2361 1213 neutrarum

120 1264 441 1351 partium
475 1273 680 1342 esset,
711 1266 1075 1330 exercitum
1096 1313 1115 1342 ,
1145 1285 1282 1353 quo
1312 1262 1761 1331 Mirandularn
1796 1261 2170 1344 obsidebat,
2198 1262 2367 1331 Cae-

121 1379 424 1446 sarianis
465 1367 752 1446 ducibus
821 1392 989 1446 erat·
1033 1379 1435 1447 traditurus.
1481 1378 1732 1450 Evenit
1786 1383 2022 1470 itaque
2077 1392 2160 1445 ut
2227 1393 2366 1469 quo

116 1494 255 1562 die
324 1498 507 1586 pacis
574 1495 992 1564 conditiones
1059 1477 1439 1564 recitandae
1508 1508 1699 1565 erant
1715 1547 1738 1578 ,
1794 1500 1914 1586 qui
1972 1496 2366 1566 Dominicac

119 1613 464 1702 passionis
514 1609 681 1693 fuit,
729 1612 1015 1690 Joannes
1060 1612 1365 1703 Baptista
1409 1635 1495 1679 ex
1542 1611 1876 1681 Balduino
1943 1610 2145 1680 fratm
2194 1612 2368 1681 Pon-

124 1727 344 1797 tificis
373 1752 594 1820 -nepos
637 1729 951 1821 idemque
980 1733 1327 1821 copiarum
1360 1727 1723 1820 imperator
1754 1742 2000 1803 temere
2031 1729 2367 1826 egrediens

122 1846 233 1913 ab
275 1845 587 1915 hostibus
631 1845 1062 1915 occideretur.
1111 1846 1399 1915 Mino-res
1443 1848 1646 1914 duces
1697 1846 1808 1916 vel
1835 1845 1843 1854 ’
1872 1849 2120 1915 amisso
2181 1871 2370 1914 exer-

128 1966 330 2032 citus
384 1976 691 2054 praetore
736 1968 804 2032 in
855 1964 1199 2034 obsidione
1219 2016 1239 2046 ,
1282 1977 1366 2032 ut
1408 1971 1851 2048 convenerat,
1895 1965 2195 2032 Caesaris
2247 1990 2366 2033 no-

124 2083 333 2148 mine
377 2092 570 2148 erant
614 2085 1067 2173 permansuri;
1114 2104 1347 2149 verum
1382 2081 1792 2172 Hippolytus
1825 2081 2175 2150 Atestinus
2204 2081 2367 2149 Car-

126 2196 391 2266 dinalis
452 2221 699 2288 magna
765 2198 1135 2266 calliditate
1179 2202 1251 2266 in
1296 2222 1382 2266 ea
1427 2223 1651 2268 rerum
1701 2201 2198 2292 perturbatione
2243 2201 2371 2268 nu·
2457 2247 2460 2250 ι

126 2316 416 2381 metatis
458 2326 801 2404 praesente
845 2319 1133 2406 pecunia
1166 2319 1394 2406 quinis
1439 2330 1564 2383 aut
1607 2319 1782 2384 senis
1827 2320 2044 2384 aureis
2088 2315 2367 2406 singulis

129 2430 508 2512 militibus,
553 2455 782 2500 omues
826 2455 915 2498 ex
956 2424 1305 2501 Pontificio
1360 2437 1663 2500 exercitu
1721 2433 1806 2499 ad
1860 2457 1927 2502 se
1981 2436 2214 2501 traxit.
2261 2432 2367 2499 Ita

127 2544 459 2616 destituti
519 2549 726 2615 duces
778 2549 1114 2616 discedere
1181 2553 1395 2618 coacti
1464 2550 1886 2617 mirandulae
1939 2548 2365 2618 »obsidionem

132 2663 606 2732 deseruerunt.
640 2665 764 2732 His
790 2661 961 2733 'actis
989 2665 1233 2733 Caesar
1277 2688 1435 2732 cum
1481 2664 1783 2732 inducias
1827 2667 1898 2732 in
1946 2664 2114 2733 duos
2158 2687 2369 2732 annos

131 2801 307 2847 oum
353 2778 642 2848 Octavio
690 2781 1030 2862 Farnesio‚
1072 2794 1147 2847 et
1189 2779 1796 2849 Mirandulensibus
1842 2778 2133 2860 fecisset,
2178 2778 2370 2847 Mon-

136 2893 435 2963 ticulum
485 2908 558 2964 et
601 2895 977 2965 Castellum
1022 2896 1300 2966 Novum
1348 2896 1624 2964 Herculi
1672 2898 1978 2965 Atestino
2025 2898 2363 2964 restituit:

132 3011 501 3080 Brixillum
546 3019 819 3105 quoque
890 3013 1292 3103 aliquandiu
1347 3026 1692 3081 retentum
1738 3038 1813 3082 ea
1863 3026 2098 3104 postea
2141 3013 2369 3081 condi-

136 3132 329 3198 tione
373 3130 710 3198 redditum
774 3141 875 3197 est
937 3154 1021 3198 ne
1067 3128 1438 3220 Hippolyto
1483 3128 2365 3199 Cardinali‘restitu‘eretur.

148 3245 497 3328 Hercules,
538 3251 663 3338 qui
708 3272 811 3317 eo·
831 3245 1012 3315 bello
1054 3246 1337 3315 urbibus
1375 3251 1512 3316 suis
1541 3246 1972 3317 vehementer
2018 3250 2369 3327 timuerat,

140 3363 268 3431 ubi
313 3385 654 3434 armorum
700 3376 894 3432 metu
939 3363 1262 3433 liberatus
1324 3378 1461 3446 est,
1508 3364 1595 3432 ad
1642 3364 1929 3455 Regium
1978 3363 2371 3432 Brixillum-

136 3502 278 3571 quc
306 3477 567 3549 firmius
599 3480 1040 3549 muniendum
1087 3505 1158 3548 se
1205 3483 1555 3550 convertit.
1604 3481 1685 3550 In
1732 3483 1962 3571 primis
2007 3506 2093 3552 ne
2143 3481 2366 3549 ullum

134 3595 322 3665 hosti
363 3609 519 3667 tuto
563 3598 964 3667 consistendi
1010 3597 1239 3668 locum
1286 3599 1735 3689 relinqueret,
1769 3599 1994 3666 omnia
2025 3610 2216 3664 extra
2260 3619 2371 3662 ur-

135 3713 307 3781 bem
349 3737 471 3805 per
513 3719 910 3806 quingentos
979 3738 1212 3810 passus
1258 3713 1620 3796 aedificia,
1673 3714 2075 3804 arboresque
2105 3739 2115 3748 ·
2143 3708 2388 3780 mense*
2425 3759 2430 3770 ,

138 3831 448 3914 octobris
515 3831 800 3920 disjecit.
867 3833 1135 3900 Praeter
1199 3832 1398 3923 longa
1464 3830 1823 3911 suburbia,
1883 3827 2370 3936 magnificaque
2501 3838 2513 3848 ’

138 3947 473 4039 hospitia,
517 3962 588 4016 et
639 3948 863 4043 plures
919 3952 1335 4040 privatorum
1390 3948 1617 4029 aedes,
1662 3970 1839 4037 quae
1885 3970 2041 4014 cuni
2088 3947 2369 4038 publico

138 4063 345 4132 luctu
412 4065 834 4148 ceciderunt,
901 4065 1065 4134 Divi
1133 4068 1340 4133 etiam
1406 4055 1682 4143 Joann'is
1750 4063 2116 4154 templum,
2181 4063 2367 4155 quod

144 4206 359 4275 prope
387 4184 546 4252 Divi
575 4183 756 4255 Petri
801 4184 1074 4255 Portam
1120 4207 1366 4276 magna
1408 4179 1744 4277 elegantia
1789 4206 1948 4250 cum
1996 4180 2206 4254 nobili
2255 4207 2368 4296 pa-
