<?xml version="1.0" encoding="UTF-8"?>
<!DOCTYPE html PUBLIC "-//W3C//DTD XHTML 1.0 Transitional//EN"
    "http://www.w3.org/TR/xhtml1/DTD/xhtml1-transitional.dtd">
<html xmlns="http://www.w3.org/1999/xhtml" xml:lang="en" lang="en">
 <head>
  <title>
</title>
<meta http-equiv="Content-Type" content="text/html;charset=utf-8" />
  <meta name='ocr-system' content='tesseract 3.04.00' />
  <meta name='ocr-capabilities' content='ocr_page ocr_carea ocr_par ocr_line ocrx_word'/>
</head>
<body>
  <div class='ocr_page' id='page_1' title='image "./rerumhistoricar00unkngoog_0284.png"; bbox 0 0 2950 5017; ppageno 0'>
   <div class='ocr_carea' id='block_1_1' title="bbox 654 411 2099 482">
    <p class='ocr_par' dir='ltr' id='par_1_1' title="bbox 654 411 2099 482">
     <span class='ocr_line' id='line_1_1' title="bbox 654 411 2099 482; baseline -0.003 -23"><span class='ocrx_word' id='word_1_1' title='bbox 654 414 787 482; x_wconf 74' lang='lat'><strong>2¹20</strong></span> <span class='ocrx_word' id='word_1_2' title='bbox 1399 411 1637 455; x_wconf 68' lang='lat' dir='ltr'><strong>RERUM</strong></span> <span class='ocrx_word' id='word_1_3' title='bbox 1682 411 2099 456; x_wconf 61' lang='lat' dir='ltr'><strong>anzimunm</strong></span> 
     </span>
    </p>
   </div>
   <div class='ocr_carea' id='block_1_2' title="bbox 641 530 2925 3776">
    <p class='ocr_par' dir='ltr' id='par_1_2' title="bbox 641 530 2925 3776">
     <span class='ocr_line' id='line_1_2' title="bbox 651 530 2853 622; baseline 0.001 -24"><span class='ocrx_word' id='word_1_4' title='bbox 651 543 883 599; x_wconf 82' lang='lat' dir='ltr'><strong>autem</strong></span> <span class='ocrx_word' id='word_1_5' title='bbox 928 530 1346 622; x_wconf 74' lang='lat' dir='ltr'><strong>quadrigenti</strong></span> <span class='ocrx_word' id='word_1_6' title='bbox 1388 530 1569 599; x_wconf 80' lang='lat' dir='ltr'><strong>cives</strong></span> <span class='ocrx_word' id='word_1_7' title='bbox 1611 530 1824 599; x_wconf 87' lang='lat' dir='ltr'><strong>coacti</strong></span> <span class='ocrx_word' id='word_1_8' title='bbox 1867 552 2029 597; x_wconf 87' lang='lat' dir='ltr'><strong>cnm</strong></span> <span class='ocrx_word' id='word_1_9' title='bbox 2087 538 2507 619; x_wconf 72' lang='lat' dir='ltr'><strong>rogarentur,</strong></span> <span class='ocrx_word' id='word_1_10' title='bbox 2555 552 2650 599; x_wconf 77' lang='lat' dir='ltr'><strong>an</strong></span> <span class='ocrx_word' id='word_1_11' title='bbox 2694 551 2853 601; x_wconf 79' lang='lat' dir='ltr'><strong>cum</strong></span> 
     </span>
     <span class='ocr_line' id='line_1_3' title="bbox 652 642 2851 736; baseline -0.001 -21"><span class='ocrx_word' id='word_1_12' title='bbox 652 646 964 717; x_wconf 82' lang='lat' dir='ltr'><strong>Gnidone</strong></span> <span class='ocrx_word' id='word_1_13' title='bbox 994 646 1220 714; x_wconf 85' lang='lat' dir='ltr'><strong>Riccio</strong></span> <span class='ocrx_word' id='word_1_14' title='bbox 1249 644 1606 714; x_wconf 79' lang='lat' dir='ltr'><strong>Nicolaum</strong></span> <span class='ocrx_word' id='word_1_15' title='bbox 1638 643 2032 713; x_wconf 85' lang='lat' dir='ltr'><strong>Folleanum</strong></span> <span class='ocrx_word' id='word_1_16' title='bbox 2077 644 2454 735; x_wconf 76' lang='lat' dir='ltr'><strong>Principem</strong></span> <span class='ocrx_word' id='word_1_17' title='bbox 2497 642 2851 736; x_wconf 81' lang='lat' dir='ltr'><strong>eligerent,</strong></span> 
     </span>
     <span class='ocr_line' id='line_1_4' title="bbox 649 761 2847 851; baseline 0 -20"><span class='ocrx_word' id='word_1_18' title='bbox 649 787 732 831; x_wconf 88' lang='lat' dir='ltr'><strong>ae</strong></span> <span class='ocrx_word' id='word_1_19' title='bbox 772 788 972 833; x_wconf 90' lang='lat' dir='ltr'><strong>nemo</strong></span> <span class='ocrx_word' id='word_1_20' title='bbox 1041 763 1135 833; x_wconf 82' lang='lat' dir='ltr'><strong>oh</strong></span> <span class='ocrx_word' id='word_1_21' title='bbox 1199 766 1379 830; x_wconf 81' lang='lat' dir='ltr'><strong>vitae</strong></span> <span class='ocrx_word' id='word_1_22' title='bbox 1444 764 1756 830; x_wconf 87' lang='lat' dir='ltr'><strong>timorem</strong></span> <span class='ocrx_word' id='word_1_23' title='bbox 1819 784 2080 851; x_wconf 87' lang='lat' dir='ltr'><strong>surgere</strong></span> <span class='ocrx_word' id='word_1_24' title='bbox 2145 761 2445 845; x_wconf 82' lang='lat' dir='ltr'><strong>auderet,</strong></span> <span class='ocrx_word' id='word_1_25' title='bbox 2487 761 2847 831; x_wconf 67' lang='lat' dir='ltr'>silentibus</span> 
     </span>
     <span class='ocr_line' id='line_1_5' title="bbox 647 878 2847 970; baseline -0 -20"><span class='ocrx_word' id='word_1_26' title='bbox 647 883 823 950; x_wconf 77' lang='lat' dir='ltr'><strong>votis</strong></span> <span class='ocrx_word' id='word_1_27' title='bbox 889 883 982 948; x_wconf 86' lang='lat' dir='ltr'><strong>eis</strong></span> <span class='ocrx_word' id='word_1_28' title='bbox 1048 882 1305 969; x_wconf 82' lang='lat' dir='ltr'><strong>patriae</strong></span> <span class='ocrx_word' id='word_1_29' title='bbox 1372 882 1729 970; x_wconf 87' lang='lat' dir='ltr'><strong>imperium</strong></span> <span class='ocrx_word' id='word_1_30' title='bbox 1782 878 2168 947; x_wconf 82' lang='lat' dir='ltr'><strong>detulerunt</strong></span> <span class='ocrx_word' id='word_1_31' title='bbox 2194 880 2301 951; x_wconf 84' lang='lat'><strong>(¹).</strong></span> <span class='ocrx_word' id='word_1_32' title='bbox 2349 879 2723 948; x_wconf 78' lang='lat' dir='ltr'>Caeterum</span> <span class='ocrx_word' id='word_1_33' title='bbox 2776 892 2847 949; x_wconf 82' lang='lat' dir='ltr'><strong>ut</strong></span> 
     </span>
     <span class='ocr_line' id='line_1_6' title="bbox 646 995 2840 1088; baseline 0 -23"><span class='ocrx_word' id='word_1_34' title='bbox 646 998 799 1085; x_wconf 85' lang='lat' dir='ltr'><strong>jure</strong></span> <span class='ocrx_word' id='word_1_35' title='bbox 842 995 1147 1065; x_wconf 85' lang='lat' dir='ltr'><strong>infirmus</strong></span> <span class='ocrx_word' id='word_1_36' title='bbox 1191 999 1598 1086; x_wconf 67' lang='lat' dir='ltr'>principatus</span> <span class='ocrx_word' id='word_1_37' title='bbox 1643 997 1875 1088; x_wconf 79' lang='lat' dir='ltr'><strong>majori</strong></span> <span class='ocrx_word' id='word_1_38' title='bbox 1921 999 2316 1065; x_wconf 82' lang='lat' dir='ltr'><strong>auctoritate</strong></span> <span class='ocrx_word' id='word_1_39' title='bbox 2364 1000 2726 1080; x_wconf 79' lang='lat' dir='ltr'><strong>niteretur,</strong></span> <span class='ocrx_word' id='word_1_40' title='bbox 2768 999 2840 1066; x_wconf 77' lang='lat' dir='ltr'><strong>sd</strong></span> 
     </span>
     <span class='ocr_line' id='line_1_7' title="bbox 652 1111 2836 1203; baseline 0.001 -22"><span class='ocrx_word' id='word_1_41' title='bbox 652 1137 872 1203; x_wconf 80' lang='lat' dir='ltr'><strong>regem</strong></span> <span class='ocrx_word' id='word_1_42' title='bbox 939 1111 1269 1180; x_wconf 87' lang='lat' dir='ltr'><strong>Boemum</strong></span> <span class='ocrx_word' id='word_1_43' title='bbox 1337 1114 1547 1179; x_wconf 82' lang='lat' dir='ltr'><strong>missis</strong></span> <span class='ocrx_word' id='word_1_44' title='bbox 1610 1113 2020 1196; x_wconf 83' lang='lat' dir='ltr'><strong>oratoribus,</strong></span> <span class='ocrx_word' id='word_1_45' title='bbox 2088 1125 2188 1181; x_wconf 90' lang='lat' dir='ltr'><strong>est</strong></span> <span class='ocrx_word' id='word_1_46' title='bbox 2254 1113 2699 1183; x_wconf 83' lang='lat' dir='ltr'><strong>confirmatus</strong></span> <span class='ocrx_word' id='word_1_47' title='bbox 2735 1114 2836 1183; x_wconf 60' lang='grc' dir='ltr'><strong>(ὓ).</strong></span> 
     </span>
     <span class='ocr_line' id='line_1_8' title="bbox 648 1227 2842 1317; baseline 0.002 -21"><span class='ocrx_word' id='word_1_48' title='bbox 648 1228 744 1296; x_wconf 79' lang='lat' dir='ltr'><strong>In</strong></span> <span class='ocrx_word' id='word_1_49' title='bbox 787 1250 872 1295; x_wconf 82' lang='lat' dir='ltr'><strong>ea</strong></span> <span class='ocrx_word' id='word_1_50' title='bbox 927 1250 1138 1295; x_wconf 84' lang='lat' dir='ltr'><strong>rerum</strong></span> <span class='ocrx_word' id='word_1_51' title='bbox 1192 1227 1700 1317; x_wconf 75' lang='lat' dir='ltr'><strong>perturbatione</strong></span> <span class='ocrx_word' id='word_1_52' title='bbox 1743 1229 2012 1298; x_wconf 77' lang='lat' dir='ltr'><strong>Paulus</strong></span> <span class='ocrx_word' id='word_1_53' title='bbox 2056 1230 2337 1299; x_wconf 77' lang='lat' dir='ltr'><strong>Fossius</strong></span> <span class='ocrx_word' id='word_1_54' title='bbox 2398 1246 2469 1299; x_wconf 79' lang='lat' dir='ltr'><strong>et</strong></span> <span class='ocrx_word' id='word_1_55' title='bbox 2529 1234 2665 1301; x_wconf 76' lang='lat' dir='ltr'><strong>alii</strong></span> <span class='ocrx_word' id='word_1_56' title='bbox 2734 1254 2842 1301; x_wconf 67' lang='lat' dir='ltr'><strong>m</strong></span> 
     </span>
     <span class='ocr_line' id='line_1_9' title="bbox 650 1344 2839 1438; baseline 0.001 -26"><span class='ocrx_word' id='word_1_57' title='bbox 650 1348 829 1412; x_wconf 70' lang='lat' dir='ltr'><strong>cives</strong></span> <span class='ocrx_word' id='word_1_58' title='bbox 861 1344 1090 1426; x_wconf 78' lang='lat' dir='ltr'><strong>electi,</strong></span> <span class='ocrx_word' id='word_1_59' title='bbox 1119 1348 1238 1431; x_wconf 80' lang='lat' dir='ltr'><strong>qui</strong></span> <span class='ocrx_word' id='word_1_60' title='bbox 1277 1365 1482 1412; x_wconf 78' lang='lat' dir='ltr'><strong>novos</strong></span> <span class='ocrx_word' id='word_1_61' title='bbox 1516 1349 1867 1435; x_wconf 80' lang='lat' dir='ltr'><em>principes</em></span> <span class='ocrx_word' id='word_1_62' title='bbox 1901 1369 2032 1438; x_wconf 68' lang='lat' dir='ltr'><strong>pro</strong></span> <span class='ocrx_word' id='word_1_63' title='bbox 2078 1349 2525 1416; x_wconf 79' lang='lat' dir='ltr'><strong>conservanda</strong></span> <span class='ocrx_word' id='word_1_64' title='bbox 2557 1350 2839 1436; x_wconf 79' lang='lat' dir='ltr'><strong>justitia</strong></span> 
     </span>
     <span class='ocr_line' id='line_1_10' title="bbox 650 1460 2836 1551; baseline 0.001 -21"><span class='ocrx_word' id='word_1_65' title='bbox 650 1473 986 1549; x_wconf 80' lang='lat' dir='ltr'><strong><em>rogarent.</em></strong></span> <span class='ocrx_word' id='word_1_66' title='bbox 1034 1460 1139 1526; x_wconf 85' lang='lat' dir='ltr'><strong>Ita</strong></span> <span class='ocrx_word' id='word_1_67' title='bbox 1181 1460 1368 1527; x_wconf 82' lang='lat' dir='ltr'><strong>urbis</strong></span> <span class='ocrx_word' id='word_1_68' title='bbox 1413 1463 1691 1551; x_wconf 86' lang='lat' dir='ltr'><strong>imperio</strong></span> <span class='ocrx_word' id='word_1_69' title='bbox 1723 1466 1974 1551; x_wconf 87' lang='lat' dir='ltr'><strong>potitus</strong></span> <span class='ocrx_word' id='word_1_70' title='bbox 2003 1463 2351 1546; x_wconf 86' lang='lat' dir='ltr'><strong>Nicolaus,</strong></span> <span class='ocrx_word' id='word_1_71' title='bbox 2392 1476 2474 1531; x_wconf 88' lang='lat' dir='ltr'><strong>ut</strong></span> <span class='ocrx_word' id='word_1_72' title='bbox 2516 1465 2613 1531; x_wconf 85' lang='lat' dir='ltr'><strong>ab</strong></span> <span class='ocrx_word' id='word_1_73' title='bbox 2659 1468 2836 1534; x_wconf 86' lang='lat' dir='ltr'><strong>omni</strong></span> 
     </span>
     <span class='ocr_line' id='line_1_11' title="bbox 653 1577 2838 1675; baseline 0.003 -31"><span class='ocrx_word' id='word_1_74' title='bbox 653 1577 949 1646; x_wconf 87' lang='lat' dir='ltr'><strong>hostium</strong></span> <span class='ocrx_word' id='word_1_75' title='bbox 1016 1578 1087 1644; x_wconf 81' lang='lat' dir='ltr'><strong>vi</strong></span> <span class='ocrx_word' id='word_1_76' title='bbox 1149 1600 1219 1644; x_wconf 88' lang='lat' dir='ltr'><strong>se</strong></span> <span class='ocrx_word' id='word_1_77' title='bbox 1284 1588 1515 1645; x_wconf 88' lang='lat' dir='ltr'><strong>tutum</strong></span> <span class='ocrx_word' id='word_1_78' title='bbox 1562 1577 1891 1660; x_wconf 84' lang='lat' dir='ltr'><strong>redderet,</strong></span> <span class='ocrx_word' id='word_1_79' title='bbox 1941 1584 2301 1649; x_wconf 81' lang='lat' dir='ltr'><strong>munitiora</strong></span> <span class='ocrx_word' id='word_1_80' title='bbox 2357 1605 2673 1673; x_wconf 77' lang='lat' dir='ltr'><strong>quaeque</strong></span> <span class='ocrx_word' id='word_1_81' title='bbox 2741 1607 2838 1675; x_wconf 81' lang='lat' dir='ltr'><strong>cs·</strong></span> 
     </span>
     <span class='ocr_line' id='line_1_12' title="bbox 646 1688 2838 1789; baseline 0.003 -29"><span class='ocrx_word' id='word_1_82' title='bbox 646 1693 839 1761; x_wconf 86' lang='lat' dir='ltr'><strong>stella</strong></span> <span class='ocrx_word' id='word_1_83' title='bbox 893 1696 962 1761; x_wconf 90' lang='lat' dir='ltr'><strong>in</strong></span> <span class='ocrx_word' id='word_1_84' title='bbox 1013 1715 1205 1761; x_wconf 86' lang='lat' dir='ltr'><strong>suam</strong></span> <span class='ocrx_word' id='word_1_85' title='bbox 1262 1694 1582 1789; x_wconf 79' lang='lat' dir='ltr'><strong>ditionem</strong></span> <span class='ocrx_word' id='word_1_86' title='bbox 1655 1694 1999 1764; x_wconf 82' lang='lat' dir='ltr'><strong>transferre</strong></span> <span class='ocrx_word' id='word_1_87' title='bbox 2056 1688 2397 1787; x_wconf 82' lang='lat' dir='ltr'><strong>cogitavit.</strong></span> <span class='ocrx_word' id='word_1_88' title='bbox 2462 1698 2543 1767; x_wconf 93' lang='lat' dir='ltr'><strong>In</strong></span> <span class='ocrx_word' id='word_1_89' title='bbox 2616 1701 2838 1789; x_wconf 79' lang='lat' dir='ltr'><strong>primis</strong></span> 
     </span>
     <span class='ocr_line' id='line_1_13' title="bbox 646 1809 2838 1904; baseline 0.002 -26"><span class='ocrx_word' id='word_1_90' title='bbox 646 1809 1021 1878; x_wconf 81' lang='lat' dir='ltr'><strong>Borzanum</strong></span> <span class='ocrx_word' id='word_1_91' title='bbox 1067 1833 1107 1875; x_wconf 92' lang='lat' dir='ltr'><strong>a</strong></span> <span class='ocrx_word' id='word_1_92' title='bbox 1151 1809 1532 1900; x_wconf 78' lang='lat' dir='ltr'><strong>Praeposito</strong></span> <span class='ocrx_word' id='word_1_93' title='bbox 1573 1810 1917 1881; x_wconf 84' lang='lat' dir='ltr'><strong>Manfredo</strong></span> <span class='ocrx_word' id='word_1_94' title='bbox 1961 1813 2313 1881; x_wconf 86' lang='lat' dir='ltr'><strong>detentum</strong></span> <span class='ocrx_word' id='word_1_95' title='bbox 2356 1826 2838 1904; x_wconf 84' lang='lat' dir='ltr'><strong>occupaturus,</strong></span> 
     </span>
     <span class='ocr_line' id='line_1_14' title="bbox 645 1923 2829 2019; baseline 0.003 -29"><span class='ocrx_word' id='word_1_96' title='bbox 645 1949 725 1991; x_wconf 85' lang='lat' dir='ltr'><strong>eo</strong></span> <span class='ocrx_word' id='word_1_97' title='bbox 757 1926 1033 1991; x_wconf 87' lang='lat' dir='ltr'><strong>Actium</strong></span> <span class='ocrx_word' id='word_1_98' title='bbox 1080 1923 1536 2006; x_wconf 86' lang='lat' dir='ltr'><strong>Manfredum,</strong></span> <span class='ocrx_word' id='word_1_99' title='bbox 1587 1930 1705 2016; x_wconf 89' lang='lat' dir='ltr'><strong>qui</strong></span> <span class='ocrx_word' id='word_1_100' title='bbox 1735 1927 1824 1995; x_wconf 86' lang='lat' dir='ltr'><strong>ab</strong></span> <span class='ocrx_word' id='word_1_101' title='bbox 1855 1942 2097 2017; x_wconf 85' lang='lat' dir='ltr'><strong>agnato</strong></span> <span class='ocrx_word' id='word_1_102' title='bbox 2143 1927 2279 1997; x_wconf 89' lang='lat' dir='ltr'><strong>loci</strong></span> <span class='ocrx_word' id='word_1_103' title='bbox 2326 1934 2829 2019; x_wconf 79' lang='lat' dir='ltr'><strong>possessionem,</strong></span> 
     </span>
     <span class='ocr_line' id='line_1_15' title="bbox 642 2038 2835 2127; baseline 0.004 -23"><span class='ocrx_word' id='word_1_104' title='bbox 642 2041 1050 2127; x_wconf 73' lang='lat' dir='ltr'><strong>impetraret,</strong></span> <span class='ocrx_word' id='word_1_105' title='bbox 1096 2038 1332 2105; x_wconf 85' lang='lat' dir='ltr'><strong>deduci</strong></span> <span class='ocrx_word' id='word_1_106' title='bbox 1376 2041 1605 2124; x_wconf 80' lang='lat' dir='ltr'><strong>jubet3</strong></span> <span class='ocrx_word' id='word_1_107' title='bbox 1650 2041 1761 2107; x_wconf 90' lang='lat' dir='ltr'><strong>sed</strong></span> <span class='ocrx_word' id='word_1_108' title='bbox 1806 2064 1965 2108; x_wconf 87' lang='lat' dir='ltr'><strong>cum</strong></span> <span class='ocrx_word' id='word_1_109' title='bbox 2009 2042 2125 2109; x_wconf 89' lang='lat' dir='ltr'><strong>ille</strong></span> <span class='ocrx_word' id='word_1_110' title='bbox 2168 2067 2210 2110; x_wconf 90' lang='lat' dir='ltr'><strong>a</strong></span> <span class='ocrx_word' id='word_1_111' title='bbox 2252 2047 2580 2111; x_wconf 86' lang='lat' dir='ltr'><strong>sententia</strong></span> <span class='ocrx_word' id='word_1_112' title='bbox 2627 2044 2835 2112; x_wconf 85' lang='lat' dir='ltr'><strong>dimo-</strong></span> 
     </span>
     <span class='ocr_line' id='line_1_16' title="bbox 642 2156 2830 2246; baseline 0.002 -22"><span class='ocrx_word' id='word_1_113' title='bbox 642 2157 782 2224; x_wconf 75' lang='lat' dir='ltr'><strong>veri</strong></span> <span class='ocrx_word' id='word_1_114' title='bbox 849 2179 986 2224; x_wconf 87' lang='lat' dir='ltr'><strong>non</strong></span> <span class='ocrx_word' id='word_1_115' title='bbox 1050 2167 1297 2244; x_wconf 84' lang='lat' dir='ltr'><strong>posset,</strong></span> <span class='ocrx_word' id='word_1_116' title='bbox 1361 2156 1899 2246; x_wconf 78' lang='lat' dir='ltr'><strong>indignabundus</strong></span> <span class='ocrx_word' id='word_1_117' title='bbox 1936 2158 2277 2227; x_wconf 89' lang='lat' dir='ltr'><strong>·Nicolaus</strong></span> <span class='ocrx_word' id='word_1_118' title='bbox 2334 2161 2614 2227; x_wconf 85' lang='lat' dir='ltr'><strong>Aetium</strong></span> <span class='ocrx_word' id='word_1_119' title='bbox 2681 2180 2830 2228; x_wconf 85' lang='lat' dir='ltr'><strong>cum</strong></span> 
     </span>
     <span class='ocr_line' id='line_1_17' title="bbox 643 2272 2829 2366; baseline 0.003 -26"><span class='ocrx_word' id='word_1_120' title='bbox 643 2273 894 2353; x_wconf 86' lang='lat' dir='ltr'><strong>liberis,</strong></span> <span class='ocrx_word' id='word_1_121' title='bbox 922 2272 1201 2363; x_wconf 83' lang='lat' dir='ltr'><strong>aliisque</strong></span> <span class='ocrx_word' id='word_1_122' title='bbox 1247 2272 1559 2340; x_wconf 82' lang='lat' dir='ltr'><strong>omnihus</strong></span> <span class='ocrx_word' id='word_1_123' title='bbox 1587 2272 1976 2356; x_wconf 86' lang='lat' dir='ltr'><strong>Manfredis,</strong></span> <span class='ocrx_word' id='word_1_124' title='bbox 2005 2298 2297 2366; x_wconf 87' lang='lat' dir='ltr'><strong>quorum</strong></span> <span class='ocrx_word' id='word_1_125' title='bbox 2340 2273 2475 2343; x_wconf 83' lang='lat' dir='ltr'><strong>fida</strong></span> <span class='ocrx_word' id='word_1_126' title='bbox 2520 2280 2829 2346; x_wconf 85' lang='lat' dir='ltr'><strong>societate</strong></span> 
     </span>
     <span class='ocr_line' id='line_1_18' title="bbox 646 2386 2830 2477; baseline 0.003 -20"><span class='ocrx_word' id='word_1_127' title='bbox 646 2401 846 2457; x_wconf 82' lang='lat' dir='ltr'><strong>antea</strong></span> <span class='ocrx_word' id='word_1_128' title='bbox 910 2411 1070 2456; x_wconf 88' lang='lat' dir='ltr'><strong>usus</strong></span> <span class='ocrx_word' id='word_1_129' title='bbox 1137 2386 1356 2456; x_wconf 84' lang='lat' dir='ltr'><strong>fuerat</strong></span> <span class='ocrx_word' id='word_1_130' title='bbox 1372 2439 1393 2470; x_wconf 90' lang='lat'><strong>,</strong></span> <span class='ocrx_word' id='word_1_131' title='bbox 1439 2392 1776 2457; x_wconf 85' lang='lat' dir='ltr'><strong>amicitiae</strong></span> <span class='ocrx_word' id='word_1_132' title='bbox 1841 2391 1992 2477; x_wconf 85' lang='lat' dir='ltr'><strong>jure</strong></span> <span class='ocrx_word' id='word_1_133' title='bbox 2057 2392 2310 2462; x_wconf 82' lang='lat' dir='ltr'><strong>violato</strong></span> <span class='ocrx_word' id='word_1_134' title='bbox 2327 2442 2348 2474; x_wconf 92' lang='lat'><strong>,</strong></span> <span class='ocrx_word' id='word_1_135' title='bbox 2389 2394 2460 2461; x_wconf 91' lang='lat' dir='ltr'><strong>in</strong></span> <span class='ocrx_word' id='word_1_136' title='bbox 2506 2416 2830 2462; x_wconf 82' lang='lat' dir='ltr'><strong>carcerem</strong></span> 
     </span>
     <span class='ocr_line' id='line_1_19' title="bbox 644 2504 2830 2601; baseline 0.001 -26"><span class='ocrx_word' id='word_1_137' title='bbox 644 2506 935 2592; x_wconf 84' lang='lat' dir='ltr'><strong>conjicit.</strong></span> <span class='ocrx_word' id='word_1_138' title='bbox 982 2504 1222 2575; x_wconf 88' lang='lat' dir='ltr'><strong>Solum</strong></span> <span class='ocrx_word' id='word_1_139' title='bbox 1266 2506 1721 2598; x_wconf 84' lang='lat' dir='ltr'><strong>Praepositum</strong></span> <span class='ocrx_word' id='word_1_140' title='bbox 1767 2532 1809 2575; x_wconf 89' lang='lat' dir='ltr'><strong>a</strong></span> <span class='ocrx_word' id='word_1_141' title='bbox 1850 2506 2174 2589; x_wconf 82' lang='lat' dir='ltr'><strong>Castello,</strong></span> <span class='ocrx_word' id='word_1_142' title='bbox 2216 2512 2335 2600; x_wconf 84' lang='lat' dir='ltr'><strong>qui</strong></span> <span class='ocrx_word' id='word_1_143' title='bbox 2380 2521 2681 2578; x_wconf 83' lang='lat' dir='ltr'><strong>castrum</strong></span> <span class='ocrx_word' id='word_1_144' title='bbox 2723 2535 2830 2601; x_wconf 88' lang='lat' dir='ltr'><strong>pe·</strong></span> 
     </span>
     <span class='ocr_line' id='line_1_20' title="bbox 644 2623 2824 2713; baseline 0.003 -25"><span class='ocrx_word' id='word_1_145' title='bbox 644 2625 851 2689; x_wconf 87' lang='lat' dir='ltr'><strong>titum</strong></span> <span class='ocrx_word' id='word_1_146' title='bbox 918 2646 989 2689; x_wconf 90' lang='lat' dir='ltr'><strong>se</strong></span> <span class='ocrx_word' id='word_1_147' title='bbox 1053 2623 1453 2690; x_wconf 80' lang='lat' dir='ltr'><strong>traditurum</strong></span> <span class='ocrx_word' id='word_1_148' title='bbox 1509 2626 1925 2713; x_wconf 72' lang='lat' dir='ltr'><strong>promiserat,</strong></span> <span class='ocrx_word' id='word_1_149' title='bbox 1970 2624 2259 2692; x_wconf 87' lang='lat' dir='ltr'><strong>liberum</strong></span> <span class='ocrx_word' id='word_1_150' title='bbox 2305 2625 2640 2694; x_wconf 74' lang='lat' dir='ltr'><strong>dimisere.</strong></span> <span class='ocrx_word' id='word_1_151' title='bbox 2699 2625 2824 2694; x_wconf 85' lang='lat' dir='ltr'><strong>Sed</strong></span> 
     </span>
     <span class='ocr_line' id='line_1_21' title="bbox 646 2740 2823 2830; baseline 0.001 -23"><span class='ocrx_word' id='word_1_152' title='bbox 646 2764 803 2808; x_wconf 87' lang='lat' dir='ltr'><strong>cum</strong></span> <span class='ocrx_word' id='word_1_153' title='bbox 873 2764 996 2807; x_wconf 86' lang='lat' dir='ltr'><strong>nec</strong></span> <span class='ocrx_word' id='word_1_154' title='bbox 1063 2741 1178 2809; x_wconf 89' lang='lat' dir='ltr'><strong>ille</strong></span> <span class='ocrx_word' id='word_1_155' title='bbox 1243 2740 1560 2830; x_wconf 75' lang='lat' dir='ltr'><strong>pollicitis</strong></span> <span class='ocrx_word' id='word_1_156' title='bbox 1619 2745 1936 2823; x_wconf 82' lang='lat' dir='ltr'><strong>stetisset,</strong></span> <span class='ocrx_word' id='word_1_157' title='bbox 1980 2745 2132 2810; x_wconf 82' lang='lat' dir='ltr'><strong>irati</strong></span> <span class='ocrx_word' id='word_1_158' title='bbox 2176 2741 2484 2815; x_wconf 86' lang='lat' dir='ltr'><strong>Folleani</strong></span> <span class='ocrx_word' id='word_1_159' title='bbox 2547 2742 2823 2812; x_wconf 82' lang='lat' dir='ltr'><strong>collecta</strong></span> 
     </span>
     <span class='ocr_line' id='line_1_22' title="bbox 644 2856 2827 2949; baseline 0.003 -26"><span class='ocrx_word' id='word_1_160' title='bbox 644 2856 946 2923; x_wconf 86' lang='lat' dir='ltr'><strong>militum</strong></span> <span class='ocrx_word' id='word_1_161' title='bbox 1006 2880 1213 2924; x_wconf 86' lang='lat' dir='ltr'><strong>manu</strong></span> <span class='ocrx_word' id='word_1_162' title='bbox 1261 2882 1340 2925; x_wconf 88' lang='lat' dir='ltr'><strong>eo</strong></span> <span class='ocrx_word' id='word_1_163' title='bbox 1382 2856 1640 2926; x_wconf 86' lang='lat' dir='ltr'><strong>infestis</strong></span> <span class='ocrx_word' id='word_1_164' title='bbox 1685 2861 1882 2925; x_wconf 90' lang='lat' dir='ltr'><strong>armis</strong></span> <span class='ocrx_word' id='word_1_165' title='bbox 1925 2859 2365 2939; x_wconf 86' lang='lat' dir='ltr'><strong>contendunt,</strong></span> <span class='ocrx_word' id='word_1_166' title='bbox 2390 2882 2489 2926; x_wconf 40' lang='lat' dir='ltr'><strong>*ac</strong></span> <span class='ocrx_word' id='word_1_167' title='bbox 2533 2858 2827 2949; x_wconf 84' lang='lat' dir='ltr'><strong>pluribus</strong></span> 
     </span>
     <span class='ocr_line' id='line_1_23' title="bbox 643 2972 2823 3065; baseline 0.001 -26"><span class='ocrx_word' id='word_1_168' title='bbox 643 2972 882 3039; x_wconf 81' lang='lat' dir='ltr'><strong>diebus</strong></span> <span class='ocrx_word' id='word_1_169' title='bbox 926 2976 1251 3062; x_wconf 82' lang='lat' dir='ltr'><strong>quassatis</strong></span> <span class='ocrx_word' id='word_1_170' title='bbox 1295 2977 1498 3040; x_wconf 86' lang='lat' dir='ltr'><strong>ariete</strong></span> <span class='ocrx_word' id='word_1_171' title='bbox 1545 2976 1748 3041; x_wconf 88' lang='lat' dir='ltr'><strong>muris</strong></span> <span class='ocrx_word' id='word_1_172' title='bbox 1791 2973 2016 3042; x_wconf 89' lang='lat' dir='ltr'><strong>locum</strong></span> <span class='ocrx_word' id='word_1_173' title='bbox 2047 2972 2292 3042; x_wconf 82' lang='lat' dir='ltr'><strong>frustra</strong></span> <span class='ocrx_word' id='word_1_174' title='bbox 2330 2989 2823 3065; x_wconf 82' lang='lat' dir='ltr'><strong>oppugnarunt:</strong></span> 
     </span>
     <span class='ocr_line' id='line_1_24' title="bbox 644 3076 2825 3179; baseline 0.002 -24"><span class='ocrx_word' id='word_1_175' title='bbox 644 3098 715 3155; x_wconf 90' lang='lat' dir='ltr'><strong>et</strong></span> <span class='ocrx_word' id='word_1_176' title='bbox 757 3101 908 3178; x_wconf 87' lang='lat' dir='ltr'><strong>post</strong></span> <span class='ocrx_word' id='word_1_177' title='bbox 953 3076 1196 3179; x_wconf 79' lang='lat' dir='ltr'><strong>paucos</strong></span> <span class='ocrx_word' id='word_1_178' title='bbox 1225 3090 1362 3157; x_wconf 83' lang='lat' dir='ltr'><strong>dies</strong></span> <span class='ocrx_word' id='word_1_179' title='bbox 1393 3089 1808 3174; x_wconf 86' lang='lat' dir='ltr'><strong>Quertiolam</strong></span> <span class='ocrx_word' id='word_1_180' title='bbox 1854 3103 2195 3160; x_wconf 83' lang='lat' dir='ltr'><strong>vetustum</strong></span> <span class='ocrx_word' id='word_1_181' title='bbox 2240 3091 2601 3160; x_wconf 87' lang='lat' dir='ltr'><strong>Folleanae</strong></span> <span class='ocrx_word' id='word_1_182' title='bbox 2647 3091 2825 3159; x_wconf 82' lang='lat' dir='ltr'><strong>fami-</strong></span> 
     </span>
     <span class='ocr_line' id='line_1_25' title="bbox 641 3204 2817 3279; baseline 0.002 -6"><span class='ocrx_word' id='word_1_183' title='bbox 641 3204 773 3273; x_wconf 84' lang='lat' dir='ltr'><strong>liae</strong></span> <span class='ocrx_word' id='word_1_184' title='bbox 804 3207 1446 3279; x_wconf 80' lang='lat' dir='ltr'><strong>castrumdeductos</strong></span> <span class='ocrx_word' id='word_1_185' title='bbox 1475 3206 1855 3277; x_wconf 84' lang='lat' dir='ltr'><strong>Manfredos</strong></span> <span class='ocrx_word' id='word_1_186' title='bbox 1883 3212 2148 3279; x_wconf 87' lang='lat' dir='ltr'><strong>munita</strong></span> <span class='ocrx_word' id='word_1_187' title='bbox 2195 3212 2357 3277; x_wconf 88' lang='lat' dir='ltr'><strong>turri</strong></span> <span class='ocrx_word' id='word_1_188' title='bbox 2399 3208 2817 3277; x_wconf 85' lang='lat' dir='ltr'><strong>incluserunt.</strong></span> 
     </span>
     <span class='ocr_line' id='line_1_26' title="bbox 643 3321 2816 3416; baseline 0.001 -26"><span class='ocrx_word' id='word_1_189' title='bbox 643 3323 1002 3411; x_wconf 83' lang='lat' dir='ltr'><strong>Andriolus</strong></span> <span class='ocrx_word' id='word_1_190' title='bbox 1034 3346 1188 3391; x_wconf 89' lang='lat' dir='ltr'><strong>vero</strong></span> <span class='ocrx_word' id='word_1_191' title='bbox 1221 3346 1261 3389; x_wconf 96' lang='lat' dir='ltr'><strong>a</strong></span> <span class='ocrx_word' id='word_1_192' title='bbox 1289 3322 1517 3403; x_wconf 88' lang='lat' dir='ltr'><strong>Dallo,</strong></span> <span class='ocrx_word' id='word_1_193' title='bbox 1548 3321 1819 3392; x_wconf 85' lang='lat' dir='ltr'><strong>Simone</strong></span> <span class='ocrx_word' id='word_1_194' title='bbox 1856 3339 2096 3416; x_wconf 83' lang='lat' dir='ltr'><strong>agnato</strong></span> <span class='ocrx_word' id='word_1_195' title='bbox 2140 3350 2298 3393; x_wconf 87' lang='lat' dir='ltr'><strong>cum</strong></span> <span class='ocrx_word' id='word_1_196' title='bbox 2341 3325 2577 3394; x_wconf 84' lang='lat' dir='ltr'><strong>liberis</strong></span> <span class='ocrx_word' id='word_1_197' title='bbox 2618 3347 2816 3405; x_wconf 84' lang='lat' dir='ltr'><strong>caeso,</strong></span> 
     </span>
     <span class='ocr_line' id='line_1_27' title="bbox 644 3429 2925 3529; baseline 0.002 -24"><span class='ocrx_word' id='word_1_198' title='bbox 644 3437 911 3506; x_wconf 90' lang='lat' dir='ltr'><strong>Piolum</strong></span> <span class='ocrx_word' id='word_1_199' title='bbox 945 3429 1321 3529; x_wconf 85' lang='lat' dir='ltr'><strong>occupavit.</strong></span> <span class='ocrx_word' id='word_1_200' title='bbox 1366 3439 1642 3507; x_wconf 80' lang='lat' dir='ltr'><strong>Interim</strong></span> <span class='ocrx_word' id='word_1_201' title='bbox 1673 3441 2007 3512; x_wconf 86' lang='lat' dir='ltr'><strong>Bononiae</strong></span> <span class='ocrx_word' id='word_1_202' title='bbox 2046 3444 2217 3511; x_wconf 86' lang='lat' dir='ltr'><strong>obiit</strong></span> <span class='ocrx_word' id='word_1_203' title='bbox 2244 3441 2471 3511; x_wconf 80' lang='lat' dir='ltr'><strong>Guido</strong></span> <span class='ocrx_word' id='word_1_204' title='bbox 2501 3442 2821 3512; x_wconf 85' lang='lat' dir='ltr'><strong>Rohertus</strong></span> <span class='ocrx_word' id='word_1_205' title='bbox 2924 3440 2925 3471; x_wconf 75' lang='lat'><em>³</em></span> 
     </span>
     <span class='ocr_line' id='line_1_28' title="bbox 649 3542 2925 3649; baseline 0.003 -30"><span class='ocrx_word' id='word_1_206' title='bbox 649 3553 1009 3620; x_wconf 80' lang='lat' dir='ltr'><strong>Ravennae</strong></span> <span class='ocrx_word' id='word_1_207' title='bbox 1052 3555 1542 3645; x_wconf 84' lang='lat' dir='ltr'><strong>Archipraesul.</strong></span> <span class='ocrx_word' id='word_1_208' title='bbox 1588 3556 1812 3626; x_wconf 87' lang='lat' dir='ltr'><strong>Etiam</strong></span> <span class='ocrx_word' id='word_1_209' title='bbox 1858 3559 2363 3629; x_wconf 85' lang='lat' dir='ltr'><strong>Bartholomaeo</strong></span> <span class='ocrx_word' id='word_1_210' title='bbox 2405 3557 2816 3649; x_wconf 85' lang='lat' dir='ltr'><strong>Eporediensi</strong></span> <span class='ocrx_word' id='word_1_211' title='bbox 2924 3542 2925 3575; x_wconf 65' lang='lat'><em>³</em></span> 
     </span>
     <span class='ocr_line' id='line_1_29' title="bbox 644 3670 2815 3776; baseline 0.003 -39"><span class='ocrx_word' id='word_1_212' title='bbox 644 3670 839 3763; x_wconf 86' lang='lat' dir='ltr'><strong>Regii</strong></span> <span class='ocrx_word' id='word_1_213' title='bbox 872 3674 1176 3763; x_wconf 86' lang='lat' dir='ltr'><strong>episeopo</strong></span> <span class='ocrx_word' id='word_1_214' title='bbox 1206 3670 1548 3756; x_wconf 86' lang='lat' dir='ltr'><strong>defuncto,</strong></span> <span class='ocrx_word' id='word_1_215' title='bbox 1577 3674 1930 3757; x_wconf 81' lang='lat' dir='ltr'><strong>Nicolaus,</strong></span> <span class='ocrx_word' id='word_1_216' title='bbox 1974 3688 2055 3743; x_wconf 90' lang='lat' dir='ltr'><strong>ut</strong></span> <span class='ocrx_word' id='word_1_217' title='bbox 2096 3679 2193 3776; x_wconf 82' lang='lat' dir='ltr'><strong>ita</strong></span> <span class='ocrx_word' id='word_1_218' title='bbox 2234 3678 2433 3744; x_wconf 84' lang='lat' dir='ltr'><strong>sacris</strong></span> <span class='ocrx_word' id='word_1_219' title='bbox 2479 3684 2815 3766; x_wconf 71' lang='lat' dir='ltr'><strong>praeesset,</strong></span> 
     </span>
    </p>
   </div>
   <div class='ocr_carea' id='block_1_3' title="bbox 717 3985 1138 4053">
    <p class='ocr_par' dir='ltr' id='par_1_3' title="bbox 717 3985 1138 4053">
     <span class='ocr_line' id='line_1_30' title="bbox 717 3985 1138 4053; baseline 0.007 -19"><span class='ocrx_word' id='word_1_220' title='bbox 717 3985 803 4053; x_wconf 82' lang='lat' dir='ltr'><strong>(r)</strong></span> <span class='ocrx_word' id='word_1_221' title='bbox 836 3985 966 4036; x_wconf 77' lang='lat' dir='ltr'><strong>Inst-</strong></span> <span class='ocrx_word' id='word_1_222' title='bbox 998 3987 1138 4037; x_wconf 81' lang='lat' dir='ltr'><strong>auth.</strong></span> 
     </span>
    </p>
   </div>
   <div class='ocr_carea' id='block_1_4' title="bbox 641 4076 2813 4242">
    <p class='ocr_par' dir='ltr' id='par_1_4' title="bbox 641 4076 2925 4242">
     <span class='ocr_line' id='line_1_31' title="bbox 719 4076 2813 4152; baseline 0 -22"><span class='ocrx_word' id='word_1_223' title='bbox 719 4076 801 4151; x_wconf 57' lang='lat' dir='ltr'><strong>(a)</strong></span> <span class='ocrx_word' id='word_1_224' title='bbox 837 4077 898 4130; x_wconf 88' lang='lat' dir='ltr'><strong>C.</strong></span> <span class='ocrx_word' id='word_1_225' title='bbox 931 4079 1248 4147; x_wconf 79' lang='lat' dir='ltr'><strong>principatus</strong></span> <span class='ocrx_word' id='word_1_226' title='bbox 1290 4099 1330 4131; x_wconf 84' lang='lat' dir='ltr'><strong>r.</strong></span> <span class='ocrx_word' id='word_1_227' title='bbox 1363 4099 1414 4149; x_wconf 87' lang='lat' dir='ltr'><strong>q.</strong></span> <span class='ocrx_word' id='word_1_228' title='bbox 1454 4098 1497 4131; x_wconf 90' lang='lat' dir='ltr'><strong>r.</strong></span> <span class='ocrx_word' id='word_1_229' title='bbox 1531 4098 1574 4132; x_wconf 86' lang='lat' dir='ltr'><strong>c.</strong></span> <span class='ocrx_word' id='word_1_230' title='bbox 1606 4099 1772 4151; x_wconf 86' lang='lat' dir='ltr'><strong>neque</strong></span> <span class='ocrx_word' id='word_1_231' title='bbox 1802 4082 1960 4135; x_wconf 87' lang='lat' dir='ltr'><strong>enim.</strong></span> <span class='ocrx_word' id='word_1_232' title='bbox 1991 4100 2106 4134; x_wconf 77' lang='lat' dir='ltr'><strong>xiv.</strong></span> <span class='ocrx_word' id='word_1_233' title='bbox 2139 4099 2191 4152; x_wconf 84' lang='lat' dir='ltr'><strong>q.</strong></span> <span class='ocrx_word' id='word_1_234' title='bbox 2219 4100 2276 4134; x_wconf 83' lang='lat' dir='ltr'><strong>v.</strong></span> <span class='ocrx_word' id='word_1_235' title='bbox 2316 4081 2462 4133; x_wconf 82' lang='lat' dir='ltr'><strong>Bart.</strong></span> <span class='ocrx_word' id='word_1_236' title='bbox 2495 4083 2555 4132; x_wconf 81' lang='lat' dir='ltr'><strong>in</strong></span> <span class='ocrx_word' id='word_1_237' title='bbox 2590 4089 2735 4134; x_wconf 81' lang='lat' dir='ltr'><strong>tract.</strong></span> <span class='ocrx_word' id='word_1_238' title='bbox 2762 4079 2813 4131; x_wconf 79' lang='lat' dir='ltr'><strong>de</strong></span> 
     </span>
     <span class='ocr_line' id='line_1_32' title="bbox 641 4173 2022 4242; baseline 0.002 -20"><span class='ocrx_word' id='word_1_239' title='bbox 641 4176 812 4237; x_wconf 57' lang='lat' dir='ltr'><strong>tyran.</strong></span> <span class='ocrx_word' id='word_1_240' title='bbox 843 4187 898 4223; x_wconf 86' lang='lat' dir='ltr'><strong>n.</strong></span> <span class='ocrx_word' id='word_1_241' title='bbox 930 4189 1029 4224; x_wconf 78' lang='lat' dir='ltr'><strong>xiv</strong></span> <span class='ocrx_word' id='word_1_242' title='bbox 1061 4180 1112 4225; x_wconf 87' lang='lat' dir='ltr'><strong>et</strong></span> <span class='ocrx_word' id='word_1_243' title='bbox 1145 4190 1236 4223; x_wconf 82' lang='lat' dir='ltr'><strong>xv.</strong></span> <span class='ocrx_word' id='word_1_244' title='bbox 1269 4179 1322 4227; x_wconf 65' lang='lat' dir='ltr'><strong>ci</strong></span> <span class='ocrx_word' id='word_1_245' title='bbox 1345 4173 1450 4231; x_wconf 85' lang='lat' dir='ltr'><strong>nisi</strong></span> <span class='ocrx_word' id='word_1_246' title='bbox 1485 4173 1684 4242; x_wconf 84' lang='lat' dir='ltr'><strong>pridem</strong></span> <span class='ocrx_word' id='word_1_247' title='bbox 1716 4176 1782 4228; x_wconf 83' lang='lat' dir='ltr'><strong>de</strong></span> <span class='ocrx_word' id='word_1_248' title='bbox 1814 4181 2022 4227; x_wconf 84' lang='lat' dir='ltr'><strong>renunt.</strong></span> 
     </span>
    </p>
   </div>
   <div class='ocr_carea' id='block_1_5' title="bbox 2923 3025 2927 4007">
    <p class='ocr_par' dir='ltr' id='par_1_5' title="bbox 2923 3025 2927 4007">
     <span class='ocr_line' id='line_1_33' title="bbox 2923 3025 2927 4007; baseline 0 0"><span class='ocrx_word' id='word_1_249' title='bbox 2923 3025 2927 4007; x_wconf 95' lang='lat' dir='ltr'><strong> </strong></span> 
     </span>
    </p>
   </div>
  </div>
 </body>
</html>
