2950 5017
936 435 1137 482 nane
1179 435 1505 484 sumnus
2171 422 2336 513 489*

75 580 231 639 us,
307 579 451 626 nou
517 551 881 624 admodum
938 568 1127 648 grata
1167 555 1356 624 Italis
1407 556 1579 624 haec
1622 552 1862 627 electio
1904 552 2065 626 fuit.
2113 556 2307 629 Dum

74 698 248 743 reto
321 672 473 759 ejus
536 674 607 739 in
674 670 946 740 Italiam
1002 672 1331 741 adventus
1374 684 1793 763 expectatur,
1836 673 2304 744 Cardinalium

72 802 332 861 ‚cetus
360 788 716 857 Albertum
752 789 949 857 Pium
979 788 1372 881 Carpiorum
1404 791 1777 881 Principem
1806 815 1965 859 cum
1997 792 2305 861 ducentis

72 906 478 996 peditibus,
519 917 592 972 et
634 908 974 998 segaginta
1020 910 1330 997 equitum
1375 905 1485 973 ala
1528 906 1737 997 Regio
1784 904 2137 996 praefecit,
2182 911 2304 999 qui

72 1021 502 1093 [aeonellum
533 1018 810 1090 fratrem
854 1046 978 1093 suo
1021 1026 1293 1092 nomine
1337 1023 1578 1090 urbem
1624 1035 1961 1091 recturum
2001 1025 2181 1091 misit
2210 1026 2305 1093 (Ι).

70 1138 174 1220 la,
206 1135 470 1217 Jacobo
500 1136 970 1209 Guicoiardino
1016 1161 1212 1207 mane
1254 1139 1660 1221 discedente,
1678 1191 1687 1198 .
1704 1141 1887 1208 circa'
1925 1138 2160 1208 horam
2206 1143 2308 1209 vi·

70 1258 423 1346 gesimam
470 1278 513 1322 a
555 1254 816 1324 civibus
873 1255 1156 1345 benigne
1207 1259 1276 1323 in
1332 1258 1614 1347 speciem
1662 1254 1962 1338 honoris,
2005 1255 2123 1324 aed
2167 1281 2305 1326 nou

70 1371 336 1440 libenti
383 1374 644 1453 animo,
676 1383 997 1462 exceptus
1042 1383 1161 1440 est.
1209 1372 1406 1441 Cum*
1433 1376 1617 1441 enim
1663 1372 1940 1442 Morotti
1984 1395 2053 1440 se
2094 1384 2303 1442 'autea

68 1487 660 1558 studiosissimum
702 1488 1095 1557 ostendisset
1149 1488 1520 1557 timebatur
1585 1513 1673 1556 ne
1741 1487 1856 1556 ille
1921 1490 1990 1556 in
2061 1488 2305 1556 urbem

68 1607 384 1687 veniret,
424 1627 504 1672 ac
548 1607 742 1680 novis
782 1607 1117 1673 suscitatis
1161 1604 1574 1673 tumultibus
1639 1629 1808 1696 pene
1873 1617 2109 1673 sanata
2151 1604 2309 1674 odia

68 1719 548 1803 exulceraret,
590 1724 710 1812 qui
752 1721 911 1789 licet
956 1724 1135 1789 intra
1183 1724 1453 1791 moenia
1514 1734 1816 1813 receptus
1874 1746 2009 1791 non
2072 1701 2309 1804 fuerit,

67 1836 424 1906 Praefecti
453 1862 610 1907 cum
641 1841 853 1930 gratia
884 1835 1098 1908 fretus
1142 1838 1505 1908 nonnullas
1553 1851 1748 1907 extra
1793 1840 2028 1908 urbem
2076 1840 2311 1908 turbas

67 1956 476 2024 concitavit.
520 1955 703 2023 Inter
769 1954 933 2024 alios
1002 1954 1149 2042 ejus
1214 1954 1533 2046 capitales
1595 1955 1819 2025 hostes
1879 1955 2306 2043 Boujoannes

77 2070 389 2139 Albinea
430 2072 750 2141 oriundus
801 2070 1007 2162 paulo
1068 2083 1223 2138 ante
1282 2068 1572 2139 fratrum
1620 2087 1817 2162 opera
1860 2074 2157 2163 patrium
2201 2095 2311 2140 ca-

76 2187 373 2258 stellum
418 2201 900 2280 occupaverat,
944 2200 1014 2256 et
1056 2210 1214 2256 cum
1259 2187 1532 2258 Doniuo
1575 2188 1870 2258 Paclouo
1906 2212 1956 2264 ‘a
2000 2188 2309 2259 Rodellia

77 2318 168 2373 et
209 2303 469 2388 Sennis,
515 2308 636 2396 qui
680 2304 1032 2374 castellum
1077 2305 1380 2373 Dardum
1424 2305 1512 2373 ad
1542 2303 1911 2374 Gabellum
1957 2306 2308 2390 tenebant,

83 2420 319 2513 plures
359 2444 522 2490 suae
563 2419 871 2492 factionis
915 2426 1124 2492 socios
1167 2436 1591 2494 convocarat.
1625 2423 1745 2491 His
1787 2425 2077 2514 stipatus
2121 2423 2306 2514 apud
2448 2471 2453 2476 -

83 2538 394 2607 visuum
420 2538 768 2608 Caesarem
800 2564 841 2607 a
873 2539 1069 2610 Valle
1092 2540 1374 2611 'Morotti
1401 2538 1697 2622 affinem,
1725 2541 1910 2611 domi
1956 2552 2037 2607 ut
2080 2541 2307 2630 oppri-

87 2668 332 2739 meret,
360 2669 648 2726 armatos
690 2659 1043 2725 circumire
1084 2658 1318 2745 jussit,
1362 2670 1432 2726 et
1475 2661 1628 2749 igue
1673 2656 1944 2744 injecto,
1974 2678 2135 2724 cum
2163 2653 2307 2741 jam

92 2772 291 2841 aedes
332 2770 815 2865 conflagrarent
880 2796 1085 2865 prope
1151 2786 1295 2842 erat
1358 2786 1441 2841 ut
1509 2776 1712 2842 miser
1774 2771 2309 2854 combureretur,

88 2892 226 2960 nisi
265 2893 522 2960 excitus
564 2891 897 2961 Morottus
938 2914 1098 2962 cum
1143 2888 1347 2959 fratre
1383 2890 1600 2961 Vitali
1641 2890 1979 2959 auxilium
2025 2893 2308 2981 propin·

87 3031 235 3100 quo
274 3019 643 3099 opportune
686 3006 854 3076 ferre
897 3020 1332 3100 properasset.
1380 3007 1802 3097 BouJoaunes
1842 3031 2009 3076 cum
2052 3031 2135 3076 eo
2178 3009 2309 3074 im-

89 3125 368 3218 paribus
410 3128 607 3194 armis
649 3124 959 3216 congredi
1005 3150 1140 3195 uon
1178 3127 1412 3206 ausus,
1455 3126 1632 3195 hosti
1678 3124 1967 3193 liberam
2012 3123 2306 3192 exeundi

91 3254 495 3335 potestatem
527 3240 716 3310 fecit.
748 3242 1079 3312 Morottus
1123 3254 1204 3310 ut
1248 3255 1511 3333 praeter
1553 3244 1938 3332 opinionem
1985 3240 2302 3331 praedam

88 3358 227 3427 sihi
283 3379 323 3425 e
386 3358 696 3426 manibus
741 3358 1038 3449 elapsam
1083 3358 1295 3440 videt,
1340 3357 1475 3426 alia
1520 3360 1631 3427 via
1676 3354 2051 3447 fugientem
2096 3358 2309 3424 inter-

96 3485 415 3564 cepturus
454 3476 678 3566 copias
720 3473 1010 3565 colligit,
1058 3497 1138 3541 ac
1182 3472 1536 3542 castellum
1580 3472 1925 3555 Dudum,
1972 3472 2092 3540 ubi
2144 3495 2305 3540 cum

97 3590 409 3662 Psclouio
450 3604 522 3659 et
564 3604 841 3660 centum
884 3594 1075 3661 sociis
1106 3590 1305 3662 Sessii
1341 3591 1703 3682 degebant,
1728 3591 2025 3660 obsidere
2054 3592 2298 3679 coepit.

101 3708 507 3778 commeatu
535 3710 722 3777 intus
750 3706 1101 3776 deficiente
1139 3707 1524 3799 propediem
1555 3706 1847 3776 inclusos
1874 3707 1945 3772 in
1977 3715 2306 3795 potestate

101 3824 448 3893 habiturus
491 3838 668 3907 erat,
713 3828 839 3894 nisi
884 3824 1242 3894 Leonellus
1294 3803 1412 3915 per
1454 3823 1836 3891 tubicinem
1898 3843 2055 3889 eum
2118 3843 2306 3890 arma

102 3942 421 4035 deponere
460 3954 534 4012 et
575 3940 662 4010 ad
705 3964 775 4010 se
818 3942 1107 4034 Regium
1150 3943 1382 4012 venire
1430 3939 1749 4027 jussisset.
1794 3938 1922 4009 Ille
1967 3938 2304 4008 mandatis

175 4195 257 4263 (ι)
288 4192 389 4248 Dis
419 4209 515 4247 xiv
550 4190 743 4247 martii.
777 4221 782 4224 -
