<?xml version="1.0" encoding="UTF-8"?>
<!DOCTYPE html PUBLIC "-//W3C//DTD XHTML 1.0 Transitional//EN"
    "http://www.w3.org/TR/xhtml1/DTD/xhtml1-transitional.dtd">
<html xmlns="http://www.w3.org/1999/xhtml" xml:lang="en" lang="en">
 <head>
  <title>
</title>
<meta http-equiv="Content-Type" content="text/html;charset=utf-8" />
  <meta name='ocr-system' content='tesseract 3.04.00' />
  <meta name='ocr-capabilities' content='ocr_page ocr_carea ocr_par ocr_line ocrx_word'/>
</head>
<body>
  <div class='ocr_page' id='page_1' title='image "./rerumhistoricar00unkngoog_0078.png"; bbox 0 0 2950 5017; ppageno 0'>
   <div class='ocr_carea' id='block_1_1' title="bbox 739 418 2153 489">
    <p class='ocr_par' dir='ltr' id='par_1_1' title="bbox 739 418 2153 489">
     <span class='ocr_line' id='line_1_1' title="bbox 739 418 2153 489; baseline -0.003 -22"><span class='ocrx_word' id='word_1_1' title='bbox 739 422 823 489; x_wconf 70' lang='lat'><strong>72</strong></span> <span class='ocrx_word' id='word_1_2' title='bbox 1471 420 1704 465; x_wconf 63' lang='lat' dir='ltr'><strong>amum</strong></span> <span class='ocrx_word' id='word_1_3' title='bbox 1747 418 2153 465; x_wconf 70' lang='lat' dir='ltr'><strong>nzcxmsmm</strong></span> 
     </span>
    </p>
   </div>
   <div class='ocr_carea' id='block_1_2' title="bbox 720 537 2903 4204">
    <p class='ocr_par' dir='ltr' id='par_1_2' title="bbox 720 537 2903 4204">
     <span class='ocr_line' id='line_1_2' title="bbox 738 537 2903 627; baseline 0 -19"><span class='ocrx_word' id='word_1_4' title='bbox 738 553 888 608; x_wconf 90' lang='lat' dir='ltr'><strong>tum</strong></span> <span class='ocrx_word' id='word_1_5' title='bbox 935 537 1192 607; x_wconf 86' lang='lat' dir='ltr'><strong>facinus</strong></span> <span class='ocrx_word' id='word_1_6' title='bbox 1220 537 1506 619; x_wconf 86' lang='lat' dir='ltr'><strong>ulturus,</strong></span> <span class='ocrx_word' id='word_1_7' title='bbox 1536 538 1977 608; x_wconf 78' lang='lat' dir='ltr'><strong>Mediolanum</strong></span> <span class='ocrx_word' id='word_1_8' title='bbox 1998 590 2017 619; x_wconf 99' lang='lat'><strong>,</strong></span> <span class='ocrx_word' id='word_1_9' title='bbox 2045 539 2162 604; x_wconf 90' lang='lat' dir='ltr'><strong>ubi</strong></span> <span class='ocrx_word' id='word_1_10' title='bbox 2195 550 2509 627; x_wconf 87' lang='lat' dir='ltr'><strong>tyrannus</strong></span> <span class='ocrx_word' id='word_1_11' title='bbox 2539 552 2726 621; x_wconf 82' lang='lat' dir='ltr'><strong>erat,</strong></span> <span class='ocrx_word' id='word_1_12' title='bbox 2757 564 2903 608; x_wconf 89' lang='lat' dir='ltr'><strong>cun</strong></span> 
     </span>
     <span class='ocr_line' id='line_1_3' title="bbox 735 652 2902 744; baseline 0 -23"><span class='ocrx_word' id='word_1_13' title='bbox 735 654 1056 743; x_wconf 84' lang='lat' dir='ltr'><strong>expeditis</strong></span> <span class='ocrx_word' id='word_1_14' title='bbox 1097 657 1294 744; x_wconf 90' lang='lat' dir='ltr'><strong>copiis</strong></span> <span class='ocrx_word' id='word_1_15' title='bbox 1338 652 1703 733; x_wconf 81' lang='lat' dir='ltr'><strong>contendit,</strong></span> <span class='ocrx_word' id='word_1_16' title='bbox 1747 656 1855 719; x_wconf 90' lang='lat' dir='ltr'><strong>cui</strong></span> <span class='ocrx_word' id='word_1_17' title='bbox 1900 653 2166 733; x_wconf 78' lang='lat' dir='ltr'><strong>milites,</strong></span> <span class='ocrx_word' id='word_1_18' title='bbox 2194 677 2326 720; x_wconf 90' lang='lat' dir='ltr'><strong>non</strong></span> <span class='ocrx_word' id='word_1_19' title='bbox 2355 665 2724 743; x_wconf 84' lang='lat' dir='ltr'><strong>expectato</strong></span> <span class='ocrx_word' id='word_1_20' title='bbox 2763 679 2902 723; x_wconf 84' lang='lat' dir='ltr'><strong>con-</strong></span> 
     </span>
     <span class='ocr_line' id='line_1_4' title="bbox 734 766 2903 857; baseline 0 -22"><span class='ocrx_word' id='word_1_21' title='bbox 734 768 950 851; x_wconf 90' lang='lat' dir='ltr'><strong>flictu,</strong></span> <span class='ocrx_word' id='word_1_22' title='bbox 971 769 1339 835; x_wconf 85' lang='lat' dir='ltr'><strong>Maximum</strong></span> <span class='ocrx_word' id='word_1_23' title='bbox 1372 770 1671 835; x_wconf 85' lang='lat' dir='ltr'><strong>vinctum</strong></span> <span class='ocrx_word' id='word_1_24' title='bbox 1704 769 2124 834; x_wconf 88' lang='lat' dir='ltr'><strong>tradiderunt.</strong></span> <span class='ocrx_word' id='word_1_25' title='bbox 2157 766 2397 857; x_wconf 80' lang='lat' dir='ltr'><strong>Opima</strong></span> <span class='ocrx_word' id='word_1_26' title='bbox 2425 770 2712 837; x_wconf 76' lang='lat' dir='ltr'><strong>victoria</strong></span> <span class='ocrx_word' id='word_1_27' title='bbox 2747 773 2903 835; x_wconf 62' lang='lat' dir='ltr'><strong>citri</strong></span> 
     </span>
     <span class='ocr_line' id='line_1_5' title="bbox 737 882 2903 973; baseline 0 -22"><span class='ocrx_word' id='word_1_28' title='bbox 737 887 1119 973; x_wconf 86' lang='lat' dir='ltr'><strong>sanguinem</strong></span> <span class='ocrx_word' id='word_1_29' title='bbox 1168 885 1420 973; x_wconf 89' lang='lat' dir='ltr'><strong>potitus</strong></span> <span class='ocrx_word' id='word_1_30' title='bbox 1463 882 1897 963; x_wconf 87' lang='lat' dir='ltr'><strong>Theodosius,</strong></span> <span class='ocrx_word' id='word_1_31' title='bbox 1927 883 2175 950; x_wconf 90' lang='lat' dir='ltr'><strong>Romae</strong></span> <span class='ocrx_word' id='word_1_32' title='bbox 2217 905 2368 949; x_wconf 91' lang='lat' dir='ltr'><strong>cum</strong></span> <span class='ocrx_word' id='word_1_33' title='bbox 2420 883 2903 952; x_wconf 75' lang='lat' dir='ltr'><strong>Valentiniant</strong></span> 
     </span>
     <span class='ocr_line' id='line_1_6' title="bbox 735 996 2903 1087; baseline 0 -22"><span class='ocrx_word' id='word_1_34' title='bbox 735 999 979 1065; x_wconf 79' lang='lat' dir='ltr'>celebri</span> <span class='ocrx_word' id='word_1_35' title='bbox 1021 1010 1168 1066; x_wconf 90' lang='lat' dir='ltr'><strong>acto</strong></span> <span class='ocrx_word' id='word_1_36' title='bbox 1215 998 1574 1087; x_wconf 79' lang='lat' dir='ltr'><strong>triumphe,</strong></span> <span class='ocrx_word' id='word_1_37' title='bbox 1619 996 2255 1086; x_wconf 75' lang='lat' dir='ltr'><strong>Constantinopolim</strong></span> <span class='ocrx_word' id='word_1_38' title='bbox 2319 1002 2708 1065; x_wconf 87' lang='lat' dir='ltr'><strong>revertitur.</strong></span> <span class='ocrx_word' id='word_1_39' title='bbox 2766 999 2903 1065; x_wconf 81' lang='lat' dir='ltr'><strong>Ne&lt;</strong></span> 
     </span>
     <span class='ocr_line' id='line_1_7' title="bbox 735 1112 2903 1203; baseline 0 -23"><span class='ocrx_word' id='word_1_40' title='bbox 735 1113 948 1182; x_wconf 89' lang='lat' dir='ltr'><strong>multo</strong></span> <span class='ocrx_word' id='word_1_41' title='bbox 1000 1125 1178 1203; x_wconf 89' lang='lat' dir='ltr'><strong>post,</strong></span> <span class='ocrx_word' id='word_1_42' title='bbox 1221 1113 1397 1203; x_wconf 89' lang='lat' dir='ltr'><strong>quod</strong></span> <span class='ocrx_word' id='word_1_43' title='bbox 1460 1113 1790 1202; x_wconf 89' lang='lat' dir='ltr'><strong>Eugenius</strong></span> <span class='ocrx_word' id='word_1_44' title='bbox 1835 1113 2320 1180; x_wconf 75' lang='lat' dir='ltr'><strong>Grammaticus</strong></span> <span class='ocrx_word' id='word_1_45' title='bbox 2345 1163 2364 1192; x_wconf 93' lang='lat'><strong>,</strong></span> <span class='ocrx_word' id='word_1_46' title='bbox 2404 1116 2504 1178; x_wconf 88' lang='lat' dir='ltr'><strong>vir</strong></span> <span class='ocrx_word' id='word_1_47' title='bbox 2557 1112 2903 1193; x_wconf 71' lang='lat' dir='ltr'><strong>eruditus,</strong></span> 
     </span>
     <span class='ocr_line' id='line_1_8' title="bbox 734 1225 2903 1318; baseline -0 -23"><span class='ocrx_word' id='word_1_48' title='bbox 734 1229 844 1295; x_wconf 87' lang='lat' dir='ltr'><strong>sed</strong></span> <span class='ocrx_word' id='word_1_49' title='bbox 888 1225 1230 1308; x_wconf 86' lang='lat' dir='ltr'><strong>factiosus,</strong></span> <span class='ocrx_word' id='word_1_50' title='bbox 1262 1230 1378 1318; x_wconf 89' lang='lat' dir='ltr'><strong>qui</strong></span> <span class='ocrx_word' id='word_1_51' title='bbox 1408 1227 1643 1294; x_wconf 90' lang='lat' dir='ltr'><strong>relictis</strong></span> <span class='ocrx_word' id='word_1_52' title='bbox 1686 1226 1951 1305; x_wconf 89' lang='lat' dir='ltr'><strong>scholis,</strong></span> <span class='ocrx_word' id='word_1_53' title='bbox 1984 1229 2259 1316; x_wconf 86' lang='lat' dir='ltr'><strong>principi</strong></span> <span class='ocrx_word' id='word_1_54' title='bbox 2303 1227 2389 1293; x_wconf 89' lang='lat' dir='ltr'><strong>ab</strong></span> <span class='ocrx_word' id='word_1_55' title='bbox 2432 1226 2734 1315; x_wconf 87' lang='lat' dir='ltr'><strong>epistolis</strong></span> <span class='ocrx_word' id='word_1_56' title='bbox 2783 1252 2903 1294; x_wconf 88' lang='lat' dir='ltr'><strong>ser·</strong></span> 
     </span>
     <span class='ocr_line' id='line_1_9' title="bbox 733 1341 2903 1432; baseline 0 -23"><span class='ocrx_word' id='word_1_57' title='bbox 733 1344 990 1424; x_wconf 87' lang='lat' dir='ltr'><strong>viebat,</strong></span> <span class='ocrx_word' id='word_1_58' title='bbox 1044 1367 1156 1432; x_wconf 89' lang='lat' dir='ltr'><strong>per</strong></span> <span class='ocrx_word' id='word_1_59' title='bbox 1205 1341 1519 1409; x_wconf 88' lang='lat' dir='ltr'><strong>Eunucos</strong></span> <span class='ocrx_word' id='word_1_60' title='bbox 1575 1341 2038 1410; x_wconf 84' lang='lat' dir='ltr'><strong>Valentiniano</strong></span> <span class='ocrx_word' id='word_1_61' title='bbox 2088 1341 2444 1410; x_wconf 67' lang='lat' dir='ltr'><strong>dormiente</strong></span> <span class='ocrx_word' id='word_1_62' title='bbox 2501 1356 2787 1422; x_wconf 87' lang='lat' dir='ltr'><strong>necato,</strong></span> <span class='ocrx_word' id='word_1_63' title='bbox 2838 1368 2903 1410; x_wconf 86' lang='lat' dir='ltr'><strong>se</strong></span> 
     </span>
     <span class='ocr_line' id='line_1_10' title="bbox 734 1457 2903 1548; baseline 0.001 -24"><span class='ocrx_word' id='word_1_64' title='bbox 734 1462 1190 1548; x_wconf 76' lang='lat' dir='ltr'><strong>imperatorem</strong></span> <span class='ocrx_word' id='word_1_65' title='bbox 1239 1458 1728 1548; x_wconf 70' lang='lat' dir='ltr'><strong>appellavisset,</strong></span> <span class='ocrx_word' id='word_1_66' title='bbox 1758 1462 1823 1525; x_wconf 90' lang='lat' dir='ltr'><strong>in</strong></span> <span class='ocrx_word' id='word_1_67' title='bbox 1855 1457 2118 1524; x_wconf 88' lang='lat' dir='ltr'><strong>Italiam</strong></span> <span class='ocrx_word' id='word_1_68' title='bbox 2164 1458 2407 1546; x_wconf 84' lang='lat' dir='ltr'><strong>regredi</strong></span> <span class='ocrx_word' id='word_1_69' title='bbox 2447 1472 2723 1525; x_wconf 88' lang='lat' dir='ltr'><strong>coactus</strong></span> <span class='ocrx_word' id='word_1_70' title='bbox 2772 1474 2903 1526; x_wconf 83' lang='lat' dir='ltr'><strong>est:</strong></span> 
     </span>
     <span class='ocr_line' id='line_1_11' title="bbox 731 1573 2903 1664; baseline -0 -22"><span class='ocrx_word' id='word_1_71' title='bbox 731 1577 851 1642; x_wconf 88' lang='lat' dir='ltr'><strong>ubi</strong></span> <span class='ocrx_word' id='word_1_72' title='bbox 901 1580 1246 1643; x_wconf 88' lang='lat' dir='ltr'><strong>commisso</strong></span> <span class='ocrx_word' id='word_1_73' title='bbox 1309 1574 1553 1664; x_wconf 90' lang='lat' dir='ltr'><strong>praelio</strong></span> <span class='ocrx_word' id='word_1_74' title='bbox 1625 1588 1965 1664; x_wconf 84' lang='lat' dir='ltr'><strong>superatus</strong></span> <span class='ocrx_word' id='word_1_75' title='bbox 2016 1573 2535 1655; x_wconf 86' lang='lat' dir='ltr'><strong>Grammaticus,</strong></span> <span class='ocrx_word' id='word_1_76' title='bbox 2576 1575 2746 1640; x_wconf 92' lang='lat' dir='ltr'><strong>dum</strong></span> <span class='ocrx_word' id='word_1_77' title='bbox 2819 1577 2903 1641; x_wconf 89' lang='lat' dir='ltr'><strong>ad</strong></span> 
     </span>
     <span class='ocr_line' id='line_1_12' title="bbox 733 1661 2896 1782; baseline 0 -25"><span class='ocrx_word' id='word_1_78' title='bbox 733 1693 1040 1782; x_wconf 86' lang='lat' dir='ltr'><strong>principis</strong></span> <span class='ocrx_word' id='word_1_79' title='bbox 1092 1661 1288 1781; x_wconf 73' lang='lat' dir='ltr'><strong>pedes</strong></span> <span class='ocrx_word' id='word_1_80' title='bbox 1335 1689 1687 1758; x_wconf 85' lang='lat' dir='ltr'><strong>advolutus</strong></span> <span class='ocrx_word' id='word_1_81' title='bbox 1744 1689 1993 1757; x_wconf 88' lang='lat' dir='ltr'><strong>sceleris</strong></span> <span class='ocrx_word' id='word_1_82' title='bbox 2054 1692 2312 1756; x_wconf 83' lang='lat' dir='ltr'><strong>veniam</strong></span> <span class='ocrx_word' id='word_1_83' title='bbox 2356 1689 2637 1779; x_wconf 85' lang='lat' dir='ltr'><strong>supplex</strong></span> <span class='ocrx_word' id='word_1_84' title='bbox 2680 1695 2853 1779; x_wconf 88' lang='lat' dir='ltr'><strong>petit</strong></span> <span class='ocrx_word' id='word_1_85' title='bbox 2876 1743 2896 1772; x_wconf 91' lang='lat'><strong>,</strong></span> 
     </span>
     <span class='ocr_line' id='line_1_13' title="bbox 733 1801 2900 1873; baseline 0 -1"><span class='ocrx_word' id='word_1_86' title='bbox 733 1829 773 1872; x_wconf 88' lang='lat' dir='ltr'><strong>a</strong></span> <span class='ocrx_word' id='word_1_87' title='bbox 816 1805 1138 1873; x_wconf 87' lang='lat' dir='ltr'><strong>militibus</strong></span> <span class='ocrx_word' id='word_1_88' title='bbox 1190 1818 1290 1873; x_wconf 92' lang='lat' dir='ltr'><strong>est</strong></span> <span class='ocrx_word' id='word_1_89' title='bbox 1339 1805 1800 1873; x_wconf 87' lang='lat' dir='ltr'><strong>obtruncatus.</strong></span> <span class='ocrx_word' id='word_1_90' title='bbox 1847 1804 1980 1871; x_wconf 85' lang='lat' dir='ltr'><strong>Tot</strong></span> <span class='ocrx_word' id='word_1_91' title='bbox 2025 1804 2449 1871; x_wconf 87' lang='lat' dir='ltr'><strong>tumultuosis</strong></span> <span class='ocrx_word' id='word_1_92' title='bbox 2494 1801 2900 1872; x_wconf 84' lang='lat' dir='ltr'><strong>factionibus</strong></span> 
     </span>
     <span class='ocr_line' id='line_1_14' title="bbox 732 1919 2892 2010; baseline -0.001 -20"><span class='ocrx_word' id='word_1_93' title='bbox 732 1934 978 1990; x_wconf 78' lang='lat' dir='ltr'><strong>vexata</strong></span> <span class='ocrx_word' id='word_1_94' title='bbox 1022 1921 1246 1989; x_wconf 87' lang='lat' dir='ltr'><strong>Gallia</strong></span> <span class='ocrx_word' id='word_1_95' title='bbox 1298 1921 1628 2010; x_wconf 87' lang='lat' dir='ltr'><strong>Cisalpina</strong></span> <span class='ocrx_word' id='word_1_96' title='bbox 1647 1972 1666 2002; x_wconf 93' lang='lat'><strong>,</strong></span> <span class='ocrx_word' id='word_1_97' title='bbox 1726 1944 1875 1989; x_wconf 89' lang='lat' dir='ltr'><strong>cum</strong></span> <span class='ocrx_word' id='word_1_98' title='bbox 1928 1919 2227 1987; x_wconf 87' lang='lat' dir='ltr'><strong>finitimis</strong></span> <span class='ocrx_word' id='word_1_99' title='bbox 2275 1919 2549 1987; x_wconf 88' lang='lat' dir='ltr'><strong>urbibus</strong></span> <span class='ocrx_word' id='word_1_100' title='bbox 2602 1933 2892 1989; x_wconf 86' lang='lat' dir='ltr'><strong>nostram</strong></span> 
     </span>
     <span class='ocr_line' id='line_1_15' title="bbox 734 2033 2893 2125; baseline 0 -25"><span class='ocrx_word' id='word_1_101' title='bbox 734 2058 1004 2125; x_wconf 87' lang='lat' dir='ltr'><strong>quoque</strong></span> <span class='ocrx_word' id='word_1_102' title='bbox 1047 2039 1382 2102; x_wconf 87' lang='lat' dir='ltr'><strong>civitatem</strong></span> <span class='ocrx_word' id='word_1_103' title='bbox 1425 2040 1616 2101; x_wconf 85' lang='lat' dir='ltr'><strong>ruina</strong></span> <span class='ocrx_word' id='word_1_104' title='bbox 1658 2033 2015 2104; x_wconf 85' lang='lat' dir='ltr'><strong>deformem</strong></span> <span class='ocrx_word' id='word_1_105' title='bbox 2048 2033 2245 2101; x_wconf 89' lang='lat' dir='ltr'><strong>fuisse</strong></span> <span class='ocrx_word' id='word_1_106' title='bbox 2289 2034 2669 2102; x_wconf 87' lang='lat' dir='ltr'><strong>Ambrosius</strong></span> <span class='ocrx_word' id='word_1_107' title='bbox 2698 2048 2893 2102; x_wconf 89' lang='lat' dir='ltr'><strong>testa-</strong></span> 
     </span>
     <span class='ocr_line' id='line_1_16' title="bbox 735 2148 2891 2239; baseline 0.001 -25"><span class='ocrx_word' id='word_1_108' title='bbox 735 2163 881 2231; x_wconf 92' lang='lat' dir='ltr'><strong>tur,</strong></span> <span class='ocrx_word' id='word_1_109' title='bbox 921 2151 1040 2238; x_wconf 87' lang='lat' dir='ltr'><strong>qui</strong></span> <span class='ocrx_word' id='word_1_110' title='bbox 1084 2152 1153 2215; x_wconf 90' lang='lat' dir='ltr'><strong>in</strong></span> <span class='ocrx_word' id='word_1_111' title='bbox 1197 2149 1485 2238; x_wconf 80' lang='lat' dir='ltr'><strong>quadam</strong></span> <span class='ocrx_word' id='word_1_112' title='bbox 1515 2149 1819 2239; x_wconf 86' lang='lat' dir='ltr'><strong>epistola,</strong></span> <span class='ocrx_word' id='word_1_113' title='bbox 1853 2149 2271 2232; x_wconf 87' lang='lat' dir='ltr'><strong>Quadernam</strong></span> <span class='ocrx_word' id='word_1_114' title='bbox 2292 2199 2310 2229; x_wconf 90' lang='lat'><strong>,</strong></span> <span class='ocrx_word' id='word_1_115' title='bbox 2340 2148 2740 2229; x_wconf 89' lang='lat' dir='ltr'><strong>Bononiam,</strong></span> <span class='ocrx_word' id='word_1_116' title='bbox 2771 2150 2891 2216; x_wconf 81' lang='lat' dir='ltr'><strong>Re-</strong></span> 
     </span>
     <span class='ocr_line' id='line_1_17' title="bbox 734 2262 2888 2352; baseline 0.001 -24"><span class='ocrx_word' id='word_1_117' title='bbox 734 2266 946 2352; x_wconf 90' lang='lat' dir='ltr'><strong>gium,</strong></span> <span class='ocrx_word' id='word_1_118' title='bbox 973 2262 1329 2343; x_wconf 88' lang='lat' dir='ltr'><strong>Mutinam,</strong></span> <span class='ocrx_word' id='word_1_119' title='bbox 1350 2263 1697 2330; x_wconf 87' lang='lat' dir='ltr'><strong>Brixillum</strong></span> <span class='ocrx_word' id='word_1_120' title='bbox 1731 2276 1800 2329; x_wconf 94' lang='lat' dir='ltr'><strong>et</strong></span> <span class='ocrx_word' id='word_1_121' title='bbox 1828 2264 2233 2330; x_wconf 88' lang='lat' dir='ltr'><strong>Placentiam</strong></span> <span class='ocrx_word' id='word_1_122' title='bbox 2263 2262 2452 2329; x_wconf 87' lang='lat' dir='ltr'><strong>urbes</strong></span> <span class='ocrx_word' id='word_1_123' title='bbox 2482 2265 2888 2331; x_wconf 89' lang='lat' dir='ltr'><strong>semidirutas</strong></span> 
     </span>
     <span class='ocr_line' id='line_1_18' title="bbox 730 2379 2882 2469; baseline 0 -24"><span class='ocrx_word' id='word_1_124' title='bbox 730 2403 798 2445; x_wconf 89' lang='lat' dir='ltr'><strong>se</strong></span> <span class='ocrx_word' id='word_1_125' title='bbox 843 2380 1073 2447; x_wconf 85' lang='lat' dir='ltr'><strong>vidisse</strong></span> <span class='ocrx_word' id='word_1_126' title='bbox 1131 2392 1484 2448; x_wconf 86' lang='lat' dir='ltr'><strong>memorat.</strong></span> <span class='ocrx_word' id='word_1_127' title='bbox 1541 2380 1893 2447; x_wconf 86' lang='lat' dir='ltr'><strong>Caeterum</strong></span> <span class='ocrx_word' id='word_1_128' title='bbox 1949 2379 2350 2449; x_wconf 84' lang='lat' dir='ltr'><strong>Theodosius</strong></span> <span class='ocrx_word' id='word_1_129' title='bbox 2401 2403 2573 2447; x_wconf 87' lang='lat' dir='ltr'><strong>anno</strong></span> <span class='ocrx_word' id='word_1_130' title='bbox 2632 2383 2882 2469; x_wconf 88' lang='lat' dir='ltr'><strong>imperii</strong></span> 
     </span>
     <span class='ocr_line' id='line_1_19' title="bbox 732 2494 2878 2587; baseline 0.001 -27"><span class='ocrx_word' id='word_1_131' title='bbox 732 2495 989 2563; x_wconf 88' lang='lat' dir='ltr'><strong>decimo</strong></span> <span class='ocrx_word' id='word_1_132' title='bbox 1034 2508 1219 2565; x_wconf 85' lang='lat' dir='ltr'><strong>sexto</strong></span> <span class='ocrx_word' id='word_1_133' title='bbox 1237 2546 1256 2577; x_wconf 93' lang='lat'><strong>,</strong></span> <span class='ocrx_word' id='word_1_134' title='bbox 1300 2509 1366 2561; x_wconf 90' lang='lat' dir='ltr'><strong>et</strong></span> <span class='ocrx_word' id='word_1_135' title='bbox 1413 2500 1646 2563; x_wconf 88' lang='lat' dir='ltr'><strong>aetatis</strong></span> <span class='ocrx_word' id='word_1_136' title='bbox 1687 2500 2082 2587; x_wconf 77' lang='lat' dir='ltr'><strong>sexagesimo</strong></span> <span class='ocrx_word' id='word_1_137' title='bbox 2132 2494 2483 2564; x_wconf 79' lang='lat' dir='ltr'><strong>Mediolani</strong></span> <span class='ocrx_word' id='word_1_138' title='bbox 2544 2495 2878 2577; x_wconf 88' lang='lat' dir='ltr'><strong>decedens,</strong></span> 
     </span>
     <span class='ocr_line' id='line_1_20' title="bbox 731 2609 2877 2701; baseline 0.001 -24"><span class='ocrx_word' id='word_1_139' title='bbox 731 2609 1016 2678; x_wconf 88' lang='lat' dir='ltr'><strong>Orientis</strong></span> <span class='ocrx_word' id='word_1_140' title='bbox 1060 2614 1495 2701; x_wconf 86' lang='lat' dir='ltr'><strong>principatum</strong></span> <span class='ocrx_word' id='word_1_141' title='bbox 1543 2613 1815 2681; x_wconf 88' lang='lat' dir='ltr'><strong>Arcadio</strong></span> <span class='ocrx_word' id='word_1_142' title='bbox 1843 2626 1909 2679; x_wconf 93' lang='lat' dir='ltr'><strong>et</strong></span> <span class='ocrx_word' id='word_1_143' title='bbox 1940 2614 2285 2701; x_wconf 86' lang='lat' dir='ltr'><strong>Hesperiae</strong></span> <span class='ocrx_word' id='word_1_144' title='bbox 2328 2613 2617 2680; x_wconf 91' lang='lat' dir='ltr'><strong>Honorio</strong></span> <span class='ocrx_word' id='word_1_145' title='bbox 2660 2612 2877 2679; x_wconf 88' lang='lat' dir='ltr'><strong>liberis</strong></span> 
     </span>
     <span class='ocr_line' id='line_1_21' title="bbox 728 2726 2873 2819; baseline 0 -27"><span class='ocrx_word' id='word_1_146' title='bbox 728 2751 814 2792; x_wconf 87' lang='lat' dir='ltr'><strong>ex</strong></span> <span class='ocrx_word' id='word_1_147' title='bbox 842 2726 1112 2794; x_wconf 87' lang='lat' dir='ltr'><strong>Placilla</strong></span> <span class='ocrx_word' id='word_1_148' title='bbox 1155 2731 1467 2817; x_wconf 86' lang='lat' dir='ltr'><strong>susceptis</strong></span> <span class='ocrx_word' id='word_1_149' title='bbox 1514 2728 1804 2819; x_wconf 88' lang='lat' dir='ltr'><strong>reliquit.</strong></span> <span class='ocrx_word' id='word_1_150' title='bbox 1850 2728 1949 2793; x_wconf 90' lang='lat' dir='ltr'><strong>Ea</strong></span> <span class='ocrx_word' id='word_1_151' title='bbox 1994 2739 2217 2794; x_wconf 88' lang='lat' dir='ltr'><strong>tantae</strong></span> <span class='ocrx_word' id='word_1_152' title='bbox 2262 2726 2607 2817; x_wconf 85' lang='lat' dir='ltr'><strong>probitatis</strong></span> <span class='ocrx_word' id='word_1_153' title='bbox 2650 2728 2873 2794; x_wconf 89' lang='lat' dir='ltr'><strong>mulier</strong></span> 
     </span>
     <span class='ocr_line' id='line_1_22' title="bbox 728 2842 2871 2934; baseline 0 -25"><span class='ocrx_word' id='word_1_154' title='bbox 728 2842 883 2925; x_wconf 89' lang='lat' dir='ltr'><strong>fuit,</strong></span> <span class='ocrx_word' id='word_1_155' title='bbox 927 2857 1007 2911; x_wconf 93' lang='lat' dir='ltr'><strong>ut</strong></span> <span class='ocrx_word' id='word_1_156' title='bbox 1050 2846 1341 2934; x_wconf 85' lang='lat' dir='ltr'><strong>quotidie</strong></span> <span class='ocrx_word' id='word_1_157' title='bbox 1385 2848 1455 2912; x_wconf 88' lang='lat' dir='ltr'><strong>in</strong></span> <span class='ocrx_word' id='word_1_158' title='bbox 1502 2848 1888 2914; x_wconf 89' lang='lat' dir='ltr'><strong>nosocomiis</strong></span> <span class='ocrx_word' id='word_1_159' title='bbox 1934 2846 2165 2933; x_wconf 78' lang='lat' dir='ltr'><strong>insigni</strong></span> <span class='ocrx_word' id='word_1_160' title='bbox 2211 2843 2529 2910; x_wconf 87' lang='lat' dir='ltr'><strong>charitate</strong></span> <span class='ocrx_word' id='word_1_161' title='bbox 2558 2843 2871 2911; x_wconf 82' lang='lat' dir='ltr'><strong>valetudi-</strong></span> 
     </span>
     <span class='ocr_line' id='line_1_23' title="bbox 729 2959 2868 3048; baseline -0.001 -23"><span class='ocrx_word' id='word_1_162' title='bbox 729 2962 925 3025; x_wconf 88' lang='lat' dir='ltr'><strong>nariis</strong></span> <span class='ocrx_word' id='word_1_163' title='bbox 969 2962 1333 3028; x_wconf 87' lang='lat' dir='ltr'><strong>ministrare</strong></span> <span class='ocrx_word' id='word_1_164' title='bbox 1361 3012 1379 3040; x_wconf 92' lang='lat'><strong>,</strong></span> <span class='ocrx_word' id='word_1_165' title='bbox 1438 2972 1506 3026; x_wconf 93' lang='lat' dir='ltr'><strong>et</strong></span> <span class='ocrx_word' id='word_1_166' title='bbox 1571 2959 1882 3026; x_wconf 87' lang='lat' dir='ltr'><strong>vilissima</strong></span> <span class='ocrx_word' id='word_1_167' title='bbox 1928 2982 2263 3048; x_wconf 86' lang='lat' dir='ltr'><strong>quaeque,</strong></span> <span class='ocrx_word' id='word_1_168' title='bbox 2324 2961 2520 3026; x_wconf 83' lang='lat' dir='ltr'><strong>servis</strong></span> <span class='ocrx_word' id='word_1_169' title='bbox 2585 2961 2868 3048; x_wconf 86' lang='lat' dir='ltr'><strong>imperari</strong></span> 
     </span>
     <span class='ocr_line' id='line_1_24' title="bbox 725 3069 2865 3162; baseline -0.001 -20"><span class='ocrx_word' id='word_1_170' title='bbox 725 3074 953 3154; x_wconf 89' lang='lat' dir='ltr'><strong>solita,</strong></span> <span class='ocrx_word' id='word_1_171' title='bbox 981 3078 1116 3140; x_wconf 88' lang='lat' dir='ltr'><strong>suis</strong></span> <span class='ocrx_word' id='word_1_172' title='bbox 1146 3076 1453 3141; x_wconf 90' lang='lat' dir='ltr'><strong>manibus</strong></span> <span class='ocrx_word' id='word_1_173' title='bbox 1497 3078 1736 3162; x_wconf 79' lang='lat' dir='ltr'><strong>exequi</strong></span> <span class='ocrx_word' id='word_1_174' title='bbox 1780 3099 1906 3140; x_wconf 89' lang='lat' dir='ltr'><strong>non</strong></span> <span class='ocrx_word' id='word_1_175' title='bbox 1951 3075 2307 3145; x_wconf 86' lang='lat' dir='ltr'><strong>erubuerit.</strong></span> <span class='ocrx_word' id='word_1_176' title='bbox 2353 3069 2694 3154; x_wconf 86' lang='lat' dir='ltr'><strong>Arcadius,</strong></span> <span class='ocrx_word' id='word_1_177' title='bbox 2722 3098 2865 3140; x_wconf 90' lang='lat' dir='ltr'><strong>cum</strong></span> 
     </span>
     <span class='ocr_line' id='line_1_25' title="bbox 728 3189 2875 3279; baseline 0 -23"><span class='ocrx_word' id='word_1_178' title='bbox 728 3193 912 3256; x_wconf 89' lang='lat' dir='ltr'><strong>annis</strong></span> <span class='ocrx_word' id='word_1_179' title='bbox 957 3189 1292 3256; x_wconf 81' lang='lat' dir='ltr'><strong>tresdecim</strong></span> <span class='ocrx_word' id='word_1_180' title='bbox 1339 3200 1484 3277; x_wconf 90' lang='lat' dir='ltr'><strong>post</strong></span> <span class='ocrx_word' id='word_1_181' title='bbox 1530 3193 1728 3277; x_wconf 90' lang='lat' dir='ltr'><strong>patris</strong></span> <span class='ocrx_word' id='word_1_182' title='bbox 1770 3191 2028 3256; x_wconf 89' lang='lat' dir='ltr'><strong>obitum</strong></span> <span class='ocrx_word' id='word_1_183' title='bbox 2072 3191 2490 3279; x_wconf 84' lang='lat' dir='ltr'><strong>regnavisset,</strong></span> <span class='ocrx_word' id='word_1_184' title='bbox 2521 3190 2875 3259; x_wconf 83' lang='lat' dir='ltr'><strong>Theodosio-</strong></span> 
     </span>
     <span class='ocr_line' id='line_1_26' title="bbox 728 3302 2862 3395; baseline 0.001 -26"><span class='ocrx_word' id='word_1_185' title='bbox 728 3302 868 3371; x_wconf 86' lang='lat' dir='ltr'><strong>filio</strong></span> <span class='ocrx_word' id='word_1_186' title='bbox 920 3326 1241 3370; x_wconf 87' lang='lat' dir='ltr'><strong>annorum</strong></span> <span class='ocrx_word' id='word_1_187' title='bbox 1291 3316 1438 3370; x_wconf 90' lang='lat' dir='ltr'><strong>octo</strong></span> <span class='ocrx_word' id='word_1_188' title='bbox 1489 3303 1614 3368; x_wconf 90' lang='lat' dir='ltr'><strong>sub</strong></span> <span class='ocrx_word' id='word_1_189' title='bbox 1658 3303 1993 3370; x_wconf 89' lang='lat' dir='ltr'><strong>Anthemii</strong></span> <span class='ocrx_word' id='word_1_190' title='bbox 2038 3302 2389 3386; x_wconf 88' lang='lat' dir='ltr'><strong>Praefecti,</strong></span> <span class='ocrx_word' id='word_1_191' title='bbox 2434 3316 2502 3371; x_wconf 88' lang='lat' dir='ltr'><strong>et</strong></span> <span class='ocrx_word' id='word_1_192' title='bbox 2546 3305 2862 3395; x_wconf 87' lang='lat' dir='ltr'><strong>Isdigerdis</strong></span> 
     </span>
     <span class='ocr_line' id='line_1_27' title="bbox 725 3416 2861 3510; baseline 0.002 -27"><span class='ocrx_word' id='word_1_193' title='bbox 725 3418 1063 3484; x_wconf 87' lang='lat' dir='ltr'><strong>Persarum</strong></span> <span class='ocrx_word' id='word_1_194' title='bbox 1092 3417 1286 3507; x_wconf 89' lang='lat' dir='ltr'><strong>Regis</strong></span> <span class='ocrx_word' id='word_1_195' title='bbox 1318 3417 1531 3484; x_wconf 89' lang='lat' dir='ltr'><strong>tutela</strong></span> <span class='ocrx_word' id='word_1_196' title='bbox 1558 3416 1783 3486; x_wconf 87' lang='lat' dir='ltr'><strong>relicto</strong></span> <span class='ocrx_word' id='word_1_197' title='bbox 1800 3468 1819 3497; x_wconf 91' lang='lat'>‚</span> <span class='ocrx_word' id='word_1_198' title='bbox 1851 3442 2021 3486; x_wconf 87' lang='lat' dir='ltr'><strong>anno</strong></span> <span class='ocrx_word' id='word_1_199' title='bbox 2052 3422 2284 3487; x_wconf 87' lang='lat' dir='ltr'><strong>aetatis</strong></span> <span class='ocrx_word' id='word_1_200' title='bbox 2314 3422 2638 3509; x_wconf 86' lang='lat' dir='ltr'><strong>trigesimo</strong></span> <span class='ocrx_word' id='word_1_201' title='bbox 2666 3424 2861 3510; x_wconf 90' lang='lat' dir='ltr'><strong>primo</strong></span> 
     </span>
     <span class='ocr_line' id='line_1_28' title="bbox 722 3532 2856 3625; baseline 0.002 -28"><span class='ocrx_word' id='word_1_202' title='bbox 722 3535 1079 3599; x_wconf 88' lang='lat' dir='ltr'><strong>immatura</strong></span> <span class='ocrx_word' id='word_1_203' title='bbox 1121 3546 1330 3602; x_wconf 86' lang='lat' dir='ltr'><strong>morte</strong></span> <span class='ocrx_word' id='word_1_204' title='bbox 1375 3544 1633 3622; x_wconf 87' lang='lat' dir='ltr'><strong>ereptus</strong></span> <span class='ocrx_word' id='word_1_205' title='bbox 1677 3532 1973 3616; x_wconf 72' lang='lat' dir='ltr'><strong>decessit.</strong></span> <span class='ocrx_word' id='word_1_206' title='bbox 2020 3533 2120 3602; x_wconf 91' lang='lat' dir='ltr'><strong>Eo</strong></span> <span class='ocrx_word' id='word_1_207' title='bbox 2165 3537 2430 3602; x_wconf 85' lang='lat' dir='ltr'><strong>vivente</strong></span> <span class='ocrx_word' id='word_1_208' title='bbox 2474 3534 2713 3617; x_wconf 83' lang='lat' dir='ltr'><strong>Gothi,</strong></span> <span class='ocrx_word' id='word_1_209' title='bbox 2752 3538 2856 3625; x_wconf 88' lang='lat' dir='ltr'><strong>qui</strong></span> 
     </span>
     <span class='ocr_line' id='line_1_29' title="bbox 727 3647 2858 3735; baseline 0.001 -21"><span class='ocrx_word' id='word_1_210' title='bbox 727 3660 903 3714; x_wconf 91' lang='lat' dir='ltr'><strong>trans</strong></span> <span class='ocrx_word' id='word_1_211' title='bbox 946 3649 1185 3715; x_wconf 89' lang='lat' dir='ltr'><strong>Istrum</strong></span> <span class='ocrx_word' id='word_1_212' title='bbox 1229 3648 1433 3715; x_wconf 86' lang='lat' dir='ltr'><strong>relicti</strong></span> <span class='ocrx_word' id='word_1_213' title='bbox 1476 3647 1763 3730; x_wconf 84' lang='lat' dir='ltr'><strong>fuerant,</strong></span> <span class='ocrx_word' id='word_1_214' title='bbox 1792 3648 2065 3717; x_wconf 87' lang='lat' dir='ltr'><strong>flumine</strong></span> <span class='ocrx_word' id='word_1_215' title='bbox 2097 3650 2401 3735; x_wconf 87' lang='lat' dir='ltr'><strong>trajecto,</strong></span> <span class='ocrx_word' id='word_1_216' title='bbox 2430 3650 2858 3719; x_wconf 87' lang='lat' dir='ltr'><strong>Romanorum</strong></span> 
     </span>
     <span class='ocr_line' id='line_1_30' title="bbox 723 3763 2855 3833; baseline 0.002 -6"><span class='ocrx_word' id='word_1_217' title='bbox 723 3773 960 3830; x_wconf 88' lang='lat' dir='ltr'><strong>terram</strong></span> <span class='ocrx_word' id='word_1_218' title='bbox 1005 3763 1445 3833; x_wconf 89' lang='lat' dir='ltr'><strong>incoluerunt.</strong></span> <span class='ocrx_word' id='word_1_219' title='bbox 1500 3765 1587 3830; x_wconf 90' lang='lat' dir='ltr'><strong>Hi</strong></span> <span class='ocrx_word' id='word_1_220' title='bbox 1639 3763 2065 3831; x_wconf 89' lang='lat' dir='ltr'><strong>multitudine</strong></span> <span class='ocrx_word' id='word_1_221' title='bbox 2123 3763 2584 3832; x_wconf 88' lang='lat' dir='ltr'><strong>innumerabili</strong></span> <span class='ocrx_word' id='word_1_222' title='bbox 2639 3766 2855 3832; x_wconf 88' lang='lat' dir='ltr'><strong>iisdem</strong></span> 
     </span>
     <span class='ocr_line' id='line_1_31' title="bbox 720 3878 2851 3972; baseline 0 -30"><span class='ocrx_word' id='word_1_223' title='bbox 720 3878 1011 3972; x_wconf 78' lang='lat' dir='ltr'><strong>moribus</strong></span> <span class='ocrx_word' id='word_1_224' title='bbox 1052 3880 1406 3970; x_wconf 87' lang='lat' dir='ltr'><strong>linguaque</strong></span> <span class='ocrx_word' id='word_1_225' title='bbox 1450 3892 1728 3960; x_wconf 86' lang='lat' dir='ltr'><strong>utentes,</strong></span> <span class='ocrx_word' id='word_1_226' title='bbox 1756 3883 1822 3947; x_wconf 89' lang='lat' dir='ltr'><strong>in</strong></span> <span class='ocrx_word' id='word_1_227' title='bbox 1855 3893 2139 3970; x_wconf 87' lang='lat' dir='ltr'><strong>quatuor</strong></span> <span class='ocrx_word' id='word_1_228' title='bbox 2180 3892 2403 3969; x_wconf 89' lang='lat' dir='ltr'><strong>gentes</strong></span> <span class='ocrx_word' id='word_1_229' title='bbox 2432 3880 2624 3948; x_wconf 85' lang='lat' dir='ltr'><strong>divisi</strong></span> <span class='ocrx_word' id='word_1_230' title='bbox 2653 3879 2851 3948; x_wconf 71' lang='lat' dir='ltr'><strong>fueret</strong></span> 
     </span>
     <span class='ocr_line' id='line_1_32' title="bbox 720 3990 2855 4086; baseline 0.002 -29"><span class='ocrx_word' id='word_1_231' title='bbox 720 3990 1008 4075; x_wconf 86' lang='lat' dir='ltr'><strong>Gothos,</strong></span> <span class='ocrx_word' id='word_1_232' title='bbox 1052 3995 1510 4086; x_wconf 88' lang='lat' dir='ltr'><strong>Hypogothos,</strong></span> <span class='ocrx_word' id='word_1_233' title='bbox 1552 3995 1866 4086; x_wconf 88' lang='lat' dir='ltr'><strong>Gepidas,</strong></span> <span class='ocrx_word' id='word_1_234' title='bbox 1914 4008 1986 4063; x_wconf 88' lang='lat' dir='ltr'><strong>et</strong></span> <span class='ocrx_word' id='word_1_235' title='bbox 2027 3995 2383 4065; x_wconf 85' lang='lat' dir='ltr'><strong>Vandalos.</strong></span> <span class='ocrx_word' id='word_1_236' title='bbox 2429 3995 2604 4063; x_wconf 89' lang='lat' dir='ltr'><strong>Cum</strong></span> <span class='ocrx_word' id='word_1_237' title='bbox 2646 3997 2855 4086; x_wconf 86' lang='lat' dir='ltr'><strong>Hypo-</strong></span> 
     </span>
     <span class='ocr_line' id='line_1_33' title="bbox 720 4104 2852 4204; baseline 0.002 -25"><span class='ocrx_word' id='word_1_238' title='bbox 720 4108 936 4200; x_wconf 73' lang='lat' dir='ltr'><strong>gothis</strong></span> <span class='ocrx_word' id='word_1_239' title='bbox 962 4110 1170 4181; x_wconf 71' lang='lat' dir='ltr'><strong>Gothi</strong></span> <span class='ocrx_word' id='word_1_240' title='bbox 1213 4116 1423 4204; x_wconf 86' lang='lat' dir='ltr'><strong>primo</strong></span> <span class='ocrx_word' id='word_1_241' title='bbox 1454 4113 1883 4195; x_wconf 88' lang='lat' dir='ltr'><strong>Pannoniam,</strong></span> <span class='ocrx_word' id='word_1_242' title='bbox 1911 4112 2140 4194; x_wconf 86' lang='lat' dir='ltr'><strong>deinde</strong></span> <span class='ocrx_word' id='word_1_243' title='bbox 2168 4136 2338 4182; x_wconf 90' lang='lat' dir='ltr'><strong>anno</strong></span> <span class='ocrx_word' id='word_1_244' title='bbox 2365 4115 2622 4203; x_wconf 88' lang='lat' dir='ltr'><strong>imperii</strong></span> <span class='ocrx_word' id='word_1_245' title='bbox 2650 4104 2852 4183; x_wconf 70' lang='lat' dir='ltr'><strong>Theo-2</strong></span> 
     </span>
    </p>
   </div>
  </div>
 </body>
</html>
