2950 5017
978 419 1180 465 mnu
1227 420 1519 475 omme
2218 405 2348 494 887

93 540 314 610 fecto
382 549 515 608 non
582 541 708 608 nisi
777 543 998 612 armis,
1031 542 1392 631 impiorum
1449 548 1692 608 manus
1746 532 2023 611 evadere
2073 540 2349 614 licebat.

85 658 202 726 ld
250 657 544 747 Bojardo
587 658 850 749 saepius
893 661 1291 728 nunciatum
1336 670 1474 739 est3
1515 654 1629 726 sed
1679 659 1880 726 nimis
1932 658 2180 750 placidi
2247 663 2352 730 in-

93 779 307 866 genii
355 779 485 857 vir,
529 777 647 866 qui
694 778 1030 844 neminem
1074 777 1296 865 capite
1347 774 1771 866 puniendum
1813 798 1952 843 esse
1995 776 2344 859 censebat,

91 891 303 959 nulli
373 911 676 982 unquam
744 914 986 958 manus
1053 891 1306 980 injecit.
1385 890 1704 959 Hercules
1771 891 2043 962 tandem
2109 897 2350 962 atrocis

91 1006 302 1092 facti
343 1007 618 1099 querela
670 1007 756 1075 ad
800 1031 871 1076 se
899 1007 1174 1091 delata,
1219 1007 1709 1076 Beltraminum
1753 993 2347 1092 Iurisconsuttnm‚

91 1129 252 1217 qni
319 1128 391 1194 in
454 1125 748 1195 latrones
812 1128 1104 1195 severius
1161 1127 1755 1217 animadverteret,
1800 1126 2092 1218 Regium
2140 1130 2346 1196 misit.

95 1244 190 1311 Is
243 1244 477 1311 urbem
507 1246 858 1334 ingressus,
891 1244 1137 1314 clausis
1166 1246 1399 1338 portis,
1429 1268 1740 1336 maguam
1790 1245 2089 1314 militum
2137 1268 2343 1315 manu

91 1364 406 1452 stipatos
448 1361 765 1430 satellites
794 1361 880 1429 ad
911 1364 1266 1453 capiendos
1304 1362 1709 1433 facinorosos
1737 1366 1834 1431 ire
1863 1362 2081 1450 jubet.
2130 1361 2350 1455 Squa-

97 1479 413 1559 dronus,
454 1477 577 1545 ubi
619 1501 690 1545 se
732 1480 872 1569 peti
923 1477 1274 1570 intelligit,
1316 1483 1389 1549 in
1433 1479 1576 1548 divi
1621 1479 1925 1572 Prosperi
1956 1482 2141 1550 ‘turri
2187 1504 2346 1564 cum

95 1598 318 1663 sociis
361 1618 429 1661 se
472 1598 742 1663 muniit.
789 1594 893 1662 Eo
936 1599 1111 1663 cives
1156 1597 1242 1663 ad
1288 1595 1803 1689 opprimendum
1842 1600 2158 1665 sicarium
2189 1577 2347 1667 con·

112 1712 422 1780 fluentes
465 1712 764 1802 undique
810 1712 1157 1781 occlusum
1203 1713 1542 1783 obsident.
1584 1713 1877 1792 Iacobus
1919 1691 2179 1783 Sessias
2230 1714 2353 1814 ho-

100 1831 378 1894 minem
424 1828 509 1894 ad
553 1828 965 1896 deditionem
1016 1828 1306 1910 hortari,
1351 1831 1628 1898 suadere
1686 1843 1767 1897 ut
1811 1828 2095 1897 humani
2142 1853 2351 1922 quae-

99 1946 314 2012 storis
353 1943 512 2014 fidei
556 1968 624 2011 se
669 1947 1091 2013 committere
1134 1969 1272 2015 nou
1317 1946 1624 2014 dubitet:
1671 1960 1904 2016 contra
1950 1946 2069 2014 ille
2113 1948 2344 2017 solum

105 2087 155 2128 a
205 2085 281 2128 se
325 2065 675 2133 inimicum
723 2066 1022 2132 occisum
1068 2063 1319 2146 dicere,
1369 2088 1451 2132 ac
1510 2066 1845 2133 commissi
1888 2066 2189 2133 criminis
2233 2090 2349 2133 ne—

101 2181 495 2246 cessitatem
521 2201 881 2260 ‚excusare.
914 2179 1096 2252 Tum
1128 2179 1451 2262 Iacobus,
1497 2184 1555 2248 si
1602 2179 1789 2249 aliud
1834 2183 2084 2272 inquit,
2129 2180 2347 2274 Squa-

103 2295 351 2375 drone,
381 2319 516 2363 non
550 2298 829 2385 patrasti
875 2298 946 2363 in
992 2319 1217 2364 meam
1262 2294 1463 2393 fidem
1505 2296 1772 2365 salvum
1805 2310 1872 2364 te
1903 2296 2041 2367 fore
2074 2301 2343 2389 recipio.
2476 2323 2485 2356 f

108 2411 226 2476 Ad
285 2409 456 2478 haec
521 2411 726 2479 verba
794 2435 949 2478 cum
999 2412 1452 2494 ‚descendisset
1523 2436 1682 2480 cum
1730 2416 1925 2481 sociis
1969 2416 2347 2504 quaestioni

107 2526 512 2608 subiicitur,
567 2529 689 2617 qui
746 2530 1098 2600 innumera
1167 2527 1630 2619 horrendaque
1700 2527 1991 2597 facinora
2063 2528 2346 2600 confessi

107 2668 348 2711 omnes
391 2667 678 2714 numero
717 2644 1067 2713 duodecim
1115 2645 1200 2713 ad
1246 2646 1506 2714 trabem
1550 2646 1800 2737 laqueo
1844 2648 2060 2713 necati
2103 2646 2339 2737 dignas

111 2758 316 2828 factis
365 2783 609 2850 poenas
650 2761 1000 2830 dederunt.

251 2877 382 2943 Per
412 2900 525 2945 eos
553 2877 693 2945 dies
722 2878 1106 2946 Leonardus
1136 2876 1502 2946 Folleanus
1532 2877 1879 2969 Can-pineti
1923 2879 2342 2969 praepositus

107 3016 274 3059 cum
329 2987 533 3060 Baisii
578 2992 1031 3061 archiflamine
1074 2992 1286 3086 Regio
1334 2992 1656 3084 expulsus
1700 2992 1997 3061 Baisium
2053 3016 2125 3062 sc
2185 3018 2346 3062 con·-

108 3109 309 3176 tulit.
356 3107 558 3178 Cives
615 3109 908 3178 seditiosi
938 3110 1258 3199 ‚hominis
1314 3111 1662 3200 ingenium
1715 3113 1911 3179 veriti
1980 3109 2067 3178 ad
2132 3133 2344 3202 expu-

110 3226 463 3314 gnandum
511 3225 861 3293 castellum
897 3239 1159 3293 armata
1190 3250 1396 3294 mauu
1431 3224 1976 3316 proficiscuntur3
2006 3227 2120 3295 sed
2151 3249 2343 3295 mon·

111 3345 296 3410 tanis
359 3342 454 3410 oh
518 3341 655 3412 loci
723 3346 1294 3434 opportunitatem
1354 3366 1425 3411 se
1487 3342 1753 3413 fortiter
1807 3346 2194 3428 tuentibus,
2248 3369 2341 3415 no

110 3460 391 3545 majoris
437 3458 774 3527 tumultus
819 3462 1079 3528 occasio
1123 3439 1591 3551 praeberetur,
1637 3485 1708 3529 re
1752 3460 2008 3530 infecta
2053 3462 2343 3534 domum

110 3586 556 3644 reverterunt.
611 3576 860 3644 Pacata
912 3579 1221 3659 civitate,
1288 3580 1568 3657 maximi
1645 3591 2005 3669 apparatus
2071 3593 2340 3671 propter

111 3695 449 3783 principes
477 3695 600 3785 qui
628 3693 1163 3784 expectabantur
1192 3692 1331 3763 fieri
1365 3708 1752 3787 coeperunt.
1799 3694 2121 3763 Hercules
2155 3696 2341 3763 enim

111 3809 327 3900 pridie
381 3833 591 3878 nonas
648 3814 911 3902 augusti
960 3811 1250 3900 Regium
1297 3836 1456 3880 cum
1504 3812 2025 3904 Archiepiscopo
2072 3810 2343 3881 Raven-

113 3941 272 3994 natc
340 3925 726 4018 profectus,
793 3930 1162 3996 Ascanium
1231 3928 1694 4010 cardinalem,
1761 3952 1919 3996 cum
1989 3927 2349 3999 Ludovssico

113 4041 369 4113 Sfortia
433 4041 670 4126 fratre,
716 4057 785 4110 et
831 4044 1024 4112 Duce
1069 4043 1454 4114 Mediolani·
1492 4069 1581 4112 ex
1641 4043 1844 4113 fratre
1900 4054 2178 4137 nepote,
2224 4068 2340 4113 ve-

113 4162 415 4231 nientem
444 4161 577 4231 sub
609 4174 842 4228 aurata
874 4161 1173 4231 umbella
1203 4162 1731 4254 splendidissima
1762 4165 2010 4255 pompa
2035 4163 2332 4253 excepit.
