2950 5017
938 438 1136 483 mana
1180 439 1469 493 cmm-us
2172 421 2300 509 32?

71 561 633 631 Florentinorum
665 557 841 627 duce
870 560 1108 630 acriter
1146 562 1494 650 impetitus
1523 558 1886 640 Mutinam,
1917 558 2301 650 et.Regium

77 703 137 749 se
199 681 521 769 recipere
563 689 836 747 coactus
879 674 1047 746 fuit.
1109 677 1212 744 Ea
1264 689 1526 767 arrepta
1586 679 1923 747 occasione
1967 677 2300 746 Pontificii

81 794 640 864 Carrariensihus
686 793 1024 879 conjuncti
1056 817 1210 861 cum
1246 795 1552 861 trecentis
1578 792 2018 887 cataphractis
2047 797 2118 863 in
2148 819 2306 887 agro

79 926 294 981 nostro
342 909 694 1002 quidquid
740 910 1013 979 obviam
1060 912 1458 978 invenerunt
1513 934 1600 977 ex
1644 923 1943 999 ternpore
1986 925 2145 980 sunt
2188 914 2302 981 de-

81 1027 413 1117 praedati.
466 1026 709 1093 Petrus
760 1048 1033 1116 quoque
1079 1025 1448 1116 Corrigius,
1493 1028 1612 1116 qui
1659 1024 1778 1092 diu
1832 1024 2025 1108 exul,
2071 1052 2149 1095 ac
2193 1029 2306 1097 de-

81 1168 268 1213 mum
312 1146 681 1227 restitutus
725 1146 1008 1233 pecunia
1053 1167 1094 1210 a
1138 1143 1540 1212 Florentinis
1574 1155 1850 1233 accepta
1882 1168 1921 1210 a
1951 1143 2301 1218 Galleacio

84 1259 441 1343 defecerat,
491 1282 818 1350 magnum
860 1260 1318 1351 Regiensihus,
1364 1274 1432 1328 et
1477 1260 1945 1342 Parmensibus
1976 1259 2304 1352 'timorem

84 1383 391 1448 incussit.
442 1379 603 1446 Nec
667 1377 886 1447 multo
939 1390 1087 1470 post
1138 1383 1394 1459 evenit,
1439 1390 1522 1444 ut
1566 1378 1887 1446 Nicolaus
1943 1379 2306 1452 Folleanus

92 1522 285 1588 eques
330 1522 374 1565 a
420 1497 807 1567 Boccadoro
852 1508 1095 1586 agnato
1142 1497 1411 1564 homine
1466 1494 2029 1570 facinerosissimo
2083 1512 2153 1566 et
2206 1500 2304 1568 la-

96 1617 374 1683 trociniis
409 1626 682 1686 assueto
710 1591 1144 1682 occideretur.
1191 1612 1418 1681 Tertio
1461 1616 1641 1684 enim
1688 1637 1898 1683 nonas
1928 1613 2082 1700 julii
2121 1639 2307 1699 aum?

99 1755 198 1800 mo
240 1755 444 1814 mane
493 1734 802 1821 quinque
845 1728 1001 1797 filiis
1046 1730 1228 1799 dorni
1277 1730 1765 1798 dormientibus
1808 1730 2082 1813 relictis,
2126 1732 2308 1802 Ron-

97 1846 351 1914 danaria
416 1871 586 1914 cum
650 1846 988 1916 sacerdote
1034 1869 1359 1935 egressus,
1415 1858 1496 1913 ut
1548 1848 1746 1913 sacris
1804 1848 2176 1930 interesset,
2221 1849 2309 1918 ad

101 1961 313 2031 fanum
360 1965 500 2032 snb
550 1964 805 2044 castelli
841 1964 1191 2038 moenibus
1230 1968 1433 2030 situm
1466 1987 1536 2030 se
1566 1962 1982 2045 contulerat3
2015 1966 2110 2032 ihi
2141 1965 2309 2034 Boc-

104 2079 387 2161 cadorus,
417 2081 538 2167 vel
586 2093 665 2147 ut
711 2080 823 2147 alii
868 2080 1167 2150 scribunt
1206 2079 1489 2148 Carolus
1534 2079 1678 2166 ejus
1724 2078 1941 2161 filius,
1971 2082 2093 2170 qui
2137 2104 2304 2151 cum

106 2198 320 2285 viginti
367 2201 629 2265 sicariis
676 2201 746 2265 in
796 2196 1049 2287 templo
1100 2196 1425 2277 latuerat,
1471 2199 1924 2289 propinquum
1958 2221 2309 2289 *aggressus

111 2313 445 2383 crudeliter
481 2315 880 2384 trucidavit:
912 2314 1155 2381 liberos
1186 2318 1388 2384 etiam
1424 2337 1583 2381 cum
1616 2313 1894 2384 castello
1937 2318 2312 2406 opprimere

111 2434 525 2519 cogitaverat,
555 2433 670 2499 sed
702 2444 969 2522 repente
995 2430 1268 2501 sublato
1299 2443 1503 2521 ponte
1533 2431 1866 2513 exclusus,
1886 2456 2001 2523 spe
2031 2431 2308 2502 frustra-
2400 2521 2409 2534 ἱ

116 2559 211 2614 tus
249 2547 403 2618 fuit.
464 2550 756 2619 Carolus
807 2562 882 2622 et
919 2550 1287 2631 ‘Gibertus‚
1352 2561 1435 2616 ut
1501 2550 1941 2619 miserandam
2012 2554 2306 2641 parentis

118 2686 323 2732 necem
362 2668 870 2747 ulciscerentur,
898 2666 1122 2734 valida
1167 2669 1495 2735 sociorum
1545 2690 1754 2733 manu
1797 2665 2113 2747 collecta,
2145 2667 2308 2735 Via-

122 2804 260 2848 num
304 2784 670 2854 Boccadori
715 2784 1084 2852 castellum‘
1133 2785 1564 2863 adoriuntur,
1609 2807 1750 2873 quo
1796 2806 1953 2850 cum
2023 2807 2175 2851 arce
2240 2788 2315 2853 vi

109 2917 508 2992 expugnato,
546 2916 820 2993 captum
853 2903 1306 2972 Boccadorum
1355 2900 1857 2971 Rondanariam
1905 2900 2197 2985 ducunt,
2242 2914 2319 2971 ct

121 3017 180 3082 in
219 3019 398 3102 loco,
443 2996 568 3089 ubi
617 3022 939 3089 Nicolaus
995 3019 1435 3099 occubuerat,
1505 3019 1650 3106 ejus
1720 3020 2034 3088 manibus
2078 3043 2317 3110 paren-

130 3144 320 3204 tantes
366 3138 559 3206 velut
604 3141 943 3205 victimam
1003 3134 1436 3225 jugularunt.
1486 3135 1782 3203 Vianum
1831 3133 2146 3217 Carolus,
2191 3136 2314 3204 Gi-

130 3246 327 3320 bertus
372 3279 532 3324 vero
579 3254 957 3330 Romanum
990 3253 1175 3321 aliud
1212 3251 1570 3324 Boccadori
1604 3252 1953 3321 castellnm
1990 3254 2312 3324 obtinuit.

245 3367 333 3435 At
372 3372 664 3447 Joannes
718 3370 1102 3440 Galleacius
1172 3369 1609 3459 extinguendi
1678 3371 1966 3438 nominis
2010 3368 2315 3461 Guelphi

134 3484 390 3571 ‚cupidus
436 3488 830 3556 Albericum
875 3487 1278 3554 Balbianum
1327 3487 1536 3555 Cunii
1581 3485 1915 3556 Comitem
1970 3511 2059 3555 ex
2102 3510 2317 3556 carce-

135 3594 295 3666 ribus
337 3601 699 3673 liberatum
762 3617 1036 3672 centum
1104 3603 1688 3693 cataphractorum
1759 3602 1905 3671 alae
1958 3601 2316 3694 praefecit,

131 3715 229 3779 cui
271 3718 388 3787 soli
432 3747 501 3790 se
549 3723 906 3814 plusquam
956 3724 1190 3812 ceteris
1222 3722 1537 3804 omnibus
1568 3722 1863 3790 ducibus
1891 3720 2135 3788 debere
2164 3719 2328 3787 Itali

138 3823 530 3909 fatebantur.
576 3842 837 3910 Primus
889 3845 1067 3909 enim
1133 3854 1388 3911 nostros
1455 3864 1642 3907 arma
1716 3863 1983 3930 gerere,
2028 3837 2327 3921 ordines,

140 3948 429 4046 ⁸iguaque
473 3984 761 4044 servare,
805 3973 875 4028 et
921 3984 1040 4051 pro
1081 3961 1379 4041 scorteis,
1409 3957 1632 4027 ferreis
1661 3958 1881 4028 loricis
1915 3960 2017 4025 uti
2051 3956 2322 4026 docuitz

143 4084 261 4151 quo
300 4070 548 4145 factum
579 4090 705 4160 est,
749 4091 828 4147 ut
877 4102 1034 4146 cum
1082 4060 1300 4146 antea·
1326 4080 1464 4146 sine
1509 4079 1801 4145 externis
1846 4073 2119 4145 auxiliis
2163 4074 2325 4142 Itali

145 4175 372 4258 bellum
417 4217 631 4286 gerere
676 4220 813 4266 non
859 4208 1163 4287 possent,
1208 4220 1295 4264 ex
1340 4219 1421 4265 eo
1471 4208 1766 4286 tempore
1810 4217 1944 4265 non
1992 4192 2213 4264 solum
2257 4215 2329 4260 se
