2950 5017
961 439 1164 484 urana
1209 439 1503 496 Qum‘rus
2198 425 2331 495 363

60 556 538 629 nefe'cturis
584 557 868 640 donatis,
896 561 1015 650 qui
1046 559 1298 630 vexillo
1344 560 1674 643 militum,
1705 561 1814 630 vel
1844 564 2095 654 oppido
2137 588 2332 656 prae·

61 688 265 758 rant,
334 677 670 745 comites
709 675 1142 757 dicebantur,
1195 676 1277 744 rit
1343 701 1431 745 ex
1471 667 1906 768 'quibusdam
1952 679 2329 750 Constantii

58 806 100 861 tt
150 794 595 872 Iustiniani
647 793 1237 862 constitutionibus
1289 792 1843 885 deprehendimus
1872 797 1970 865 (ι).
2017 796 2153 865 S'ed
2206 802 2328 889 qui

58 914 428 981 iniversae
485 912 886 1003 provinciae
932 910 1264 979 militibus
1302 913 1705 1003 imperabat,
1733 911 1900 981 Dux
1930 916 2322 999 vocabatur,

58 1051 262 1118 [uem
321 1030 408 1094 in
493 1026 863 1118 publicum
921 1039 1233 1109 euntem,
1276 1051 1398 1095 sex
1444 1032 1869 1098 antecessisse
1922 1034 2330 1120 apparitores

58 1144 532 1236 bampridius
583 1156 917 1214 memorat
945 1144 1038 1212 (δ).
1086 1146 1264 1213 Hinc
1309 1149 1514 1214 etiam
1560 1150 1771 1215 nostri
1811 1151 2126 1238 temporis
2154 1148 2332 1217 Mar·

56 1262 332 1331 chiones
387 1274 645 1331 ortum
693 1261 939 1330 habere
982 1262 1319 1345 videntur,
1363 1287 1520 1331 cum
1561 1264 1796 1332 Marca
1838 1264 2072 1333 limitis
2117 1268 2331 1356 regio·

56 1341 541 1469 nemmgua
589 1378 990 1446 Germanica
1041 1378 1405 1471 significet3
1450 1380 1635 1448 unde
1679 1392 1749 1449 et
1792 1383 1864 1449 in
1910 1381 2111 1448 Italia
2154 1381 2329 1452 duae

56 1494 387 1564 marchae
439 1495 677 1578 altera
720 1498 791 1563 in
836 1495 1128 1564 Venetia
1143 1548 1165 1578 ,
1210 1496 1422 1565 altera
1466 1500 1538 1565 in
1584 1498 1857 1579 Piceno,
1899 1522 2076 1588 quae
2120 1498 2332 1566 Grae-

57 1635 295 1680 corum
373 1624 460 1679 et
542 1611 1139 1701 Longobardorum
1209 1611 1373 1680 fines
1437 1612 1880 1694 dirimebant,
1947 1612 2328 1704 appellatae

69 1727 380 1811 fuerunt,
457 1733 603 1797 etsi
673 1729 791 1798 alii
837 1753 880 1797 a
924 1733 1091 1798 mari
1136 1730 1450 1798 Marchae
1496 1755 1743 1800 nomen
1805 1729 2071 1800 infirmo
2133 1754 2326 1822 argu-

67 1859 295 1915 mento
326 1847 662 1914 derivare
699 1857 1067 1915 conantur:
1111 1849 1230 1937 qui
1276 1869 1427 1937 ergo
1473 1846 1587 1915 vel
1628 1847 1980 1938 oppidum,
2010 1870 2126 1914 seu
2159 1849 2329 1915 civi-

79 1975 324 2044 tatem,
359 1963 490 2033 vel
525 1967 869 2054 regionem
914 1963 1336 2054 Imperatoris
1380 1963 1707 2034 beneficio
1750 1965 2048 2033 obtinere
2093 1977 2329 2055 potue-

80 2095 259 2163 ruut,
286 2081 649 2162 Comites,
679 2081 1092 2150 Marchiones
1117 2073 1194 2149 'et
1220 2083 1443 2150 Duces
1486 2107 1608 2172 pro
1652 2081 2095 2173 amplitudine
2142 2106 2330 2173 prae-

86 2196 378 2267 fecturae
425 2180 669 2269 vocari
710 2213 1092 2290 coeperunt.
1139 2200 1418 2268 Primus
1448 2202 1519 2267 in
1566 2199 1798 2281 Italia,
1829 2199 2094 2277 Justino
2124 2199 2330 2277 Justi·

90 2320 262 2385 niani
322 2317 476 2387 filio
544 2321 950 2408 imperante,
994 2318 1335 2409 Longinus
1380 2319 1746 2386 Ravennae
1790 2317 2145 2386 Exarchus
2190 2339 2326 2387 non

90 2438 601 2525 provinciarum
647 2436 1008 2527 praesides,
1039 2448 1120 2504 ut
1150 2451 1381 2520 antea,
1411 2438 1528 2505 sed
1566 2436 2004 2528 singularium
2049 2437 2328 2505 urbium

95 2556 526 2644 magistratus
575 2553 782 2621 duces
826 2563 1096 2623 vocatos
1126 2558 1402 2624 cre'avit.
1437 2556 1679 2644 Postea
1708 2567 1868 2622 cur‘n
1899 2552 2324 2644 Longobardi

95 2667 351 2739 ltaliam
400 2673 847 2752 invasissent,
887 2670 1120 2762 Cephe
1165 2695 1313 2762 rege
1358 2694 1585 2753 caeso,
1629 2671 1769 2758 jam
1817 2693 2049 2760 regum
2099 2682 2329 2759 tyran-

99 2787 308 2857 nidem
355 2794 557 2859 exosi
604 2803 674 2857 et
718 2791 847 2880 ipsi
892 2791 1168 2880 triginta
1204 2812 1323 2856 sex
1362 2787 1563 2855 duces
1608 2785 1890 2877 singulis
1934 2787 2326 2855 civitatibus

105 2902 199 2987 jus
238 2904 547 2975 dicturos
582 2905 865 2996 Longini
910 2893 1220 2995 exemplo
1264 2915 1684 2971 creaverunt.
1719 2903 1810 2970 Hi
1843 2901 2110 2970 Tiberio
2142 2901 2320 2972 Con-

105 3023 535 3114 stantinopoli
582 3020 951 3113 imperante
990 3024 1253 3089 circiter
1282 3013 1539 3088 annum
1582 3041 1873 3087 nnxxvn
1920 3043 1960 3087 a
2003 3018 2327 3087 Samniti-

107 3134 223 3204 bus
265 3139 353 3207 ad
399 3140 615 3232 Alpes
658 3152 917 3231 praeter
978 3138 1219 3206 urbem
1264 3137 1552 3207 Romam
1621 3151 1691 3207 et
1757 3149 2029 3229 portum
2095 3139 2323 3206 omnia

109 3251 223 3319 sub
263 3278 384 3327 suo
430 3260 719 3348 imperio
765 3269 1158 3325 tenuerunt.
1207 3255 1408 3325 Anno
1453 3267 1686 3348 postea
1731 3277 2113 3323 nccxxxvn
2161 3277 2322 3323 cum

111 3368 235 3442 Leo
272 3373 652 3467 Imperator
695 3375 1096 3447 Sanctorum
1143 3378 1466 3468 imagines
1514 3374 1750 3443 abradi
1801 3374 2129 3463 jussisset,
2175 3372 2324 3442 Ste-

116 3486 359 3577 phanus
389 3477 506 3563 vel
555 3508 638 3564 ut
681 3494 797 3563 alii
839 3494 1107 3563 malunt
1137 3494 1497 3586 Gregorius
1525 3473 1842 3563 Pontifex
1884 3515 2088 3585 prope
2133 3491 2321 3560 mille

120 3608 564 3703 episcoporum
596 3614 857 3683 Romae
894 3627 1125 3682 coacta
1169 3615 1426 3705 synodo
1469 3613 1538 3680 id
1585 3612 1725 3681 fieri
1771 3612 2138 3703 probibuit.
2186 3610 2322 3678 Sed

123 3745 262 3795 cum
324 3734 394 3799 in
463 3736 740 3826 pristina
811 3736 1120 3825 opinione
1176 3733 1384 3801 durus
1451 3733 1821 3822 Imperator
1870 3739 2320 3823 permaneret,

126 3843 303 3928 primi
343 3846 808 3933 Ravennates,
855 3871 1020 3919 mox
1064 3849 1386 3918 Venetiae
1440 3847 1682 3940 populi
1747 3847 1894 3936 ejus
1961 3837 2322 3940 imperium

200 4119 275 4188 (ι)
302 4121 365 4175 Ia.
395 4143 443 4177 a.
477 4145 521 4180 e.
553 4128 617 4182 de
650 4128 786 4183 baar.
819 4129 992 4183 decor.
1024 4128 1062 4181 1.
1107 4145 1168 4182 n.
1200 4129 1242 4198 ς.
1275 4144 1373 4198 pro
1405 4124 1700 4184 limitandis
1732 4142 1779 4180 c.
1810 4124 1876 4179 de
1910 4130 2009 4181 vet.
2042 4123 2113 4206 in,
2135 4137 2255 4176 enu.

201 4210 277 4282 (ι)
307 4213 369 4268 lu
402 4219 717 4277 Anax-nam.
