2950 5017
874 469 882 496 =.
924 461 1132 521 menn
1174 468 1471 519 ocravus
2163 453 2294 521 565

197 589 325 661 His
389 587 609 660 malis*
654 593 927 660 accessit
969 592 1155 684 quod
1201 590 1455 661 Paulus
1498 586 1817 661 Pontifex
1836 641 1856 674 ,
1902 614 2066 683 pace
2125 615 2286 661 cum

49 707 380 800 ‚²hilipp0
424 711 627 790 inita,
673 708 1070 791 Herculem,
1114 732 1324 799 quem
1387 708 1471 775 ad
1539 705 1801 775 bellum
1854 710 2251 776 incitaverat
2265 717 2294 788 ,'

52 827 301 915 nique
347 823 660 892 exclusit.
706 823 833 891 Ille
895 825 982 892 ad
1047 824 1345 894 hostium
1415 826 1750 914 impetum
1818 823 2304 891 sustinendum'

49 954 330 1031 praeter
394 958 491 1009 ter
559 940 751 1008 mille
817 940 1105 1031 pedites',
1176 953 1247 1008 et
1313 952 1590 1010 centum
1634 939 2122 1031 cataphractos,
2164 941 2288 1032 qui

49 1057 360 1147 Regium
405 1056 803 1140 tuebantur,
848 1056 987 1124 alia·
1024 1059 1230 1123 etiam
1276 1068 1432 1126 octo
1478 1054 1693 1123 millia
1736 1054 2085 1146 peditum,
2130 1077 2296 1123 cen-

49 1196 355 1264 :umque
399 1172 865 1264 cataphractos
910 1185 982 1240 et
1024 1172 1545 1264 quadringentos
1594 1170 1862 1244 levioris
1907 1181 2288 1238 armaturae

49 1294 333 1383 writes
373 1290 621 1358 habere
664 1290 1064 1371 dicebatur;
1111 1314 1201 1358 ex
1254 1290 1507 1382 quibus
1572 1312 1735 1358 cum
1801 1287 2129 1380 plurimos
2173 1288 2292 1357 Al-

49 1409 366 1499 phonsus
395 1409 686 1499 Regium
718 1407 1129 1490 deduxisset,
1173 1423 1323 1476 octo
1368 1406 1577 1476 ferme
1621 1404 1812 1474 mille
1856 1405 2194 1497 peditum‚‘
2217 1420 2291 1473 et

49 1523 251 1592 tuille
300 1526 614 1615 equitum
673 1523 1081 1615 praesidium
1127 1523 1282 1590 urbi
1332 1525 1677 1614 imposuit.
1723 1520 1835 1588 Ex
1877 1517 1982 1589 bis
2026 1523 2287 1589 circiter

49 1655 344 1709 centum
404 1641 660 1736 pedites
703 1640 965 1709 decimo
1009 1651 1252 1710 octavo·
1291 1639 1608 1708 calendas
1651 1638 1947 1709 octobris
1992 1639 2078 1706 ad
2122 1638 2290 1707 Cor·-
2353 1654 2358 1662 '

49 1761 207 1849 rigii
258 1756 427 1826 fines
471 1755 752 1849 profecti
775 1809 794 1838 ,
838 1769 920 1824 ut
965 1759 1144 1826 cives
1168 1756 1602 1825 ‘vindemiam
1641 1753 1948 1824 'facturos
2016 1754 2108 1826 ab,
2171 1755 2298 1825 ho-

49 1879 274 1946 stium
322 1867 569 1964 injuria
618 1887 987 1958 tuerentur,
1016 1878 1087 1943 in
1120 1875 1387 1943 insidias
1431 1875 1834 1944 inciderunt.
1874 1873 2036 1943 Non
2082 1874 2172 1943 ob
2216 1873 2283 1940 id

49 2008 298 2061 tamen
343 1997 568 2061 animo
605 1991 957 2075 deficiunt,
987 1992 1103 2061 sed
1133 1991 1314 2061 facto
1359 1992 1562 2083 globo
1605 1992 1904 2061 hostium
1953 1992 2288 2081 impetum

49 2111 333 2182 fortiter
394 2113 756 2180 sustinent.
825 2110 974 2179 Nec
1041 2099 1275 2179 virtuti
1345 2109 1619 2179 fortuna
1686 2108 1943 2178 defuit.
2005 2107 2298 2178 Strenue

49 2231 251 2296 enim
300 2228 757 2319 pugnantibus
802 2237 1083 2294 centum
1138 2249 1225 2294 ex
1277 2229 1522 2295 nostris
1574 2225 2024 2317 cataphractis
2065 2249 2298 2318 super·-

50 2347 383 2425 veniunt‘,
413 2345 560 2435 qui,
594 2343 1122 2433 corrigiensibus
1166 2346 1382 2434 primo
1425 2345 1690 2434 impetu
1719 2341 2290 2435 profligatis,·plu-
2347 2399 2350 2402 .

49 2464 277 2530 timos
318 2459 739 2542 occiderunt,
793 2471 864 2527 et
912 2471 1187 2529 centum
1256 2462 1521 2550 parium
1577 2459 1789 2528 boum
1832 2458 2150 2549 praedam
2196 2456 2295 2525 fe-

49 2571 343 2646 cerunt:
391 2575 668 2644 demum
714 2578 1104 2667 octuaginta
1150 2589 1405 2665 septem
1455 2573 1731 2656 milites,
1779 2572 2082 2664 aliosque
2118 2571 2294 2642 Gor-

51 2697 239 2787 rigio
291 2692 605 2763 oriundos
659 2695 853 2762 vivos
903 2706 1255 2783 ceperunt,
1312 2703 1383 2758 et
1426 2693 1689 2759 vinctos
1731 2689 2016 2780 Regium
2080 2689 2293 2758 duxe-

54 2823 254 2881 runt.
300 2810 556 2881 Contra
601 2808 928 2878 Octavius
974 2810 1324 2876 Far-nesius
1368 2808 1672 2899 quinque
1740 2806 2035 2875 millium
2103 2806 2296 2898 pedi-

57 2943 259 3011 tum,
306 2939 378 2995 et
421 2930 961 3018 octingentorum
1019 2929 1331 3017 equitum
1376 2926 1586 3016 copiis
1630 2926 2036 3007 instructus,
2086 2925 2302 2993 Nicea

57 3047 348 3116 flumine
404 3057 751 3138 superato,
795 3037 869 3112 in
924 3046 1152 3136 primis
1197 3043 1684 3126 Monticulum,
1739 3046 2022 3134 turpiter
2061 3066 2138 3111 se
2181 3042 2298 3110 de·

58 3163 391 3232 dentibus
458 3162 893 3254 praesidiariis
960 3160 1327 3241 militibus,
1397 3160 1641 3229 deinde
1703 3158 1776 3228 S.
1833 3158 2160 3243 Paulum,
2227 3171 2300 3228 et

60 3282 384 3367 Quatuor
428 3279 759 3361 castella,
804 3282 1073 3349 nemine
1122 3279 1438 3347 obstante
1460 3329 1482 3359 ,
1522 3281 1800 3346 ineunte
1843 3301 2074 3346 mense
2117 3287 2301 3347 octo-

61 3400 197 3482 bri,
244 3401 628 3491 occupavit.
675 3396 995 3466 Hercules
1041 3420 1205 3465 vero
1248 3399 1369 3487 qui
1413 3399 1594 3464 intra
1640 3397 1907 3466 moenia
1972 3418 2043 3463 se
2112 3396 2296 3464 tueri

62 3517 454 3586 decreverat
487 3540 695 3585 omne
738 3513 1016 3585 foenum
1066 3526 1136 3581 et
1180 3525 1580 3595 stramenta,
1634 3509 1813 3605 quae
1866 3516 1936 3581 in
1971 3501 2300 3583 ‘hostium

61 3646 473 3727 potestatem
520 3637 744 3703 venire
788 3633 1092 3716 nolebat,
1129 3634 1310 3701 intra
1345 3633 1589 3701 urbem
1621 3632 1776 3700 duci
1821 3643 1944 3699 aut
1987 3621 2297 3701 comburi

64 3758 455 3846 praecepit3
498 3754 681 3845 quod
724 3777 885 3823 cum
927 3751 1379 3844 negligentius
1421 3754 1601 3821 cives
1645 3761 2176 3840 exequerentur,
2222 3760 2296 3816 et

65 3872 382 3964 pluribus
426 3875 633 3941 etiam
678 3849 986 3960 jumenta
1016 3872 1266 3963 quibus
1315 3870 1762 3938 abduceretur
1793 3868 2122 3949 deessent,
2169 3868 2300 3935 mi·

67 3989 223 4059 lites
293 3990 647 4078 dejiciendi
714 3987 895 4059 foeni
972 3989 1286 4058 molestia
1360 3987 1651 4079 pertaesi
1718 3982 2074 4053 confestim
2145 3986 2301 4076 ign‘e

71 4104 437 4178 foenilibus
480 4108 756 4197 injecto,
788 4105 983 4198 plura
1030 4117 1231 4189 tecta,
1265 4103 1594 4196 aedesque
1637 4105 1707 4171 in
1754 4100 2061 4193 Copriaei
2111 4102 2299 4169 terri-

72 4229 250 4299 torio
293 4225 650 4297 crudeliter
692 4223 1176 4308 incenderunt3
1220 4246 1400 4315 quae
1445 4220 1777 4293 acerbitas
1842 4244 1982 4291 non
2048 4239 2297 4313 paucos
