2950 5017
864 488 871 496 ι
911 426 1114 470 um
1154 425 1497 473 steunnus
2167 430 2292 499 ro?

81 544 535 638 chirographo
553 595 577 627 ,
617 546 730 613 cui
774 544 1132 626 mathilda,
1176 544 1468 614 Adelaus
1512 543 1977 616 Sabaudiensis
2020 546 2291 632 Comes,

83 675 150 731 et
189 661 675 731 cluniacensis
717 660 948 728 Abbas
1005 660 1561 752 subscripserunt,
1602 685 1671 729 se
1713 662 2053 734 Pontificis
2102 689 2292 758 man·

75 775 626 845 data-facturum
671 773 994 866 professus
1023 787 1145 844 est.
1188 777 1546 845 Caeterum
1578 781 1814 870 *paucis
1846 792 1996 870 post
2024 780 2288 863 diebus,

77 908 156 962 ut
197 893 620 983 Gregorium
661 892 911 960 insidiis
954 896 1376 983 interciperet
1417 895 1503 961 ad
1540 894 1842 963 Canussii
1871 896 2070 978 fines,
2099 900 2291 987 quasi

80 1009 270 1076 aliud
314 1032 559 1099 agens,
618 1030 776 1075 oum
837 1011 1041 1099 copiis
1084 1022 1188 1076 est
1228 1023 1627 1090 remoratus3
1671 1011 1816 1091 sed,
1866 1011 1984 1080 illo
2029 1016 2292 1080 cautius

86 1125 509 1206 discedente,
554 1124 674 1191 ubi
718 1147 788 1191 se
831 1121 1225 1193 frustratum
1270 1127 1472 1202 vidit,
1517 1126 1743 1216 palam
1789 1126 2136 1216 explicatis
2180 1152 2295 1195 ve-

89 1242 266 1309 xillis
307 1235 612 1310 Romam
667 1238 997 1331 profectus
1049 1241 1405 1320 Gibertum
1467 1243 1890 1310 Parmensem
1937 1243 2293 1311 Ravennae

91 1358 686 1450 Archipraesulem
736 1358 1280 1448 Antipontificem
1345 1359 1742 1441 declaravit,
1788 1374 1859 1426 et
1902 1360 2291 1450 Gregorium

98 1476 282 1555 velut
323 1479 559 1542 minus
606 1475 731 1540 rite
781 1486 1078 1540 creatum
1124 1475 1193 1541 vi
1235 1475 1528 1564 expulit.
1572 1476 1737 1545 Mox
1779 1479 1850 1543 in
1894 1475 2291 1543 mathildam

98 1616 214 1682 pro
257 1588 586 1659 Pontifice
627 1592 1020 1657 sentientem
1059 1592 1346 1657 immani
1410 1591 1598 1659 rabie
1662 1613 2037 1674 conversus,
2079 1593 2294 1681 primo

101 1706 614 1787 nontebeuum,
659 1707 781 1773 ubi
828 1708 1032 1773 etiam
1075 1704 1292 1774 filium
1333 1710 1409 1777 in
1452 1706 1706 1798 praelio
1752 1710 2007 1790 amisit,
2036 1719 2293 1776 armata

107 1828 179 1891 vi
222 1826 671 1914 expugnavit,
716 1818 993 1904 deinde,
1035 1845 1191 1890 cum
1235 1824 1427 1913 Regii
1492 1848 1562 1891 se
1629 1823 2043 1918 aliquamdiu
2086 1827 2296 1893 eonti-

107 1943 382 2019 nnisset,
427 1939 733 2006 Parmam
794 1962 864 2006 se
920 1940 1174 2006 iturum
1229 1940 1584 2020 simulans,
1625 1940 2044 2022 Gabienum,
2110 1963 2292 2008 nuno

110 2053 330 2123 Sancti
376 2054 573 2121 Pauli
640 2053 960 2143 oppidum
1017 2067 1370 2137 vocatum,
1424 2055 1751 2123 hostiliter
1818 2068 1917 2122 est
1985 2056 2289 2124 adortus:

109 2172 239 2253 sed,
262 2175 572 2240 veniente
603 2170 954 2268 Mat-hilda,
982 2176 1124 2239 acie
1155 2184 1495 2263 superatus
1525 2173 1791 2261 tandem
1820 2196 1998 2241 anno
2028 2176 2289 2241 circiter

115 2313 345 2356 mxx
391 2293 462 2357 in
510 2266 940 2356 Germaniam
985 2289 1193 2356 redire
1253 2302 1522 2359 coactus
1585 2304 1707 2357 est.
1775 2292 1927 2374 Quo
1995 2303 2293 2381 tempore

114 2405 460 2496 Regienses
475 2458 496 2489 ,
559 2405 964 2497 Gandulpho
1010 2405 1306 2497 praesule
1350 2405 1701 2488 defuncto,
1732 2407 2126 2476 *Eribertum
2172 2433 2293 2476 an·

121 2524 382 2602 tistitem
426 2523 835 2591 habuerunt.
880 2522 1037 2591 Post
1078 2523 1425 2591 biennium
1480 2548 1687 2615 quam
1745 2528 2023 2594 victoria
2075 2527 2293 2615 potita

121 2650 212 2706 est
249 2639 609 2720 mathilda,
652 2642 864 2729 primo
907 2639 1268 2707 Beati-icem
1315 2653 1635 2723 matrem,
1683 2654 1754 2708 et
1820 2654 1985 2732 post-
2040 2664 2291 2708 annum

119 2758 311 2823 etiam
337 2754 813 2826 Gothifredum
857 2760 1208 2839 maritum,
1240 2757 1432 2825 nulla
1458 2772 1759 2848 suscepta
1808 2757 2011 2848 prole,
2054 2761 2294 2824 imma-

127 2881 266 2937 ture
305 2874 552 2940 amisit.
599 2872 852 2956 Quare,
896 2897 1028 2941 non
1072 2872 1294 2942 multo
1354 2885 1546 2963 post,
1593 2887 1673 2939 ut
1737 2872 1962 2940 liberis
2028 2896 2291 2963 operam

126 2985 338 3070 daret,
373 2992 563 3060 Actio
612 2992 937 3072 Atestino,
982 2994 1107 3059 etsi
1151 2991 1239 3059 ob
1283 2990 2290 3080 cognationis·i'mpedimentum

125 3105 334 3171 irritae
373 3102 582 3173 factae
626 3118 784 3173 sunt
823 3105 1132 3196 nuptiae,
1177 3077 1630 3196 conjungitur.

243 3219 531 3302 Interea,
574 3223 871 3291 extincto
917 3223 1237 3304 Henrico,
1279 3223 1573 3309 ejusdem
1619 3224 1908 3290 nominis
1954 3220 2133 3288 filius
2178 3244 2294 3311 pa-

132 3345 332 3404 ternos
359 3361 575 3406 mores
601 3339 935 3418 imitatus,
962 3341 1262 3428 sequenti
1302 3363 1474 3407 anno
1494 3390 1513 3418 ,
1546 3350 1622 3405 ut
1653 3337 2070 3405 Clementem
2102 3336 2296 3404 Anti·

129 3451 488 3538 pontificem
531 3477 735 3544 quem
799 3466 990 3544 pater
1043 3469 1377 3523 creaverat
1441 3467 1670 3523 contra
1713 3454 2112 3544 Gregorium
2158 3454 2290 3521 VII

135 3565 574 3650 confirmaret,
602 3572 672 3637 in
700 3569 963 3637 Italiam
1009 3574 1228 3652 venit,
1272 3583 1502 3639 eontra
1546 3594 1749 3661 quem
1794 3567 2092 3659 profecta
2137 3592 2293 3635 eum

133 3682 300 3754 Actio
341 3686 685 3769 mathilda,
723 3688 900 3779 apud
944 3689 1252 3756 Parmam
1295 3688 1428 3756 levi
1473 3688 1722 3777 praelio
1766 3699 2079 3777 superata
2124 3685 2291 3753 fuit.

136 3796 250 3868 Ubi
276 3827 437 3874 vero
483 3808 798 3874 maritum
842 3810 1070 3897 prioris
1116 3810 1238 3875 viri
1282 3809 1842 3897 consanguineum
1861 3858 1879 3887 ,
1925 3828 2003 3872 ac
2047 3805 2176 3872 sibi
2219 3809 2291 3872 in
2364 3819 2372 3826 ‘

139 3922 303 3989 tertio
353 3925 766 4012 cognationis
825 3925 1034 4013 gradu
1099 3924 1534 4011 conjunctum
1599 3946 1740 3991 esse
1804 3926 2144 4013 coguovit,
2206 3922 2295 3988 ab

23 4077 24 4080 =
135 4053 220 4111 ω,
253 4038 566 4116 suadente
608 4039 948 4131 Gregorio,
992 4040 1303 4109 discessit.
1349 4038 1731 4110 Thedaldus
1772 4042 1985 4120 enim,
2027 4061 2112 4105 ex
2155 4061 2293 4126 quo

133 4144 436 4221 nathilda
505 4158 719 4248 neptis
741 4208 761 4239 ,
795 4151 878 4225 'et
920 4157 1407 4239 Albertactius,
1456 4181 1543 4225 ex
1609 4179 1746 4247 quo
1798 4155 2031 4222 Actius
2088 4176 2294 4244 nepos
