2950 5017
570 393 710 480 4⁶⁰
1323 409 1562 456 aarum
1607 407 2031 458 anemurium

579 532 1042 614 de„Gozadini·
1081 534 1432 624 impotenti
1475 532 1757 600 libidine
1797 544 1869 598 et
1906 532 2151 620 injuria
2195 531 2537 622 praefatus
2588 556 2662 601 se
2707 529 2811 603 ad
2902 529 2903 534 ’

570 651 946 720 tollendum
1002 649 1172 717 illud
1227 661 1599 716 monstrum
1656 651 2038 716 necessitate
2090 650 2269 716 vitae
2315 663 2385 716 et
2428 650 2806 741 dignitatis
2902 625 2903 632 ἵ

570 765 1065 838 conservandae
1093 766 1524 857 compulsum
1563 789 1701 833 esse
1745 780 2062 847 excusat3
2093 768 2365 834 demum
2398 769 2808 836 decuriones

569 899 793 974 rogat,
846 896 924 951 ut
975 897 1230 974 quanta
1277 896 1552 974 possunt
1594 883 1876 950 lenitate
1921 883 2262 952 Pontificis
2319 888 2639 953 animum
2682 885 2803 952 de-

566 1002 929 1071 mulcendo
984 1025 1101 1092 per
1152 999 1375 1068 literas
1420 999 1835 1091 significent}
1881 1001 2305 1069 Gozadinum
2363 1025 2483 1069 sua
2547 1001 2796 1093 culpa,

568 1132 644 1186 et
707 1117 986 1185 libidine
1053 1129 1337 1187 mortem
1407 1119 1533 1185 sibi
1604 1119 1697 1185 ab
1759 1119 1987 1186 invitis
2047 1105 2269 1185 Bebiis
2328 1107 2801 1200 accersivisse3

566 1239 697 1327 ipsi
743 1237 1038 1319 inte‘rim,
1080 1259 1239 1304 cura
1283 1235 1710 1324 reipublicae·
1742 1247 2086 1327 suscepta,
2114 1240 2406 1327 patriam
2454 1240 2637 1304 tueri
2683 1261 2806 1306 ve-

565 1352 718 1420 lint.
769 1353 894 1419 His
936 1351 1181 1419 auditis
1228 1351 1457 1419 Patres
1528 1352 1609 1419 ad
1677 1352 1969 1421 Leonem
2018 1361 2111 1419 et·
2138 1352 2398 1430 Julium
2446 1353 2804 1421 Medicem

566 1465 1021 1548 Cardinalem,
1051 1479 1122 1537 et
1149 1466 1915 1545 Iacobum-Sadeletum
1936 1519 1955 1549 ,
1985 1471 2105 1559 qui
2150 1481 2312 1535 tunc
2357 1492 2398 1535 a
2445 1468 2803 1538 Pontificis

565 1589 835 1654 secretis
899 1597 1077 1667 erat,
1134 1595 1336 1676 prout
1404 1589 1697 1676 petitum
1765 1583 1937 1669 fuit,
1989 1585 2374 1654 humaniter
2435 1587 2797 1669 scribunt3

566 1702 864 1793 denique
922 1703 1216 1783 instant,
1268 1714 1349 1769 ut
1402 1705 1911 1793 quamprimum
1977 1702 2078 1769 ad'
2128 1701 2489 1791 regendam
2554 1704 2803 1771 urbem

563 1819 787 1907 justus
842 1832 1090 1901 rector,
1157 1829 1230 1886 et
1296 1819 1556 1888 sobrius
1626 1822 1963 1887 mittatur.
2022 1819 2355 1888 Camillus
2400 1818 2802 1888 Gozadinus

564 1940 688 2027 qui
732 1936 1069 2005 Bononiae
1114 1935 1433 2025 degebat,
1498 1933 1720 2004 fratris
1784 1951 2000 2005 morte
2062 1937 2327 2018 audita,
2381 1939 2800 2006 continuatis

565 2051 1050 2119 itineribusad
1093 2052 1655 2119 inflammandum
1724 2056 1796 2120 in
1865 2055 2163 2119 criminis
2211 2064 2522 2121 auctores
2571 2053 2804 2122 Ponti-

571 2167 767 2237 ficem
814 2167 1117 2235 celeriter
1163 2169 1532 2237 contendit.
1577 2171 1727 2247 Jam
1775 2167 1950 2238 forte
1980 2170 2310 2259 Georgius
2338 2170 2638 2252 Bebius‚
2669 2174 2803 2261 qui,

566 2285 696 2352 hac
739 2286 931 2352 clade
977 2286 1241 2368 audita,
1287 2311 1373 2353 ne
1418 2288 1584 2378 quid
1631 2291 1897 2378 gravius
1940 2290 2010 2355 in
2057 2312 2128 2355 se
2175 2294 2516 2379 tanquam
2574 2289 2803 2375 conju·

564 2407 698 2471 rati
759 2401 1032 2470 fratrem
1080 2404 1222 2472 Leo
1283 2416 1644 2486 statueret,
1689 2404 1907 2473 Roma
1952 2404 2245 2494 Regium
2299 2406 2801 2489 revertebatur,

565 2523 628 2587 ei
672 2524 743 2587 in
791 2520 1010 2589 medio
1054 2522 1290 2587 itinere
1338 2518 1648 2589 occurrit.
1696 2520 1828 2586 Sed
1860 2517 2036 2587 felici
2081 2518 2223 2590 fato
2272 2522 2362 2587 ab
2409 2521 2619 2591 hoste
2668 2547 2797 2591 non

568 2640 860 2728 agnitus,
907 2636 1263 2706 incolumis
1307 2640 1543 2704 evasit.
1590 2637 1939 2719 Postridie,
1982 2649 2120 2728 quo
2163 2639 2257 2705 D.
2305 2638 2498 2705 Petri
2545 2623 2803 2707 memo-

566 2755 668 2821 ria
697 2752 1120 2845 celebratur,
1175 2754 1516 2821 Antonius
1559 2752 1807 2820 Bebius
1860 2776 2019 2820 cum
2050 2752 2381 2822 ‘Coccono
2426 2766 2801 2823 convocata

566 2873 752 2936 curia
787 2870 1270 2938 decurionibus
1316 2873 1706 2936 crumenam
1753 2892 1913 2936 cum
1958 2869 2314 2938 duodecim
2366 2870 2670 2937 sacculis
2722 2873 2805 2937 si·-

544 2990 818 3075 ·gnatis,
878 2989 1001 3077 qui
1071 2998 1269 3054 antea
1338 3009 1380 3052 a
1432 2985 1656 3053 Leone
1709 2986 1999 3075 Regium
2053 2988 2423 3053 transmissi
2490 2985 2798 3069 fuerant,

567 3101 801 3170 Rossio
830 3101 1191 3192 Rodnlpho
1221 3104 1559 3192 quaestori
1593 3100 1973 3184 Pontificio,
2003 3123 2207 3192 quem
2239 3101 2801 3171 Commissarium

568 3219 941 3300 vocabant,
997 3243 1086 3285 ex
1145 3219 1331 3286 bona
1395 3218 1528 3285 fide
1600 3221 1915 3289 restituit.
1974 3198 2326 3288 melchior
2355 3219 2802 3301 Tribulinus,

569 3338 688 3424 qui
758 3349 926 3402 tunc
990 3338 1061 3401 in
1132 3337 1297 3402 urhe
1365 3345 1746 3426 praeturam
1816 3336 2111 3425 gerebat,
2161 3336 2467 3408 millenos
2513 3336 2800 3404 sacculis

571 3473 805 3518 aureos
851 3453 1176 3518 contineri
1223 3451 1632 3534 affirmavit,
1678 3452 1792 3519 sed
1820 3454 2006 3543 quod
2039 3456 2226 3544 signa
2266 3454 2528 3543 integra
2571 3464 2801 3521 essent

569 3570 858 3659 pecnnia
903 3579 1037 3637 non'
1082 3579 1183 3636 est
1228 3582 1607 3638 numerata.
1654 3568 2413 3639 NicolausSassatellus
2457 3570 2611 3656 jam
2656 3594 2803 3660 per-

572 3684 746 3755 fecto
793 3690 1062 3776 negotio
1096 3711 1254 3755 cum
1273 3691 1514 3778 paucis
1559 3689 1907 3779 equitibus
1951 3706 2096 3757 sero
2132 3687 2483 3754 auxilium
2531 3688 2801 3755 laturus

570 3808 810 3870 venit:
860 3827 1054 3893 aegre
1096 3808 1169 3872 in
1216 3806 1454 3873 urbem
1502 3804 1851 3886 admissus,
1895 3818 1964 3872 et
2009 3803 2247 3895 frigide
2292 3816 2620 3940 exceptus
2662 3827 2801 3873 nou

571 3911 798 3987 multo
843 3933 997 4009 post
1041 3923 1341 4011 ingratus
1386 3925 1579 3990 sociis
1623 3917 1965 3990 discessit.

625 4075 630 4082 ·
709 4037 1286 4128 Aliquantulum
1262 4062 1403 4125 Jam
1437 4039 1691 4123 sedato,
1724 4040 1838 4109 sed
1868 4040 2168 4110 nondum
2200 4041 2417 4130 sopito
2463 4036 2801 4121 tumultu,

572 4157 814 4244 quinto
860 4181 1069 4228 nonas
1112 4156 1315 4245 julias
1359 4158 1742 4232 decuriones
1787 4162 2035 4230 iterum
2090 4164 2494 4242 convenere,
2541 4156 2793 4250 quibus
