2950 5017
660 412 794 495 254
1397 426 1634 473 numm
1685 427 2106 474 anonumum

657 549 1001 618 Suzariam
1053 570 1325 639 quoque
1385 546 1672 615 insulam
1694 598 1713 629 ,
1755 571 1962 637 quam
2006 548 2241 615 Actius
2284 545 2615 614 Galleacii
2675 548 2883 616 Vice-

655 667 917 736 comitis
957 662 1167 744 filius,
1214 674 1283 730 et
1327 663 1707 743 Atestinus,
1752 662 2261 753 Passerinusque
2301 661 2505 730 classe
2559 687 2695 753 per
2741 664 2879 731 Pa-

655 780 825 849 dum
869 782 1052 848 vecti
1095 777 1339 845 crebris
1395 779 1881 846 incursionibus
1932 801 2049 868 per
2093 788 2245 846 octo
2286 777 2422 846 dies
2464 778 2881 847 devastave-

653 907 829 976 rant,
873 893 1230 986 profligatis
1273 888 1578 960 hostibus
1622 895 2001 983 occupavit.
2045 892 2208 960 Inde
2255 893 2592 961 suburbiis
2646 895 2874 961 Musi-

653 1034 779 1079 nae
824 1013 1060 1099 captis,
1104 1010 1328 1077 omnis
1369 1008 1515 1094 ejus
1557 1008 1870 1090 castella,
1904 1022 2182 1098 praeter
2205 1009 2494 1098 Carpum
2539 1023 2617 1078 et
2668 1010 2874 1078 cam-

641 1152 812 1218 pum
855 1128 1226 1215 Gajanum,
1271 1128 1340 1192 in
1386 1147 1578 1192 suam
1621 1138 2018 1216 potestatem
2079 1126 2450 1214 incredibili
2509 1126 2866 1194 celeritate
2946 1164 2948 1223 3

654 1244 928 1335 redegit.
960 1244 1132 1312 Mox.
1158 1245 1320 1310 turri
1351 1241 1780 1312 Carettorum
1810 1267 1966 1310 cum
1998 1241 2452 1312 defensoribus
2494 1244 2863 1312 combusta
2946 1240 2948 1261 ⁵

650 1364 857 1429 etiarn
899 1359 1194 1448 Carpum
1252 1360 1547 1426 vicinum
1619 1359 1941 1450 oppidum
2014 1361 2223 1450 cepit,
2288 1359 2865 1450 Regiensiumque

648 1477 973 1544 suburbia
1037 1475 1178 1544 solo
1250 1478 1590 1566 aequavit.
1652 1476 1765 1542 Ab
1828 1475 1960 1543 alia
2029 1487 2215 1565 parts
2263 1474 2522 1565 Ugotus
2589 1476 2865 1543 Baltius

648 1590 1014 1661 Pontificiis
1069 1595 1278 1681 copiis
1300 1642 1318 1670 ,
1377 1616 1554 1682 quae
1621 1615 1707 1658 ex
1776 1602 1875 1658 ter
1944 1590 2131 1659 mille
2196 1594 2357 1659 viris
2421 1591 2863 1670 constabant,

645 1708 1053 1791 Praefectus,
1096 1709 1397 1778 Varrano
1442 1722 1512 1776 et
1556 1709 1887 1776 Rivarano
1935 1732 2094 1775 cum
2141 1709 2286 1775 aliis
2329 1707 2856 1798 quampluribus

646 1827 933 1894 castellis
979 1828 1241 1908 dirutis,
1286 1827 1526 1894 urbem
1572 1829 1774 1894 etism
1817 1827 2096 1893 Parmae
2139 1826 2458 1894 obtinuit.
2501 1824 2857 1894 Defuncto

648 1945 827 2009 enirn
872 1943 1149 2011 Caesare
1170 1995 1187 2022 ‚
1256 1946 1471 2032 primo
1539 1942 1959 2023 Parmenses,
2026 1942 2237 2011 donec
2300 1942 2446 2028 ejus
2515 1964 2851 2010 successor

644 2056 1019 2145 eligeretur,
1050 2082 1118 2123 se
1147 2055 1485 2123 Pontificis
1528 2057 1745 2145 legato
1793 2060 1990 2124 armis
2037 2058 2271 2123 urbem
2301 2060 2630 2147 repetenti
2664 2080 2852 2125 corn-

644 2177 987 2241 miserunt.
1038 2176 1275 2243 Postea
1328 2197 1482 2241 vero
1547 2174 1744 2241 rebus
1811 2176 2070 2264 imperii
2138 2174 2632 2256 laborantibus,
2683 2199 2848 2240 cum

644 2290 779 2356 duo
812 2290 1124 2357 Caesares
1155 2290 1622 2357 dissidentibus
1651 2291 2046 2358 electoribus
2090 2293 2291 2357 creati
2338 2289 2640 2371 fuissent,
2674 2291 2847 2359 Pou-

645 2405 886 2475 tificius
929 2408 1187 2496 legatus
1232 2410 1469 2496 quinto
1537 2406 1845 2474 calendas
1913 2394 2205 2476 octobris
2270 2407 2577 2488 Parmae,
2643 2407 2839 2494 cujus

644 2527 858 2615 primo
907 2538 1088 2592 tutor
1135 2525 1542 2605 vocabatur,
1590 2523 1879 2592 liberum
1924 2528 2283 2614 imperium
2327 2529 2620 2616 accepit:
2667 2526 2840 2592 idem
2945 2584 2948 2607 ,

644 2665 917 2731 quoque
961 2642 1043 2707 de
1089 2654 1310 2708 nostra
1376 2641 1723 2731 republica
1790 2641 2088 2709 facturus
2134 2656 2375 2731 quarto
2417 2667 2621 2711 nonas
2665 2655 2846 2711 octo·
2946 2666 2948 2673 ·

644 2757 816 2838 bris,
864 2757 1090 2845 Ugotii
1151 2756 1349 2824 Baltii
1417 2781 1648 2846 opera,
1708 2770 1918 2826 totam
1987 2759 2176 2848 Regii
2249 2758 2564 2829 ditionem
2624 2762 2696 2825 in
2761 2781 2844 2825 sc

645 2875 1007 2943 transtulit.
1055 2877 1218 2959 Quo
1261 2878 1557 2965 primurn
1603 2887 1898 2965 tempore
1942 2890 2091 2965 post
2137 2879 2530 2966 acquisitam
2571 2875 2838 2942 liberta-

643 3003 783 3058 tem
856 2996 920 3059 in
982 2992 1316 3060 Pontificis
1386 3006 1785 3082 potestatem
1854 2993 2015 3060 urbs
2084 3007 2305 3062 nostra
2366 2998 2575 3062 venit.
2627 2994 2835 3080 Cujus

642 3110 1112 3196 possessionem
1160 3121 1386 3195 postea
1430 3108 1826 3174 Beltrandus
1877 3122 2069 3176 sexto
2124 3108 2426 3176 calendas
2494 3107 2829 3189 februarii,

642 3226 944 3311 sequenti
994 3247 1166 3288 anno
1211 3245 1584 3288 mcccxxvn
1635 3223 1914 3290 solemni
1981 3249 2224 3315 pompa
2277 3227 2607 3307 obtinuit,
2647 3224 2833 3303 Prae-

647 3349 994 3426 toremque
1043 3336 1306 3403 Heliam
1356 3362 1396 3402 a
1440 3338 1663 3405 Rocca
1706 3363 1860 3405 cum
1908 3340 2419 3410 Bartholomaeo
2472 3343 2822 3410 Prevedmo

644 3451 910 3519 Vicario
962 3454 1332 3519 constituit.
1385 3452 1551 3519 Inde
1616 3477 1657 3520 a
1721 3455 2249 3526 Bononiensibus
2316 3469 2629 3539 vocatus,
2692 3457 2823 3544 ejus
2946 3430 2948 3453 Ε

643 3588 915 3659 quoque
961 3570 1145 3636 urbis
1194 3573 1468 3660 imperio
1514 3575 1766 3660 potitus
1809 3587 1930 3642 est.
1979 3575 2125 3642 Sub
2169 3576 2244 3643 id
2287 3589 2554 3666 tempus
2596 3575 2824 3642 Petrus
2946 3550 2948 3615 3

645 3683 958 3753 Suzarius
1028 3685 1213 3774 Regii
1272 3687 1446 3771 juris
1507 3687 1716 3756 civilis
1784 3688 2098 3779 professor
2139 3688 2497 3758 defunctus
2551 3693 2620 3758 in
2674 3691 2824 3756 Divi
2946 3738 2948 3747 ·

643 3802 977 3869 Dominici
1026 3804 1373 3885 coenobio,
1420 3806 1538 3872 ubi
1584 3811 1788 3874 etiam
1834 3832 2011 3875 nunc
2053 3809 2273 3895 jacet,
2315 3809 2592 3899 publico
2635 3808 2821 3874 luctu

643 3916 942 4006 sepultus
988 3916 1143 3985 fuit.
1200 3920 1457 3987 Interea
1501 3922 1814 3989 Castrum
1860 3925 2299 4006 Arianorum,
2342 3923 2528 4015 quod
2594 3935 2816 3993 octavo

645 4035 735 4099 ab
776 4034 934 4102 hinc
997 4060 1168 4103 anno
1216 4061 1254 4102 a
1298 4038 1548 4113 Jacobo
1593 4040 1866 4108 Rodelio
1927 4053 2328 4131 occupatum
2387 4039 2644 4121 fuerat,
2681 4039 2816 4126 jure

639 4148 1080 4222 haereditario
1122 4154 1318 4223 Actio
1363 4168 1672 4236 cesserat3
1719 4157 1992 4226 Amicus
2054 4181 2095 4224 a
2161 4157 2380 4226 Baisio
2422 4157 2514 4225 ab
2559 4180 2636 4227 eo
2673 4154 2809 4227 loco
