2950 5017
943 424 1148 472 uana
1193 423 1489 474 ocravns
1879 479 1884 488 ,
2174 414 2216 480 5
2229 434 2308 504 ¹9

60 547 399 627 Ioannis,
436 545 562 637 qui
602 542 1040 618 Emmanueli
1081 548 1154 616 in
1197 546 1587 620 Lusitaniae
1629 567 1830 640 regno
1871 564 2308 635 successerat,

60 662 451 740 duodecies
515 665 769 734 centies
790 705 805 714 --
832 662 1135 732 millibus
1198 686 1555 734 aureorum
1606 687 1727 756 pro
1771 664 1929 738 dote
1978 671 2269 758 acceptis
2287 719 2310 752 ,

63 799 383 850 uxorem
426 778 650 850 duxit.
692 776 830 848 Eas
874 778 965 849 ob
1008 802 1242 850 causas
1286 782 1579 850 accensis
1623 781 1930 873 ignibus,
1973 782 2310 874 displosis-

63 911 257 989 que‘
278 897 656 978 tormentis,
683 908 755 965 et
780 893 1115 988 frequenti
1157 896 1469 968 nolarum
1514 920 1679 972 sono
1721 919 1967 991 magna
2008 898 2310 971 laetitiae

66 1016 287 1106 sigua
331 1013 523 1105 Regii
564 1012 745 1082 edita
786 1010 996 1082 fuere.

229 1129 557 1200 Ceterum
577 1128 889 1202 Clemens
917 1153 998 1204 eo
1018 1127 1318 1202 Caesaris
1346 1152 1506 1222 opes
1535 1140 1877 1222 provectas
1905 1131 2316 1225 intelligens,

71 1259 170 1316 ut
203 1260 428 1318 totam
450 1246 718 1318 Italiam
747 1248 935 1320 brevi
963 1260 1409 1338 occupaturus
1436 1246 1836 1331 crederetur,
1855 1271 2013 1317 cum
2037 1248 2311 1320 Venetis

74 1376 159 1434 et
188 1361 450 1436 Sfortia
462 1377 715 1434 contra
746 1386 907 1432 eum
934 1365 1291 1454 conspirat.
1321 1362 1565 1432 Gallus
1593 1363 2314 1456 quoqueaeulciscendae

74 1503 211 1571 per
253 1483 715 1572 captivitatem
749 1491 1066 1570 acceptae
1108 1479 1395 1566 injuriae
1431 1479 1718 1571 cupidus
1747 1482 1818 1550 in
1848 1504 2000 1550 earn
2029 1485 2312 1550 societa-

80 1611 241 1665 tem
287 1597 391 1668 his
434 1596 931 1666 conditionibus
975 1597 1319 1686 recipitur,
1350 1607 1432 1662 ut
1475 1598 1754 1687 triginta,
1794 1597 2089 1666 millium
2135 1599 2316 1691 pedi-

82 1728 282 1796 tum,
328 1726 398 1783 et
439 1735 560 1786 sex
604 1713 898 1782 millium
938 1715 1250 1803 equitum
1294 1713 1768 1810 communibus
1798 1715 2116 1807 impensis
2159 1742 2324 1788 con-

85 1846 316 1902 tracto
352 1834 651 1902 exercitu
696 1833 936 1921 viginti
982 1842 1135 1902 octo
1180 1832 1554 1897 triremium
1597 1828 1875 1902 classem
1920 1834 2321 1918 instrueret,

82 1949 541 2040 Mediceisque
584 1947 961 2016 Florentiae
1006 1942 1356 2036 praefectis
1400 1969 1561 2014 eum
1618 1960 2080 2037 expugnatum
2143 1962 2316 2030 esset

82 2090 378 2157 regnum
402 2064 721 2156 Neapolis
748 2065 1170 2154 septuaginta
1190 2066 1493 2154 quinque
1521 2085 1874 2133 aureorum
1891 2065 2122 2134 millia
2145 2090 2320 2158 quo-

86 2186 320 2252 tannis
348 2183 781 2254 solverentur.
813 2182 1203 2251 Franciscus
1233 2203 1392 2250 vero
1425 2178 1701 2263 Sfortia,
1732 2184 1904 2273 regis
1921 2180 2073 2251 «filia
2106 2206 2320 2253 uxore

91 2313 376 2390 accepta
413 2311 484 2367 et
514 2300 1005 2390 quinquaginta
1050 2296 1353 2368 millibus
1397 2321 1754 2367 aureorum
1787 2321 2014 2368 socero
2059 2299 2324 2384 solutis,

92 2416 488 2487 Mediolano
521 2418 869 2507 potiretur.
902 2414 1039 2483 Sed
1083 2417 1139 2482 is
1183 2414 1274 2484 ob
1319 2413 1445 2483 hoc
1476 2411 1710 2486 foedus
1738 2415 2130 2506 proditionis
2161 2419 2319 2488 insi·-

96 2533 406 2604 mulatus
452 2557 609 2601 cum
656 2531 893 2601 morbo
938 2529 1797 2622 vehementeraffligeretur
1825 2532 2320 2602 munitionibus

97 2651 419 2721 omnibus
461 2662 749 2732 exutus,
792 2661 864 2718 et
907 2672 948 2717 a
991 2647 1227 2718 Vestio
1272 2650 1345 2718 in
1390 2671 1540 2715 arce
1585 2646 1947 2716 Mediolani
1993 2648 2319 2734 obsessus,

98 2769 305 2840 salvis
345 2768 568 2851 rebus,
611 2791 680 2836 se
723 2766 960 2835 dedere
1004 2779 1275 2836 coactus
1319 2776 1443 2834 est.
1493 2765 1638 2833 Hoc
1681 2767 1968 2856 cognito¹
1998 2763 2323 2837 Pontifex

102 2886 531 2958 Cardinalem
577 2887 898 2976 Cyboum
940 2884 1241 2976 legatum
1286 2907 1444 2952 cum
1489 2882 1796 2974 ducentis
1852 2884 2196 2976 equitibus
2249 2896 2344 2970 et:⁴

104 3017 382 3072 centum
424 3025 746 3076 curruum
791 3012 1176 3071 commeatu
1218 3022 1337 3091 per
1381 3000 1733 3090 Regienses
1778 2999 1863 3067 ad
1900 2983 2347 3072 Venetorum*

110 3133 327 3190 castra
387 3123 798 3201 transmisit3
843 3121 1004 3211 qui,
1047 3117 1282 3185 Laude
1351 3116 1673 3209 Pompeia
1728 3116 2050 3187 Vistarini
2120 3141 2326 3209 opera

112 3250 344 3330 capta,
409 3261 490 3307 ac
555 3241 758 3306 caesis
826 3237 1135 3304 trecentis
1179 3235 1549 3326 ·Hispanis,
1602 3233 1929 3327 Italiaque
1982 3235 2286 3326 spoliatis
2304 3285 2326 3319 ,

114 3354 191 3427 S.
220 3356 458 3449 Angeli
484 3356 853 3449 oppidum,
895 3366 967 3423 et
1008 3353 1413 3424 Cremonam
1442 3366 1972 3446 occupaverant.
2018 3356 2112 3423 At
2157 3355 2327 3424 Car-

115 3475 356 3545 dinalis
410 3475 750 3546 Columna
786 3485 849 3543 'a
901 3473 1182 3543 Caesare
1250 3475 1616 3556 excitatus,
1673 3472 2008 3543 Vaticano
2064 3474 2328 3548 Palatio

113 3594 402 3685 direpto,
462 3593 916 3686 expilatisque
982 3581 1523 3664 Florentinorum
1590 3594 1860 3672 mensis,
1926 3589 2328 3660 Pontificem

111 3712 191 3779 in
220 3709 492 3779 Adriani
525 3708 775 3799 molem„
813 3707 1238 3799 compulsum
1283 3709 1653 3776 exercitum
1698 3706 2037 3774 dimittere
2081 3707 2325 3797 coegit.

113 3827 418 3897 Tandem
465 3828 661 3897 rebus
727 3831 797 3896 in
866 3827 1050 3895 hunc
1112 3825 1392 3895 modum
1453 3826 1843 3914 compositis
1889 3834 1969 3889 ut
2013 3820 2334 3893 Pontifex

114 3968 207 4014 ex
233 3943 464 4013 Gallia
492 3943 812 4036 cisdpina
854 3946 1081 4035 copias
1121 3954 1482 4021 revocaret,
1511 3939 1706 4032 plura
1737 3939 2043 4030 peditum
2079 3938 2331 4008 vexilla

113 4066 189 4132 in
232 4064 325 4134 D.
367 4064 640 4132 Martini
686 4087 868 4153 agro,
913 4085 1156 4153 magno
1199 4085 1357 4129 cum
1405 4059 1833 4151 Regiensium
1877 4056 2331 4140 incommodo,

118 4186 373 4258 aestiva
420 4181 825 4253 habuerunt.
871 4179 1257 4273 Alphonsus
1310 4203 1469 4250 cum
1525 4189 1910 4269 suspectum
1960 4174 2339 4246 Clementis
