2950 5017
1014 425 1218 474 man
1262 425 1591 508 sm’rwms⁸
1629 449 1638 465 ·
2249 413 2395 504 459,

85 542 523 626 cqlettum
554 544 880 635 pictorem
911 543 995 613 de
1022 544 1221 637 plebe
1250 545 1592 615 hominem
1624 544 2089 638 confugerant,
2109 548 2386 620 demum

89 661 358 751 apud
404 659 890 730 Bernardinum
943 660 1307 749 Bojardum
1365 662 1629 730 tamdiu
1680 662 2130 746 delituerunt,
2175 666 2387 736 donec

91 799 166 846 a
237 777 564 869 Baptista
591 776 925 848 Smiraldo
956 778 1294 846 Parmensi
1340 782 1510 860 arcis
1553 777 1883 870 praefecto
1901 831 1921 862 ,
1944 795 2040 858 ,et
2083 780 2390 870 Scajolo-

93 917 324 964 mm
365 892 659 977 fautore,
703 892 1252 986 Zobolorumque
1295 894 1481 982 affini
1536 909 1844 994 receptae
1897 895 2196 967 fuerunt.
2244 897 2389 969 Go-

46 997 49 998 ⁷
95 1010 392 1082 audini
432 1034 594 1081 vero
633 1010 1072 1082 inhumatum
1116 1013 1399 1082 cadaver
1443 1024 1587 1082 tota
1631 1012 1741 1079 die
1793 1012 1880 1080 ad
1926 1036 2268 1104 vesperam
2314 1018 2390 1084 in

107 1126 318 1197 solo
356 1126 620 1196 undum
664 1127 1038 1197 miserando
1068 1126 1279 1200 foedis
1310 1127 1703 1197 vulneribus
1733 1128 2117 1221 spectaculo
2145 1101 2393 1216 jacuit.

113 1241 476 1314 Tandem
523 1246 825 1314 canonici
857 1244 1042 1317 bona
1071 1245 1431 1314 Bebiorum
1467 1258 1537 1314 et
1567 1245 1855 1318 Cocconi
1878 1246 2099 1316 'venia
2144 1245 2391 1316 humili

117 1374 393 1431 erecto
456 1360 730 1431 tumulo
800 1365 871 1428 in
937 1360 1191 1450 majore
1258 1360 1553 1453 templo,
1598 1362 1789 1431 nulla
1843 1360 2094 1430 funeris
2143 1385 2396 1453 pompa

123 1478 438 1550 elatum
477 1478 911 1570 sepelierunt.
956 1478 1127 1568 Ejus
1186 1478 1493 1570 sepulcro
1553 1482 1680 1550 etsi
1740 1504 1877 1552 non
1937 1483 2036 1550 ita
2081 1479 2394 1563 doctum,

129 1619 304 1665 non
352 1597 631 1668 omnino
677 1608 908 1666 tamen
960 1600 1398 1666 invenustum
1433 1595 1585 1680 ‘hoc
1639 1599 2040 1688 inscriptum
2093 1610 2196 1666 est
2251 1599 2397 1688 epi-2

135 1712 530 1805 taphium:
1320 1795 1324 1802 .

351 1830 597 1902 Fracta
640 1828 1028 1899 Gozadinus
1071 1828 1325 1898 dimisit
1367 1829 1482 1898 hic
1525 1852 1672 1900 ossa
1714 1829 2038 1910 Ioannes,

445 1946 668 2031 Quam
716 1948 852 2015 cito
895 1945 982 2013 ad
1025 1945 1291 2037 Elysios
1334 1958 1567 2037 raptus
1610 1959 1681 2014 et
1727 1949 1867 2037 ipse
1910 1969 2127 2036 rogos.

349 2064 468 2134 Bis
509 2063 646 2136 duo
686 2063 904 2132 lustra
946 2065 1082 2138 duo
1126 2063 1531 2154 complerat,
1577 2067 1836 2134 simone
1881 2054 2120 2134 doctus

442 2180 660 2250 Norat
701 2194 780 2266 et¹
816 2181 939 2250 hos
979 2180 1130 2250 illos
1174 2205 1482 2271 rumpere
1508 2204 1723 2271 ¹saepe
1770 2180 2027 2252 thoros.

352 2295 684 2382 Gaudeat¹
704 2297 866 2366 binc
904 2297 1193 2389 Regium
1227 2296 1658 2388 spoliataque
1698 2297 1968 2368 Felsina
2003 2297 2290 2378 moecho

442 2412 538 2481 Et
579 2425 845 2482 resonet
890 2426 1033 2481 tota
1078 2411 1353 2502 plausus
1399 2416 1474 2482 in
1517 2410 1819 2482 AEmilia.
2338 2388 2344 2396 ’

155 2529 342 2619 Ejus
381 2552 550 2602 οδω,
573 2543 806 2620 postea
837 2528 1167 2598 Camillus
1198 2527 1400 2614 frater
1430 2529 1967 2620 opulentioribus
2011 2529 2397 2597 sacerdotiis

155 2673 204 2718 a
249 2648 478 2726 Leone
511 2646 611 2715 ad
650 2646 1039 2718 leniendum
1082 2646 1386 2717 dolorem
1431 2646 1723 2716 donatus
1772 2657 1975 2718 nocte
2022 2645 2395 2716 Bononiam

160 2763 429 2834 tetulit.

307 2880 452 2949 vix
469 2878 722 2972 aliquis
751 2877 1075 2948 scelerum
1107 2876 1258 2960 finis
1287 2875 1561 2948 futurus
1593 2890 1758 2959 erat,
1791 2880 1919 2954 nisi
1949 2876 2398 2948 Bernardinus

163 2997 501 3086 Bojardus
544 3009 934 3066 neutrarum
980 2998 1278 3086 partium
1321 2998 1462 3076 vir,
1510 3007 1581 3063 et
1615 3017 1911 3092 *magnae
1976 2996 2396 3063 auctoritatis

161 3114 551 3188 canonicus
591 3115 828 3182 ceteris
873 3111 1243 3181 latentibus
1286 3112 1550 3179 civibus
1592 3113 1766 3186 iram
1813 3110 2033 3196 verbis
2075 3109 2397 3180 leniendo

167 3245 246 3302 et
287 3232 698 3324 quandoque
764 3230 1088 3306 audacius
1154 3230 1568 3320 castigando,
1611 3227 1997 3300 furentium-
2038 3252 2223 3304 arma
2277 3228 2401 3296 ali·-

164 3349 584 3443 quantulum
629 3351 1058 3439 repressisset.
1103 3347 1295 3416 Bebii
1340 3349 1612 3416 interim
1656 3346 1997 3420 custodias
2040 3345 2401 3417 moenibus

165 3471 572 3560 imponunt,
605 3466 952 3558 -praesidia
1019 3465 1104 3534 ad
1174 3477 1400 3557 portas
1451 3464 1826 3547 collocant,
1874 3466 2210 3534 nerninem
2257 3466 2400 3532 sine

173 3609 303 3655 suo
350 3586 539 3673 jussu
592 3586 763 3654 urbs
821 3586 1039 3667 exire,
1079 3582 1184 3653 vel
1239 3583 1495 3675 ingredi
1546 3586 1975 3674 permittunt.
2021 3581 2399 3650 Cocconius

169 3708 524 3795 egressuris
581 3706 846 3795 signum
913 3705 985 3772 in
1053 3724 1284 3793 ungue
1351 3701 1587 3793 pelicis
1650 3697 2119 3790 imprimebat,
2162 3720 2333 3788 quo,
2356 3718 2400 3764 a

174 3834 526 3914 portarum
570 3823 961 3894 custodibus
1009 3820 1529 3912 agnito,2libera
1573 3820 1821 3909 cuique
1874 3814 2164 3888 exeundi
2212 3828 2401 3906 pote·

174 3951 306 4008 stas
350 3939 669 4009 dabatur.
714 3938 1161 4030 Ingredientes
1228 3939 1524 4028 primum
1594 3934 1678 4002 ad
1749 3931 2064 4002 eumdem
2116 3932 2396 4001 deducti

173 4060 442 4130 nonnisi
474 4058 560 4126 de
590 4055 825 4126 multis
870 4057 1255 4147 interrogati
1286 4053 1827 4132 dimittebantur.
1858 4052 2162 4120 Demum
2207 4051 2398 4116 curia

175 4186 543 4246 convocata
587 4172 840 4244 Paulus
883 4169 1147 4241 Bebius‘
1194 4195 1350 4240 cum
1397 4171 1735 4248 Cocconio
1793 4172 2124 4260 ingressus
2184 4188 2399 4258 pauca
