<?xml version="1.0" encoding="UTF-8"?>
<!DOCTYPE html PUBLIC "-//W3C//DTD XHTML 1.0 Transitional//EN"
    "http://www.w3.org/TR/xhtml1/DTD/xhtml1-transitional.dtd">
<html xmlns="http://www.w3.org/1999/xhtml" xml:lang="en" lang="en">
 <head>
  <title>
</title>
<meta http-equiv="Content-Type" content="text/html;charset=utf-8" />
  <meta name='ocr-system' content='tesseract 3.04.00' />
  <meta name='ocr-capabilities' content='ocr_page ocr_carea ocr_par ocr_line ocrx_word'/>
</head>
<body>
  <div class='ocr_page' id='page_1' title='image "./rerumhistoricar00unkngoog_0222.png"; bbox 0 0 2950 5017; ppageno 0'>
   <div class='ocr_carea' id='block_1_1' title="bbox 675 352 2112 423">
    <p class='ocr_par' dir='ltr' id='par_1_1' title="bbox 675 352 2112 423">
     <span class='ocr_line' id='line_1_1' title="bbox 675 352 2112 423; baseline 0 -26"><span class='ocrx_word' id='word_1_1' title='bbox 675 356 814 423; x_wconf 61' lang='lat'><strong>5⁸¹⁰</strong></span> <span class='ocrx_word' id='word_1_2' title='bbox 1417 353 1653 399; x_wconf 70' lang='lat' dir='ltr'><strong>annun</strong></span> <span class='ocrx_word' id='word_1_3' title='bbox 1697 352 2112 400; x_wconf 69' lang='lat' dir='ltr'><strong>anonumum</strong></span> 
     </span>
    </p>
   </div>
   <div class='ocr_carea' id='block_1_2' title="bbox 652 472 2873 4157">
    <p class='ocr_par' dir='ltr' id='par_1_2' title="bbox 652 452 2929 4157">
     <span class='ocr_line' id='line_1_2' title="bbox 676 472 2871 570; baseline -0.001 -24"><span class='ocrx_word' id='word_1_4' title='bbox 676 478 948 570; x_wconf 80' lang='lat' dir='ltr'><strong>grassari</strong></span> <span class='ocrx_word' id='word_1_5' title='bbox 988 476 1292 557; x_wconf 72' lang='lat' dir='ltr'><strong>sinimus,</strong></span> <span class='ocrx_word' id='word_1_6' title='bbox 1334 474 1498 565; x_wconf 85' lang='lat' dir='ltr'><strong>qnid</strong></span> <span class='ocrx_word' id='word_1_7' title='bbox 1544 472 1726 541; x_wconf 81' lang='lat' dir='ltr'><strong>aliud</strong></span> <span class='ocrx_word' id='word_1_8' title='bbox 1768 486 2082 564; x_wconf 74' lang='lat' dir='ltr'><strong>superest,</strong></span> <span class='ocrx_word' id='word_1_9' title='bbox 2110 496 2315 564; x_wconf 86' lang='lat' dir='ltr'><strong>quam</strong></span> <span class='ocrx_word' id='word_1_10' title='bbox 2345 484 2428 540; x_wconf 90' lang='lat' dir='ltr'><strong>ut</strong></span> <span class='ocrx_word' id='word_1_11' title='bbox 2455 474 2683 564; x_wconf 80' lang='lat' dir='ltr'><strong>patrio</strong></span> <span class='ocrx_word' id='word_1_12' title='bbox 2732 472 2871 543; x_wconf 74' lang='lat' dir='ltr'><strong>sols</strong></span> 
     </span>
     <span class='ocr_line' id='line_1_3' title="bbox 674 584 2873 680; baseline -0.002 -20"><span class='ocrx_word' id='word_1_13' title='bbox 674 593 939 671; x_wconf 83' lang='lat' dir='ltr'><strong>amicis,</strong></span> <span class='ocrx_word' id='word_1_14' title='bbox 980 592 1276 680; x_wconf 83' lang='lat' dir='ltr'><strong>cognatis</strong></span> <span class='ocrx_word' id='word_1_15' title='bbox 1293 639 1313 670; x_wconf 93' lang='lat'><strong>,</strong></span> <span class='ocrx_word' id='word_1_16' title='bbox 1355 590 1837 679; x_wconf 72' lang='lat' dir='ltr'><strong>penatibusque</strong></span> <span class='ocrx_word' id='word_1_17' title='bbox 1878 589 2124 656; x_wconf 80' lang='lat' dir='ltr'><strong>relictis</strong></span> <span class='ocrx_word' id='word_1_18' title='bbox 2140 638 2162 671; x_wconf 96' lang='lat'><strong>,</strong></span> <span class='ocrx_word' id='word_1_19' title='bbox 2203 584 2434 656; x_wconf 85' lang='lat' dir='ltr'><strong>exules</strong></span> <span class='ocrx_word' id='word_1_20' title='bbox 2495 591 2873 679; x_wconf 81' lang='lat' dir='ltr'><strong>peregrine·</strong></span> 
     </span>
     <span class='ocr_line' id='line_1_4' title="bbox 670 701 2873 777; baseline -0.002 0"><span class='ocrx_word' id='word_1_21' title='bbox 670 711 878 777; x_wconf 74' lang='lat' dir='ltr'><strong>mur?</strong></span> <span class='ocrx_word' id='word_1_22' title='bbox 922 707 1494 775; x_wconf 87' lang='lat' dir='ltr'><strong>Innocentissimos</strong></span> <span class='ocrx_word' id='word_1_23' title='bbox 1543 706 1949 774; x_wconf 78' lang='lat' dir='ltr'><strong>immanibus</strong></span> <span class='ocrx_word' id='word_1_24' title='bbox 2001 701 2154 774; x_wconf 78' lang='lat' dir='ltr'><strong>feris</strong></span> <span class='ocrx_word' id='word_1_25' title='bbox 2196 704 2603 774; x_wconf 85' lang='lat' dir='ltr'><strong>devorandos</strong></span> <span class='ocrx_word' id='word_1_26' title='bbox 2670 705 2873 773; x_wconf 84' lang='lat' dir='ltr'><strong>relin-</strong></span> 
     </span>
     <span class='ocr_line' id='line_1_5' title="bbox 670 820 2869 915; baseline 0 -25"><span class='ocrx_word' id='word_1_27' title='bbox 670 825 1011 915; x_wconf 72' lang='lat' dir='ltr'><strong>quamus?</strong></span> <span class='ocrx_word' id='word_1_28' title='bbox 1073 821 1228 890; x_wconf 88' lang='lat' dir='ltr'><strong>Non</strong></span> <span class='ocrx_word' id='word_1_29' title='bbox 1297 833 1559 911; x_wconf 86' lang='lat' dir='ltr'><strong>poterat</strong></span> <span class='ocrx_word' id='word_1_30' title='bbox 1625 821 1893 889; x_wconf 78' lang='lat' dir='ltr'><strong>Praetor</strong></span> <span class='ocrx_word' id='word_1_31' title='bbox 1959 820 2121 887; x_wconf 82' lang='lat' dir='ltr'><strong>huic</strong></span> <span class='ocrx_word' id='word_1_32' title='bbox 2186 832 2409 888; x_wconf 81' lang='lat' dir='ltr'><strong>vastae</strong></span> <span class='ocrx_word' id='word_1_33' title='bbox 2475 826 2869 910; x_wconf 77' lang='lat' dir='ltr'><strong>tempestati</strong></span> 
     </span>
     <span class='ocr_line' id='line_1_6' title="bbox 668 936 2870 1027; baseline -0.001 -19"><span class='ocrx_word' id='word_1_34' title='bbox 668 944 961 1009; x_wconf 86' lang='lat' dir='ltr'><strong>resistere</strong></span> <span class='ocrx_word' id='word_1_35' title='bbox 980 988 1000 1020; x_wconf 92' lang='lat'><strong>,</strong></span> <span class='ocrx_word' id='word_1_36' title='bbox 1042 938 1226 1006; x_wconf 87' lang='lat' dir='ltr'><strong>urbis</strong></span> <span class='ocrx_word' id='word_1_37' title='bbox 1292 936 1719 1006; x_wconf 77' lang='lat' dir='ltr'><strong>Praefectum</strong></span> <span class='ocrx_word' id='word_1_38' title='bbox 1785 940 2186 1006; x_wconf 84' lang='lat' dir='ltr'><strong>creavimus.</strong></span> <span class='ocrx_word' id='word_1_39' title='bbox 2240 938 2385 1005; x_wconf 90' lang='lat' dir='ltr'><strong>Hoc</strong></span> <span class='ocrx_word' id='word_1_40' title='bbox 2429 958 2717 1027; x_wconf 87' lang='lat' dir='ltr'><strong>quoque</strong></span> <span class='ocrx_word' id='word_1_41' title='bbox 2756 962 2870 1005; x_wconf 89' lang='lat' dir='ltr'><strong>ne-</strong></span> 
     </span>
     <span class='ocr_line' id='line_1_7' title="bbox 668 1052 2864 1145; baseline 0 -25"><span class='ocrx_word' id='word_1_42' title='bbox 668 1053 881 1145; x_wconf 83' lang='lat' dir='ltr'><strong>glecto</strong></span> <span class='ocrx_word' id='word_1_43' title='bbox 936 1053 1357 1143; x_wconf 80' lang='lat' dir='ltr'><strong>magistratu,</strong></span> <span class='ocrx_word' id='word_1_44' title='bbox 1400 1055 1680 1143; x_wconf 87' lang='lat' dir='ltr'><strong>rapinis,</strong></span> <span class='ocrx_word' id='word_1_45' title='bbox 1726 1052 2077 1133; x_wconf 84' lang='lat' dir='ltr'><strong>caedibus,</strong></span> <span class='ocrx_word' id='word_1_46' title='bbox 2105 1052 2449 1133; x_wconf 89' lang='lat' dir='ltr'><strong>incendiis,</strong></span> <span class='ocrx_word' id='word_1_47' title='bbox 2482 1056 2729 1120; x_wconf 84' lang='lat' dir='ltr'><strong>aerarii</strong></span> <span class='ocrx_word' id='word_1_48' title='bbox 2756 1052 2864 1120; x_wconf 85' lang='lat' dir='ltr'><strong>de·</strong></span> 
     </span>
     <span class='ocr_line' id='line_1_8' title="bbox 665 1168 2864 1260; baseline -0.001 -21"><span class='ocrx_word' id='word_1_49' title='bbox 665 1174 869 1260; x_wconf 88' lang='lat' dir='ltr'><strong>nique</strong></span> <span class='ocrx_word' id='word_1_50' title='bbox 911 1169 1283 1260; x_wconf 83' lang='lat' dir='ltr'><strong>direptione</strong></span> <span class='ocrx_word' id='word_1_51' title='bbox 1325 1193 1459 1237; x_wconf 87' lang='lat' dir='ltr'><strong>non</strong></span> <span class='ocrx_word' id='word_1_52' title='bbox 1507 1169 1866 1237; x_wconf 83' lang='lat' dir='ltr'><strong>abstinent.</strong></span> <span class='ocrx_word' id='word_1_53' title='bbox 1914 1169 2177 1237; x_wconf 82' lang='lat' dir='ltr'><strong>Fortius</strong></span> <span class='ocrx_word' id='word_1_54' title='bbox 2237 1168 2428 1237; x_wconf 85' lang='lat' dir='ltr'><strong>nobis</strong></span> <span class='ocrx_word' id='word_1_55' title='bbox 2478 1174 2535 1237; x_wconf 80' lang='lat' dir='ltr'><strong>si</strong></span> <span class='ocrx_word' id='word_1_56' title='bbox 2594 1170 2864 1237; x_wconf 74' lang='lat' dir='ltr'><strong>videtur</strong></span> 
     </span>
     <span class='ocr_line' id='line_1_9' title="bbox 665 1281 2862 1376; baseline -0 -25"><span class='ocrx_word' id='word_1_57' title='bbox 665 1284 1033 1376; x_wconf 85' lang='lat' dir='ltr'><strong>parandum</strong></span> <span class='ocrx_word' id='word_1_58' title='bbox 1078 1295 1178 1352; x_wconf 82' lang='lat' dir='ltr'><strong>est</strong></span> <span class='ocrx_word' id='word_1_59' title='bbox 1217 1281 1562 1364; x_wconf 79' lang='lat' dir='ltr'><strong>fraenum,</strong></span> <span class='ocrx_word' id='word_1_60' title='bbox 1592 1306 1728 1374; x_wconf 89' lang='lat' dir='ltr'><strong>quo</strong></span> <span class='ocrx_word' id='word_1_61' title='bbox 1757 1283 2154 1352; x_wconf 85' lang='lat' dir='ltr'><strong>indomitam</strong></span> <span class='ocrx_word' id='word_1_62' title='bbox 2185 1281 2556 1350; x_wconf 81' lang='lat' dir='ltr'><strong>furentium</strong></span> <span class='ocrx_word' id='word_1_63' title='bbox 2598 1284 2862 1357; x_wconf 79' lang='lat' dir='ltr'><strong>rabiem</strong></span> 
     </span>
     <span class='ocr_line' id='line_1_10' title="bbox 664 1399 2865 1491; baseline -0.002 -22"><span class='ocrx_word' id='word_1_64' title='bbox 664 1421 1189 1491; x_wconf 85' lang='lat' dir='ltr'><strong>compescamus.</strong></span> <span class='ocrx_word' id='word_1_65' title='bbox 1241 1399 1491 1468; x_wconf 87' lang='lat' dir='ltr'><strong>Notam</strong></span> <span class='ocrx_word' id='word_1_66' title='bbox 1538 1401 1730 1467; x_wconf 79' lang='lat' dir='ltr'><strong>vobis</strong></span> <span class='ocrx_word' id='word_1_67' title='bbox 1776 1400 1994 1467; x_wconf 88' lang='lat' dir='ltr'><strong>Obicii</strong></span> <span class='ocrx_word' id='word_1_68' title='bbox 2039 1400 2325 1466; x_wconf 83' lang='lat' dir='ltr'><strong>Atestini</strong></span> <span class='ocrx_word' id='word_1_69' title='bbox 2394 1403 2729 1466; x_wconf 81' lang='lat' dir='ltr'><strong>virtutem</strong></span> <span class='ocrx_word' id='word_1_70' title='bbox 2797 1409 2865 1465; x_wconf 88' lang='lat' dir='ltr'><strong>et</strong></span> 
     </span>
     <span class='ocr_line' id='line_1_11' title="bbox 664 1513 2862 1605; baseline -0.001 -22"><span class='ocrx_word' id='word_1_71' title='bbox 664 1515 1088 1605; x_wconf 82' lang='lat' dir='ltr'><strong>prudentiam</strong></span> <span class='ocrx_word' id='word_1_72' title='bbox 1133 1537 1271 1583; x_wconf 80' lang='lat' dir='ltr'><strong>esse</strong></span> <span class='ocrx_word' id='word_1_73' title='bbox 1315 1518 1653 1596; x_wconf 81' lang='lat' dir='ltr'><strong>existimo,</strong></span> <span class='ocrx_word' id='word_1_74' title='bbox 1687 1517 1804 1604; x_wconf 87' lang='lat' dir='ltr'><strong>qui</strong></span> <span class='ocrx_word' id='word_1_75' title='bbox 1836 1513 2318 1581; x_wconf 86' lang='lat' dir='ltr'><strong>tumultuantis</strong></span> <span class='ocrx_word' id='word_1_76' title='bbox 2362 1516 2674 1583; x_wconf 81' lang='lat' dir='ltr'><strong>Mutinae</strong></span> <span class='ocrx_word' id='word_1_77' title='bbox 2723 1536 2862 1581; x_wconf 89' lang='lat' dir='ltr'><strong>mo-</strong></span> 
     </span>
     <span class='ocr_line' id='line_1_12' title="bbox 664 1631 2861 1721; baseline -0.001 -23"><span class='ocrx_word' id='word_1_78' title='bbox 664 1632 924 1699; x_wconf 87' lang='lat' dir='ltr'><strong>derator</strong></span> <span class='ocrx_word' id='word_1_79' title='bbox 978 1634 1256 1712; x_wconf 88' lang='lat' dir='ltr'><strong>accitus,</strong></span> <span class='ocrx_word' id='word_1_80' title='bbox 1324 1643 1516 1697; x_wconf 88' lang='lat' dir='ltr'><strong>tanta</strong></span> <span class='ocrx_word' id='word_1_81' title='bbox 1581 1633 1900 1721; x_wconf 87' lang='lat' dir='ltr'><strong>sapientia</strong></span> <span class='ocrx_word' id='word_1_82' title='bbox 1969 1642 2038 1697; x_wconf 93' lang='lat' dir='ltr'><strong>et</strong></span> <span class='ocrx_word' id='word_1_83' title='bbox 2105 1634 2437 1720; x_wconf 86' lang='lat' dir='ltr'><strong>aequitate</strong></span> <span class='ocrx_word' id='word_1_84' title='bbox 2503 1631 2861 1698; x_wconf 76' lang='lat' dir='ltr'><strong>seditiones</strong></span> 
     </span>
     <span class='ocr_line' id='line_1_13' title="bbox 662 1746 2858 1838; baseline -0.001 -24"><span class='ocrx_word' id='word_1_85' title='bbox 662 1751 1105 1838; x_wconf 79' lang='lat' dir='ltr'><strong>compescuit,</strong></span> <span class='ocrx_word' id='word_1_86' title='bbox 1147 1759 1227 1813; x_wconf 89' lang='lat' dir='ltr'><strong>ut</strong></span> <span class='ocrx_word' id='word_1_87' title='bbox 1282 1750 1643 1813; x_wconf 81' lang='lat' dir='ltr'><strong>maximam</strong></span> <span class='ocrx_word' id='word_1_88' title='bbox 1712 1747 1896 1814; x_wconf 89' lang='lat' dir='ltr'><strong>illius</strong></span> <span class='ocrx_word' id='word_1_89' title='bbox 1964 1747 2225 1814; x_wconf 84' lang='lat' dir='ltr'><strong>civibus</strong></span> <span class='ocrx_word' id='word_1_90' title='bbox 2289 1746 2858 1836; x_wconf 85' lang='lat' dir='ltr'><strong>tranquillitatem</strong></span> 
     </span>
     <span class='ocr_line' id='line_1_14' title="bbox 662 1862 2853 1953; baseline -0.002 -21"><span class='ocrx_word' id='word_1_91' title='bbox 662 1862 773 1932; x_wconf 81' lang='lat' dir='ltr'><strong>vel</strong></span> <span class='ocrx_word' id='word_1_92' title='bbox 816 1866 1037 1953; x_wconf 89' lang='lat' dir='ltr'><strong>potius</strong></span> <span class='ocrx_word' id='word_1_93' title='bbox 1080 1862 1367 1931; x_wconf 87' lang='lat' dir='ltr'><strong>salutem</strong></span> <span class='ocrx_word' id='word_1_94' title='bbox 1410 1863 1738 1929; x_wconf 87' lang='lat' dir='ltr'><strong>attulerit.</strong></span> <span class='ocrx_word' id='word_1_95' title='bbox 1786 1863 1963 1930; x_wconf 89' lang='lat' dir='ltr'><strong>Huic</strong></span> <span class='ocrx_word' id='word_1_96' title='bbox 2005 1864 2159 1951; x_wconf 75' lang='lat' dir='ltr'><strong>e&#39;rgo</strong></span> <span class='ocrx_word' id='word_1_97' title='bbox 2191 1863 2372 1930; x_wconf 86' lang='lat' dir='ltr'><strong>urbis</strong></span> <span class='ocrx_word' id='word_1_98' title='bbox 2401 1877 2666 1931; x_wconf 86' lang='lat' dir='ltr'><strong>nostrae</strong></span> <span class='ocrx_word' id='word_1_99' title='bbox 2694 1884 2853 1930; x_wconf 82' lang='lat' dir='ltr'><strong>cum</strong></span> 
     </span>
     <span class='ocr_line' id='line_1_15' title="bbox 659 1977 2856 2066; baseline -0.001 -21"><span class='ocrx_word' id='word_1_100' title='bbox 659 2000 923 2045; x_wconf 89' lang='lat' dir='ltr'><strong>summa</strong></span> <span class='ocrx_word' id='word_1_101' title='bbox 989 1990 1317 2066; x_wconf 75' lang='lat' dir='ltr'><strong>potestate</strong></span> <span class='ocrx_word' id='word_1_102' title='bbox 1382 2000 1615 2044; x_wconf 89' lang='lat' dir='ltr'><strong>curam</strong></span> <span class='ocrx_word' id='word_1_103' title='bbox 1672 1977 2227 2047; x_wconf 85' lang='lat' dir='ltr'><strong>committendam</strong></span> <span class='ocrx_word' id='word_1_104' title='bbox 2272 1996 2406 2045; x_wconf 82' lang='lat' dir='ltr'><strong>esse</strong></span> <span class='ocrx_word' id='word_1_105' title='bbox 2450 1998 2727 2057; x_wconf 84' lang='lat' dir='ltr'><strong>censeo,</strong></span> <span class='ocrx_word' id='word_1_106' title='bbox 2780 1989 2856 2043; x_wconf 88' lang='lat' dir='ltr'><strong>ut</strong></span> 
     </span>
     <span class='ocr_line' id='line_1_16' title="bbox 660 2090 2855 2184; baseline 0 -25"><span class='ocrx_word' id='word_1_107' title='bbox 660 2105 920 2182; x_wconf 88' lang='lat' dir='ltr'><strong>praetor</strong></span> <span class='ocrx_word' id='word_1_108' title='bbox 963 2093 1162 2160; x_wconf 85' lang='lat' dir='ltr'><strong>simul</strong></span> <span class='ocrx_word' id='word_1_109' title='bbox 1206 2104 1276 2159; x_wconf 91' lang='lat' dir='ltr'><strong>et</strong></span> <span class='ocrx_word' id='word_1_110' title='bbox 1317 2090 1690 2183; x_wconf 85' lang='lat' dir='ltr'><strong>praefectus</strong></span> <span class='ocrx_word' id='word_1_111' title='bbox 1737 2106 1983 2161; x_wconf 89' lang='lat' dir='ltr'><strong>cuncta</strong></span> <span class='ocrx_word' id='word_1_112' title='bbox 2023 2117 2140 2182; x_wconf 88' lang='lat' dir='ltr'><strong>pro</strong></span> <span class='ocrx_word' id='word_1_113' title='bbox 2173 2116 2294 2162; x_wconf 86' lang='lat' dir='ltr'><strong>suo</strong></span> <span class='ocrx_word' id='word_1_114' title='bbox 2327 2094 2598 2162; x_wconf 86' lang='lat' dir='ltr'><strong>arbitrio</strong></span> <span class='ocrx_word' id='word_1_115' title='bbox 2643 2095 2855 2184; x_wconf 85' lang='lat' dir='ltr'><strong>possit</strong></span> 
     </span>
     <span class='ocr_line' id='line_1_17' title="bbox 662 2202 2861 2298; baseline 0.002 -24"><span class='ocrx_word' id='word_1_116' title='bbox 662 2209 1025 2298; x_wconf 88' lang='lat' dir='ltr'><strong>disponere.</strong></span> <span class='ocrx_word' id='word_1_117' title='bbox 1082 2208 1308 2277; x_wconf 88' lang='lat' dir='ltr'><strong>Solam</strong></span> <span class='ocrx_word' id='word_1_118' title='bbox 1353 2210 1527 2277; x_wconf 85' lang='lat' dir='ltr'><strong>hanc</strong></span> <span class='ocrx_word' id='word_1_119' title='bbox 1571 2210 1816 2278; x_wconf 88' lang='lat' dir='ltr'><strong>morbis</strong></span> <span class='ocrx_word' id='word_1_120' title='bbox 1857 2214 2092 2278; x_wconf 85' lang='lat' dir='ltr'><strong>nostris</strong></span> <span class='ocrx_word' id='word_1_121' title='bbox 2125 2213 2389 2280; x_wconf 82' lang='lat' dir='ltr'><strong>invenio</strong></span> <span class='ocrx_word' id='word_1_122' title='bbox 2420 2202 2861 2291; x_wconf 64' lang='lat' dir='ltr'><strong>medicinam,</strong></span> 
     </span>
     <span class='ocr_line' id='line_1_18' title="bbox 663 2324 2854 2417; baseline 0.002 -27"><span class='ocrx_word' id='word_1_123' title='bbox 663 2348 800 2415; x_wconf 89' lang='lat' dir='ltr'><strong>qua</strong></span> <span class='ocrx_word' id='word_1_124' title='bbox 844 2324 1176 2415; x_wconf 84' lang='lat' dir='ltr'><strong>neglecta,</strong></span> <span class='ocrx_word' id='word_1_125' title='bbox 1219 2326 1411 2394; x_wconf 88' lang='lat' dir='ltr'><strong>nobis</strong></span> <span class='ocrx_word' id='word_1_126' title='bbox 1453 2327 1641 2393; x_wconf 81' lang='lat' dir='ltr'><strong>brevi</strong></span> <span class='ocrx_word' id='word_1_127' title='bbox 1686 2326 2059 2393; x_wconf 84' lang='lat' dir='ltr'><strong>cadendum</strong></span> <span class='ocrx_word' id='word_1_128' title='bbox 2105 2340 2175 2393; x_wconf 89' lang='lat' dir='ltr'><strong>et</strong></span> <span class='ocrx_word' id='word_1_129' title='bbox 2219 2327 2707 2417; x_wconf 86' lang='lat' dir='ltr'><strong>rempublicam</strong></span> <span class='ocrx_word' id='word_1_130' title='bbox 2753 2351 2854 2394; x_wconf 86' lang='lat' dir='ltr'><strong>ra·</strong></span> 
     </span>
     <span class='ocr_line' id='line_1_19' title="bbox 664 2439 2849 2510; baseline 0.001 -6"><span class='ocrx_word' id='word_1_131' title='bbox 664 2439 910 2506; x_wconf 86' lang='lat' dir='ltr'><strong>dicitus</strong></span> <span class='ocrx_word' id='word_1_132' title='bbox 955 2463 1248 2508; x_wconf 87' lang='lat' dir='ltr'><strong>eversam</strong></span> <span class='ocrx_word' id='word_1_133' title='bbox 1290 2443 1368 2507; x_wconf 88' lang='lat' dir='ltr'><strong>iri</strong></span> <span class='ocrx_word' id='word_1_134' title='bbox 1414 2465 1549 2508; x_wconf 88' lang='lat' dir='ltr'><strong>non</strong></span> <span class='ocrx_word' id='word_1_135' title='bbox 1581 2441 1844 2509; x_wconf 88' lang='lat' dir='ltr'><strong>dubito.</strong></span> <span class='ocrx_word' id='word_1_136' title='bbox 1890 2441 2010 2508; x_wconf 82' lang='lat' dir='ltr'><strong>His</strong></span> <span class='ocrx_word' id='word_1_137' title='bbox 2041 2442 2236 2508; x_wconf 88' lang='lat' dir='ltr'><strong>dictis</strong></span> <span class='ocrx_word' id='word_1_138' title='bbox 2281 2445 2501 2510; x_wconf 85' lang='lat' dir='ltr'><strong>variae</strong></span> <span class='ocrx_word' id='word_1_139' title='bbox 2546 2446 2617 2510; x_wconf 89' lang='lat' dir='ltr'><strong>in</strong></span> <span class='ocrx_word' id='word_1_140' title='bbox 2664 2447 2849 2509; x_wconf 84' lang='lat' dir='ltr'><strong>curia</strong></span> 
     </span>
     <span class='ocr_line' id='line_1_20' title="bbox 662 2555 2856 2648; baseline 0.002 -27"><span class='ocrx_word' id='word_1_141' title='bbox 662 2555 882 2623; x_wconf 86' lang='lat' dir='ltr'><strong>dictae</strong></span> <span class='ocrx_word' id='word_1_142' title='bbox 931 2562 1293 2625; x_wconf 90' lang='lat' dir='ltr'><strong>sententiae</strong></span> <span class='ocrx_word' id='word_1_143' title='bbox 1360 2555 1584 2624; x_wconf 85' lang='lat' dir='ltr'><strong>fuere.</strong></span> <span class='ocrx_word' id='word_1_144' title='bbox 1642 2557 1947 2626; x_wconf 88' lang='lat' dir='ltr'><strong>Tandem</strong></span> <span class='ocrx_word' id='word_1_145' title='bbox 1993 2557 2399 2627; x_wconf 82' lang='lat' dir='ltr'><strong>Caesarianis</strong></span> <span class='ocrx_word' id='word_1_146' title='bbox 2451 2562 2547 2626; x_wconf 88' lang='lat' dir='ltr'><strong>ita</strong></span> <span class='ocrx_word' id='word_1_147' title='bbox 2599 2557 2856 2648; x_wconf 82' lang='lat' dir='ltr'><strong>efflagi-</strong></span> 
     </span>
     <span class='ocr_line' id='line_1_21' title="bbox 663 2671 2851 2764; baseline 0 -27"><span class='ocrx_word' id='word_1_148' title='bbox 663 2671 961 2739; x_wconf 87' lang='lat' dir='ltr'><strong>tantibus</strong></span> <span class='ocrx_word' id='word_1_149' title='bbox 1006 2672 1321 2739; x_wconf 88' lang='lat' dir='ltr'><strong>Obicium</strong></span> <span class='ocrx_word' id='word_1_150' title='bbox 1366 2671 1544 2738; x_wconf 85' lang='lat' dir='ltr'><strong>Actii</strong></span> <span class='ocrx_word' id='word_1_151' title='bbox 1604 2677 1863 2763; x_wconf 81' lang='lat' dir='ltr'><strong>patrem</strong></span> <span class='ocrx_word' id='word_1_152' title='bbox 1930 2697 2192 2741; x_wconf 86' lang='lat' dir='ltr'><strong>summa</strong></span> <span class='ocrx_word' id='word_1_153' title='bbox 2258 2696 2417 2740; x_wconf 88' lang='lat' dir='ltr'><strong>cum</strong></span> <span class='ocrx_word' id='word_1_154' title='bbox 2484 2686 2851 2764; x_wconf 86' lang='lat' dir='ltr'><strong>potestate,</strong></span> 
     </span>
     <span class='ocr_line' id='line_1_22' title="bbox 661 2788 2844 2878; baseline 0.001 -25"><span class='ocrx_word' id='word_1_155' title='bbox 661 2798 732 2853; x_wconf 87' lang='lat' dir='ltr'><strong>et</strong></span> <span class='ocrx_word' id='word_1_156' title='bbox 776 2789 915 2854; x_wconf 85' lang='lat' dir='ltr'><strong>sine</strong></span> <span class='ocrx_word' id='word_1_157' title='bbox 958 2791 1420 2878; x_wconf 85' lang='lat' dir='ltr'><strong>provocatione</strong></span> <span class='ocrx_word' id='word_1_158' title='bbox 1461 2788 1883 2856; x_wconf 83' lang='lat' dir='ltr'><strong>Praefectum</strong></span> <span class='ocrx_word' id='word_1_159' title='bbox 1927 2803 2226 2856; x_wconf 87' lang='lat' dir='ltr'><strong>creatum</strong></span> <span class='ocrx_word' id='word_1_160' title='bbox 2270 2792 2495 2858; x_wconf 84' lang='lat' dir='ltr'><strong>vocari</strong></span> <span class='ocrx_word' id='word_1_161' title='bbox 2538 2788 2844 2878; x_wconf 86' lang='lat' dir='ltr'><strong>placuit,</strong></span> 
     </span>
     <span class='ocr_line' id='line_1_23' title="bbox 661 2903 2849 2995; baseline 0.001 -26"><span class='ocrx_word' id='word_1_162' title='bbox 661 2903 854 2989; x_wconf 81' lang='lat' dir='ltr'><strong>cujus</strong></span> <span class='ocrx_word' id='word_1_163' title='bbox 910 2908 1002 2970; x_wconf 89' lang='lat' dir='ltr'><strong>rei</strong></span> <span class='ocrx_word' id='word_1_164' title='bbox 1068 2928 1225 2972; x_wconf 86' lang='lat' dir='ltr'><strong>cum</strong></span> <span class='ocrx_word' id='word_1_165' title='bbox 1290 2904 1622 2973; x_wconf 88' lang='lat' dir='ltr'><strong>Inferioris</strong></span> <span class='ocrx_word' id='word_1_166' title='bbox 1668 2909 1956 2974; x_wconf 86' lang='lat' dir='ltr'><strong>nominis</strong></span> <span class='ocrx_word' id='word_1_167' title='bbox 2004 2907 2262 2973; x_wconf 88' lang='lat' dir='ltr'><strong>civibus</strong></span> <span class='ocrx_word' id='word_1_168' title='bbox 2303 2910 2372 2972; x_wconf 92' lang='lat' dir='ltr'><strong>in</strong></span> <span class='ocrx_word' id='word_1_169' title='bbox 2417 2907 2647 2995; x_wconf 86' lang='lat' dir='ltr'><strong>primis</strong></span> <span class='ocrx_word' id='word_1_170' title='bbox 2697 2905 2849 2972; x_wconf 86' lang='lat' dir='ltr'><strong>Ber·</strong></span> 
     </span>
     <span class='ocr_line' id='line_1_24' title="bbox 658 3020 2842 3113; baseline 0 -26"><span class='ocrx_word' id='word_1_171' title='bbox 658 3020 1012 3089; x_wconf 87' lang='lat' dir='ltr'><strong>nardinum</strong></span> <span class='ocrx_word' id='word_1_172' title='bbox 1041 3022 1493 3113; x_wconf 86' lang='lat' dir='ltr'><strong>Praepositum</strong></span> <span class='ocrx_word' id='word_1_173' title='bbox 1525 3022 1923 3091; x_wconf 87' lang='lat' dir='ltr'><strong>Folleanum</strong></span> <span class='ocrx_word' id='word_1_174' title='bbox 1947 3074 1967 3104; x_wconf 94' lang='lat'><strong>,</strong></span> <span class='ocrx_word' id='word_1_175' title='bbox 2012 3021 2387 3112; x_wconf 86' lang='lat' dir='ltr'><strong>Sessiosque</strong></span> <span class='ocrx_word' id='word_1_176' title='bbox 2429 3025 2501 3090; x_wconf 86' lang='lat' dir='ltr'><strong>in</strong></span> <span class='ocrx_word' id='word_1_177' title='bbox 2547 3021 2842 3090; x_wconf 88' lang='lat' dir='ltr'><strong>hostium</strong></span> 
     </span>
     <span class='ocr_line' id='line_1_25' title="bbox 658 3133 2845 3226; baseline 0.001 -26"><span class='ocrx_word' id='word_1_178' title='bbox 658 3135 981 3202; x_wconf 87' lang='lat' dir='ltr'><strong>invidiam</strong></span> <span class='ocrx_word' id='word_1_179' title='bbox 1027 3149 1322 3203; x_wconf 88' lang='lat' dir='ltr'><strong>auctores</strong></span> <span class='ocrx_word' id='word_1_180' title='bbox 1368 3133 1568 3201; x_wconf 88' lang='lat' dir='ltr'><strong>fuisse</strong></span> <span class='ocrx_word' id='word_1_181' title='bbox 1613 3149 1892 3203; x_wconf 84' lang='lat' dir='ltr'><strong>constat.</strong></span> <span class='ocrx_word' id='word_1_182' title='bbox 1934 3136 2213 3204; x_wconf 88' lang='lat' dir='ltr'><strong>Ineunte</strong></span> <span class='ocrx_word' id='word_1_183' title='bbox 2244 3139 2448 3226; x_wconf 84' lang='lat' dir='ltr'><strong>igitur</strong></span> <span class='ocrx_word' id='word_1_184' title='bbox 2480 3160 2589 3203; x_wconf 86' lang='lat' dir='ltr'><strong>an.</strong></span> <span class='ocrx_word' id='word_1_185' title='bbox 2621 3156 2845 3202; x_wconf 71' lang='lat' dir='ltr'><strong>mccxc</strong></span> 
     </span>
     <span class='ocr_line' id='line_1_26' title="bbox 660 3249 2844 3343; baseline 0.002 -28"><span class='ocrx_word' id='word_1_186' title='bbox 660 3250 880 3318; x_wconf 82' lang='lat' dir='ltr'><strong>idibus</strong></span> <span class='ocrx_word' id='word_1_187' title='bbox 924 3250 1227 3340; x_wconf 84' lang='lat' dir='ltr'><strong>quintilis</strong></span> <span class='ocrx_word' id='word_1_188' title='bbox 1281 3249 1484 3340; x_wconf 86' lang='lat' dir='ltr'><strong>legati</strong></span> <span class='ocrx_word' id='word_1_189' title='bbox 1538 3251 1621 3315; x_wconf 91' lang='lat' dir='ltr'><strong>ad</strong></span> <span class='ocrx_word' id='word_1_190' title='bbox 1667 3275 1823 3317; x_wconf 90' lang='lat' dir='ltr'><strong>eum</strong></span> <span class='ocrx_word' id='word_1_191' title='bbox 1869 3255 2048 3319; x_wconf 87' lang='lat' dir='ltr'><strong>missi</strong></span> <span class='ocrx_word' id='word_1_192' title='bbox 2111 3266 2342 3343; x_wconf 84' lang='lat' dir='ltr'><strong>rogant</strong></span> <span class='ocrx_word' id='word_1_193' title='bbox 2385 3265 2465 3319; x_wconf 88' lang='lat' dir='ltr'><strong>ut</strong></span> <span class='ocrx_word' id='word_1_194' title='bbox 2508 3253 2844 3321; x_wconf 85' lang='lat' dir='ltr'><strong>seditioso-</strong></span> 
     </span>
     <span class='ocr_line' id='line_1_27' title="bbox 659 3365 2844 3458; baseline 0.001 -24"><span class='ocrx_word' id='word_1_195' title='bbox 659 3390 810 3434; x_wconf 85' lang='lat' dir='ltr'><strong>rum</strong></span> <span class='ocrx_word' id='word_1_196' title='bbox 878 3365 1293 3434; x_wconf 85' lang='lat' dir='ltr'><strong>fraenaturus</strong></span> <span class='ocrx_word' id='word_1_197' title='bbox 1359 3367 1707 3435; x_wconf 87' lang='lat' dir='ltr'><strong>libidinem</strong></span> <span class='ocrx_word' id='word_1_198' title='bbox 1774 3391 1890 3458; x_wconf 89' lang='lat' dir='ltr'><strong>per</strong></span> <span class='ocrx_word' id='word_1_199' title='bbox 1961 3371 2319 3437; x_wconf 88' lang='lat' dir='ltr'><strong>triennium</strong></span> <span class='ocrx_word' id='word_1_200' title='bbox 2388 3371 2663 3439; x_wconf 88' lang='lat' dir='ltr'><strong>arbitrio</strong></span> <span class='ocrx_word' id='word_1_201' title='bbox 2728 3393 2844 3438; x_wconf 85' lang='lat' dir='ltr'><strong>suo</strong></span> 
     </span>
     <span class='ocr_line' id='line_1_28' title="bbox 657 3482 2841 3577; baseline 0.001 -27"><span class='ocrx_word' id='word_1_202' title='bbox 657 3484 895 3550; x_wconf 88' lang='lat' dir='ltr'><strong>urbem</strong></span> <span class='ocrx_word' id='word_1_203' title='bbox 964 3493 1257 3552; x_wconf 87' lang='lat' dir='ltr'><strong>nostram</strong></span> <span class='ocrx_word' id='word_1_204' title='bbox 1313 3495 1527 3573; x_wconf 84' lang='lat' dir='ltr'><strong>regat.</strong></span> <span class='ocrx_word' id='word_1_205' title='bbox 1584 3482 1833 3552; x_wconf 84' lang='lat' dir='ltr'><strong>Gratiis</strong></span> <span class='ocrx_word' id='word_1_206' title='bbox 1877 3488 2045 3554; x_wconf 90' lang='lat' dir='ltr'><strong>actis</strong></span> <span class='ocrx_word' id='word_1_207' title='bbox 2088 3487 2399 3568; x_wconf 89' lang='lat' dir='ltr'><strong>Obicius,</strong></span> <span class='ocrx_word' id='word_1_208' title='bbox 2441 3487 2628 3577; x_wconf 86' lang='lat' dir='ltr'><strong>quod</strong></span> <span class='ocrx_word' id='word_1_209' title='bbox 2671 3485 2841 3553; x_wconf 85' lang='lat' dir='ltr'><strong>hanc</strong></span> 
     </span>
     <span class='ocr_line' id='line_1_29' title="bbox 657 3601 2838 3695; baseline 0.001 -28"><span class='ocrx_word' id='word_1_210' title='bbox 657 3601 742 3668; x_wconf 90' lang='lat' dir='ltr'><strong>de</strong></span> <span class='ocrx_word' id='word_1_211' title='bbox 783 3624 853 3670; x_wconf 92' lang='lat' dir='ltr'><strong>se</strong></span> <span class='ocrx_word' id='word_1_212' title='bbox 897 3601 1264 3692; x_wconf 84' lang='lat' dir='ltr'><strong>respublica</strong></span> <span class='ocrx_word' id='word_1_213' title='bbox 1309 3604 1686 3692; x_wconf 88' lang='lat' dir='ltr'><strong>opinionem</strong></span> <span class='ocrx_word' id='word_1_214' title='bbox 1731 3607 2189 3695; x_wconf 84' lang='lat' dir='ltr'><strong>optimamque</strong></span> <span class='ocrx_word' id='word_1_215' title='bbox 2231 3627 2415 3695; x_wconf 88' lang='lat' dir='ltr'><strong>spem</strong></span> <span class='ocrx_word' id='word_1_216' title='bbox 2461 3604 2838 3685; x_wconf 83' lang='lat' dir='ltr'><strong>habuisset,</strong></span> 
     </span>
     <span class='ocr_line' id='line_1_30' title="bbox 652 3719 2834 3812; baseline 0.001 -27"><span class='ocrx_word' id='word_1_217' title='bbox 652 3721 725 3786; x_wconf 91' lang='lat' dir='ltr'><strong>in</strong></span> <span class='ocrx_word' id='word_1_218' title='bbox 771 3743 1021 3787; x_wconf 89' lang='lat' dir='ltr'><strong>annum</strong></span> <span class='ocrx_word' id='word_1_219' title='bbox 1067 3731 1333 3787; x_wconf 85' lang='lat' dir='ltr'><strong>tantum</strong></span> <span class='ocrx_word' id='word_1_220' title='bbox 1379 3719 1860 3811; x_wconf 85' lang='lat' dir='ltr'><strong>praefecturam</strong></span> <span class='ocrx_word' id='word_1_221' title='bbox 1905 3746 1975 3791; x_wconf 90' lang='lat' dir='ltr'><strong>se</strong></span> <span class='ocrx_word' id='word_1_222' title='bbox 2021 3733 2445 3812; x_wconf 88' lang='lat' dir='ltr'><strong>accepturum</strong></span> <span class='ocrx_word' id='word_1_223' title='bbox 2478 3724 2834 3812; x_wconf 87' lang='lat' dir='ltr'><strong>promittit.</strong></span> 
     </span>
     <span class='ocr_line' id='line_1_31' title="bbox 655 3834 2837 3927; baseline 0.001 -26"><span class='ocrx_word' id='word_1_224' title='bbox 655 3834 721 3901; x_wconf 81' lang='lat' dir='ltr'><strong>Is</strong></span> <span class='ocrx_word' id='word_1_225' title='bbox 763 3859 850 3901; x_wconf 84' lang='lat' dir='ltr'><strong>ex</strong></span> <span class='ocrx_word' id='word_1_226' title='bbox 892 3835 1241 3926; x_wconf 83' lang='lat' dir='ltr'><strong>Raynaldo</strong></span> <span class='ocrx_word' id='word_1_227' title='bbox 1285 3850 1484 3905; x_wconf 89' lang='lat' dir='ltr'><strong>natus</strong></span> <span class='ocrx_word' id='word_1_228' title='bbox 1531 3850 1725 3905; x_wconf 89' lang='lat' dir='ltr'><strong>antea</strong></span> <span class='ocrx_word' id='word_1_229' title='bbox 1769 3837 2147 3906; x_wconf 86' lang='lat' dir='ltr'><strong>Gulielmus</strong></span> <span class='ocrx_word' id='word_1_230' title='bbox 2191 3838 2593 3919; x_wconf 84' lang='lat' dir='ltr'><strong>vocabatur,</strong></span> <span class='ocrx_word' id='word_1_231' title='bbox 2636 3859 2837 3927; x_wconf 87' lang='lat' dir='ltr'><strong>quem</strong></span> 
     </span>
     <span class='ocr_line' id='line_1_32' title="bbox 653 3948 2835 4044; baseline 0.001 -28"><span class='ocrx_word' id='word_1_232' title='bbox 653 3948 889 4016; x_wconf 86' lang='lat' dir='ltr'><strong>Actius</strong></span> <span class='ocrx_word' id='word_1_233' title='bbox 954 3948 1021 4017; x_wconf 90' lang='lat' dir='ltr'><strong>V</strong></span> <span class='ocrx_word' id='word_1_234' title='bbox 1094 3975 1248 4018; x_wconf 89' lang='lat' dir='ltr'><strong>cum</strong></span> <span class='ocrx_word' id='word_1_235' title='bbox 1317 3953 1516 4043; x_wconf 88' lang='lat' dir='ltr'><strong>prolis</strong></span> <span class='ocrx_word' id='word_1_236' title='bbox 1582 3977 1699 4044; x_wconf 87' lang='lat' dir='ltr'><strong>spe</strong></span> <span class='ocrx_word' id='word_1_237' title='bbox 1766 3966 2054 4035; x_wconf 86' lang='lat' dir='ltr'><strong>careret,</strong></span> <span class='ocrx_word' id='word_1_238' title='bbox 2121 3953 2465 4020; x_wconf 84' lang='lat' dir='ltr'><strong>haeredem</strong></span> <span class='ocrx_word' id='word_1_239' title='bbox 2536 3949 2835 4019; x_wconf 80' lang='lat' dir='ltr'><strong>facturus</strong></span> 
     </span>
     <span class='ocr_line' id='line_1_33' title="bbox 654 4063 2833 4157; baseline 0.001 -26"><span class='ocrx_word' id='word_1_240' title='bbox 654 4063 1045 4156; x_wconf 87' lang='lat' dir='ltr'><strong>adoptatum</strong></span> <span class='ocrx_word' id='word_1_241' title='bbox 1094 4069 1182 4135; x_wconf 88' lang='lat' dir='ltr'><strong>ab</strong></span> <span class='ocrx_word' id='word_1_242' title='bbox 1227 4071 1406 4139; x_wconf 85' lang='lat' dir='ltr'><strong>avito</strong></span> <span class='ocrx_word' id='word_1_243' title='bbox 1449 4070 1715 4137; x_wconf 85' lang='lat' dir='ltr'><strong>nomine</strong></span> <span class='ocrx_word' id='word_1_244' title='bbox 1762 4068 2076 4138; x_wconf 88' lang='lat' dir='ltr'><strong>Obicium</strong></span> <span class='ocrx_word' id='word_1_245' title='bbox 2129 4069 2533 4138; x_wconf 86' lang='lat' dir='ltr'><strong>nominavit.</strong></span> <span class='ocrx_word' id='word_1_246' title='bbox 2576 4067 2644 4135; x_wconf 90' lang='lat' dir='ltr'>A</span> <span class='ocrx_word' id='word_1_247' title='bbox 2688 4065 2833 4157; x_wconf 91' lang='lat' dir='ltr'><strong>plu·</strong></span> 
     </span>
    </p>
   </div>
   <div class='ocr_carea' id='block_1_3' title="bbox 2927 0 2931 523">
    <p class='ocr_par' dir='ltr' id='par_1_3' title="bbox 2927 0 2931 523">
     <span class='ocr_line' id='line_1_34' title="bbox 2927 0 2931 523; baseline 0 0"><span class='ocrx_word' id='word_1_248' title='bbox 2927 0 2931 523; x_wconf 95' lang='lat' dir='ltr'><strong> </strong></span> 
     </span>
    </p>
   </div>
  </div>
 </body>
</html>
