2950 5017
683 399 771 481 48
928 407 933 413 ’
1424 414 1656 459 aarum
1700 415 2113 462 nemausum

681 537 855 604 hanc
898 536 1135 603 urbem
1162 546 1463 627 vocatam
1483 585 1502 614 ‚
1547 539 1617 602 et'
1662 534 1793 604 alio
1839 560 1879 603 a
1922 536 2172 625 Lepido
2217 535 2608 605 translatam
2655 533 2886 630 fnisse

682 665 930 720 temere
959 652 1275 721 Ponticus
1307 649 1673 733 fabulatur,
1703 674 1860 719 cum
1903 650 2093 718 nulla
2138 650 2339 737 hujus
2381 655 2726 743 opinionis
2771 654 2882 722 vel

683 772 1070 849 auctoritas,
1115 768 1223 836 vel
1267 779 1444 844 certa
1489 757 1797 835 afferatur
1842 770 2009 836 ratio
2028 817 2045 834 .
2090 766 2382 835 Tantam
2453 792 2607 838 vero
2681 773 2886 837 resti·

683 884 915 951 tuendi
967 883 1152 974 Regii
1205 907 1433 950 curam
1466 883 1773 973 'Lepidus
1840 883 2116 962 habuit,
2174 895 2253 949 ut
2329 862 2535 952 totius
2592 883 2883 952 Galliae

680 1000 1061 1092 Cisalpinae
1104 1001 1202 1066 ibi
1247 996 1471 1067 forum
1519 998 1861 1079 habuerit,
1903 998 2104 1089 quod.
2137 1002 2525 1089 praecipuus
2568 1004 2882 1090 negotia-

577 1103 583 1108 *
680 1119 910 1198 tionis,
934 1129 1023 1183 ‘et
1068 1116 1288 1182 litium
1335 1115 1517 1185 locus
1564 1115 1947 1214 haberetur.
1997 1093 2174 1182 Cum
2221 1119 2397 1182 enim
2442 1139 2554 1206 per
2597 1115 2878 1205 hyemis

679 1233 1022 1299 saevitiam
1068 1255 1108 1297 a
1151 1230 1327 1299 bello
1372 1231 1649 1320 gerendo
1692 1230 1976 1298 Romani
2021 1242 2506 1318 revocarentur,
2549 1230 2875 1319 pluribus

675 1334 1018 1425 judicibus
1070 1349 1481 1427 constitutis,
1532 1369 1698 1436 quos
1741 1345 2262 1436 Recuperatores
2318 1345 2684 1426 vocabant,
2735 1370 2875 1413 cer·

679 1477 827 1532 tum
871 1468 1074 1549 etiam
1107 1463 1324 1532 locum
1358 1463 1442 1529 ad
1468 1463 1871 1532 dirimendas
1899 1465 2269 1552 provinciae
2312 1461 2460 1530 lites
2502 1462 2871 1554 eligebant.

674 1582 968 1652 Comitia
1013 1580 1131 1648 illa
1173 1580 1596 1660 Conventus,
1646 1581 1684 1658 J
1690 1579 1889 1648 udioii
1944 1603 2099 1649 vero
2149 1580 2339 1648 locus
2397 1581 2644 1648 Forum
2690 1581 2870 1646 dice·

672 1699 906 1766 batur.
949 1699 1169 1781 Quare
1213 1695 1782 1790 sient-Flaminii,
1826 1696 2037 1777 Livii,
2083 1695 2377 1777 Aurelii,
2417 1695 2755 1777 Cornelii,
2800 1707 2868 1764 et

548 1830 553 1833 ’
674 1812 1047 1903 Sempronii
1094 1801 1342 1879 Forum
1389 1811 1787 1892 vocabatur,
1832 1814 1931 1878 ita
1991 1823 2061 1878 et
2117 1810 2399 1901 Regium
2431 1812 2692 1892 'Forum
2742 1811 2870 1882 Le-

671 1930 812 2018 pidi
866 1929 1276 2018 appellatum
1331 1926 1496 1994 fuit.
1558 1928 1851 2011 Vicum,
1907 1927 2027 1993 ubi
2078 1929 2218 2017 ipse
2271 1926 2509 1993 resedit
2536 1976 2555 2006 ,
2623 1926 2717 1993 ab
2753 1907 2864 1993 'eo

673 2044 1022 2111 AEmilium
1055 2050 1520 2141 nuncupatum
1567 2044 1766 2112 fuisse
1813 2043 2117 2125 tradunt,
2146 2047 2266 2134 qui
2299 2046 2661 2111 etiamnum
2697 2042 2867 2109 Bur·

608 2172 624 2186 ‘
674 2183 795 2250 gus
859 2157 1237 2228 AEmiliolus
1305 2173 1622 2240 vocatur3
1689 2171 2112 2249 nostramque
2177 2160 2412 2226 urbem
2479 2158 2860 2227 Romanam

672 2276 999 2344 coloniam
1051 2274 1235 2343 fecit.
1293 2275 1393 2342 Ea
1459 2275 1742 2344 nobilior
1769 2326 1789 2357 ,
1854 2299 2062 2368 quam
2095 2283 2101 2291 ’
2129 2276 2370 2341 Latina
2436 2275 2858 2341 censebatur.

672 2392 849 2459 Cum
894 2395 1012 2482 qui
1058 2416 1144 2458 ex
1186 2391 1510 2459 Romanis
1567 2391 2114 2471 deducebantur,
2156 2391 2306 2476 jure
2360 2392 2655 2484 civitatis
2697 2411 2861 2480 gau·

672 2508 924 2589 derent,
968 2531 1046 2574 ac
1092 2532 1177 2574 ne
1224 2510 1440 2597 virgis·
1466 2511 1745 2598 turpiter
1791 2508 2240 2588 caederentur,
2270 2530 2389 2597 pro
2413 2529 2698 2584 ,summo
2747 2506 2862 2571 be-

560 2709 571 2722 ·
670 2622 897 2693 nefitio
939 2607 1289 2692 haberent:
1337 2649 1423 2691 ex
1464 2648 1584 2693 suo
1630 2624 2038 2714 relinquere,
2084 2635 2154 2690 et
2200 2624 2415 2691 alieno
2459 2633 2861 2690 testamento

668 2739 847 2807 bona
889 2763 1120 2830 capere
1163 2750 1504 2830 poterant3
1552 2753 1852 2828 agnatos,
1885 2739 2155 2820 tutelae,
2187 2737 2482 2805 familiae
2525 2735 2859 2827 sepulcra,

669 2858 954 2944 patriam
1001 2867 1446 2945 potestatem,
1500 2867 1569 2921 et
1618 2867 1879 2923 caetera
1923 2856 2176 2922 civium
2240 2851 2391 2939 jura
2454 2849 2860 2919 retinebant.

669 2971 788 3036 His
831 2994 983 3047 vero
1027 2994 1254 3053 carens
1284 2972 1528 3040 Latina
1557 2969 1819 3038 colonia
1861 2993 2054 3036 suam
2083 2967 2371 3048 nudam,
2401 2966 2593 3050 velut
2622 2966 2859 3056 populi
2886 3052 2904 3070 ο

668 3092 922 3155 romani
951 3092 1151 3167 socia,
1182 3089 1562 3154 libertatem
1594 3088 2071 3176 conservabat3
2121 3108 2196 3151 ac
2239 3084 2379 3151 solo
2424 3084 2549 3151 hoc
2584 3106 2860 3151 munere

670 3202 1176 3300 honestabatur,
1220 3207 1300 3266 ut
1343 3205 1413 3267 in
1477 3204 1774 3267 exercitu
1844 3214 1981 3266 una
2046 3223 2205 3266 cum
2250 3199 2578 3295 Romanis·
2606 3199 2858 3266 Centu-

670 3322 867 3388 rionis
893 3369 912 3399 ,
958 3318 1274 3398 Tribuni,
1320 3329 1388 3383 et
1431 3314 1759 3383 Praefecti
1807 3314 2015 3386 offitio
2059 3314 2481 3407 fungeretur3
2526 3320 2580 3382 si
2632 3328 2858 3383 tamen

671 3458 757 3499 ex
799 3458 868 3500 se
912 3437 1212 3523 stirpem,
1255 3433 1424 3500 idest
1468 3432 1733 3512 liberm,
1765 3433 1986 3499 Latini
2021 3432 2200 3508 dorni
2246 3433 2696 3523 reliquissent,
2742 3456 2859 3522 po-

668 3562 809 3617 stea
849 3551 1026 3618 cives
1071 3550 1324 3616 romani
1386 3541 1570 3614 ‘fieri'
1605 3560 1931 3638 poterant.
1978 3549 2168 3639 Regii
2214 3572 2365 3616 vero
2418 3551 2703 3637 positam
2749 3551 2859 3617 co-

669 3665 917 3733 loniam
970 3664 1342 3733 Romanam
1393 3635 1654 3745 fuisses·
1678 3676 1938 3755 praeter
1979 3665 2190 3746 Livii,
2237 3677 2307 3730 et
2348 3663 2716 3731 Ptolomaei
2763 3675 2860 3729 te-

669 3784 1095 3864 stimonium,
1141 3782 1292 3848 inde
1338 3782 1749 3847 etiam'satis
1792 3782 2204 3871 comprobari
2251 3763 2504 3870 potest,
2548 3779 2732 3869 quod
2778 3802 2858 3846 ex

675 3900 843 3987 agris
858 3945 879 3979 ,
920 3901 1042 3988 qui
1110 3910 1272 3964 tunc
1342 3892 1591 3966 colonis
1658 3892 1963 3987 assignati
2023 3895 2296 3978 fueress-
2307 3895 2577 3986 quidam
2641 3893 2856 3961 adhue

669 4003 1124 4082 Romanorum
1177 4038 1422 4083 nomen
1485 4016 1798 4081 retinent.
1846 4013 1983 4084 Ubi
2029 4015 2210 4079 enim
2255 4011 2422 4097 Cajo
2490 4033 2641 4099 ager
2709 3996 2859 4076 assi-'-

637 4117 911 4221 ‘gnatu's
952 4128 1085 4199 fuit
1128 4153 1308 4202 nunc
1352 4129 1643 4222 ignobile
1688 4123 2217 4209 castellum‚est,
2262 4112 2443 4217 quod
2487 4128 2866 4198 etiamnum-
