2950 5017
613 431 750 517 544
1047 397 1054 410 ’
1363 447 1605 496 annm
1648 445 2073 495 sacratarum

610 583 853 666 quater
892 568 1083 640 mille
1123 568 1454 662 Hispanos
1496 574 1569 640 in
1624 570 1854 663 oppidi
1918 567 2246 661 praecidio
2307 571 2660 661 posuisset
2676 620 2696 651 ,
2731 591 2822 639 aa·

608 713 747 780 qne
789 710 892 756 res
934 711 1023 756 ex
1066 688 1398 756 sententia
1440 690 1810 769 cessissent,
1841 685 2118 755 Venetis
2161 708 2448 755 necesse
2493 683 2646 753 fuit
2682 708 2815 754 cun

609 803 837 873 Turca
892 806 1198 895 iniquam
1251 827 1486 894 pacem
1544 801 1758 872 facere
1770 837 1800 884 ,1
1834 804 2032 890 cujus
2074 806 2292 893 gratia
2343 806 2416 870 ei
2461 800 2817 893 Naupliam

608 935 691 990 et
724 921 1292 1003 monembasiam,
1319 935 1392 989 et
1428 920 1722 1012 amplius
1767 924 2074 989 trecentis
2116 919 2429 989 millibus
2475 943 2812 988 aureorum

605 1062 1041 1109 nummorum
1074 1038 1418 1108 tradidere.
1450 1039 1675 1107 Tanta
1717 1062 1799 1108 eo
1840 1061 2020 1107 anno
2061 1035 2335 1129 frugum
2383 1041 2637 1129 inopia
2672 1036 2811 1119 fuit,

603 1170 688 1224 ut
729 1160 1060 1225 sextarius
1101 1169 1323 1227 noster
1363 1154 1693 1225 frumenti
1753 1155 1910 1248 plus
1973 1157 2189 1225 tribua
2243 1159 2478 1225 aureis
2529 1158 2817 1224 venierit.

606 1271 795 1341 Eam·
843 1273 936 1344 ob
994 1296 1136 1341 rem
1181 1274 1502 1343 Albertus
1547 1273 1933 1344 Pancirolus
1975 1274 2248 1342 Curiae'
2284 1277 2618 1364 princeps
2671 1276 2821 1342 cive·

605 1388 937 1472 hortatus,
980 1402 1063 1458 ut
1106 1390 1192 1457 ad
1234 1390 1600 1458 emendum
1642 1388 2067 1460 frumentum
2133 1393 2509 1480 pecuniam
2586 1388 2820 1459 confer·

605 1519 791 1589 rent,
835 1509 977 1598 ipse
1037 1509 1293 1599 primus
1358 1519 1635 1576 centum
1704 1529 1937 1577 aureos
2007 1509 2444 1587 numeravit3
2491 1505 2663 1573 aliis
2703 1506 2823 1593 ejas

458 1615 477 1626 ’
604 1623 1003 1715 exemplum.
1073 1627 1324 1693 secutis
1349 1675 1369 1707 ,
1408 1619 1609 1693 'cum
1681 1628 1912 1717 ingens
1985 1647 2426 1695 nummorum
2517 1645 2822 1693 numerus

602 1755 879 1813 coactns
918 1755 1111 1826 met,
1156 1742 1242 1811 ad
1284 1744 1646 1812 emendum
1692 1768 1780 1812 ex
1824 1742 2058 1813 alienis
2099 1743 2487 1834 regionibus
2540 1741 2817 1811 frumen-

606 1872 758 1928 tum
803 1862 1245 1951 negotiatores
1290 1863 1643 1928 miserunt.
1673 1860 1942 1929 Praeter
1985 1859 2152 1929 haec
2195 1863 2377 1931 cives
2425 1858 2522 1927 ad
2574 1858 2822 1928 alendos

602 1980 1065 2069 pauperrimos
1115 2002 1420 2070 quoaque
1472 1981 1809 2060 triticum,
1853 1982 2345 2070 pecuniamque
2401 1977 2547 2046 hoc
2612 1978 2822 2048 ordine

602 2093 1076 2175 contulerunt,
1122 2106 1227 2161 ut·
1250 2118 1339 2162 ex
1383 2117 1546 2166 suae
1589 2097 1873 2164 viciniae
1940 2095 2277 2163 sacerdote
2323 2099 2822 2185 praescriptam

601 2210 730 2278 nihi
772 2213 965 2301 panis
1008 2214 1451 2301 carniumque
1510 2223 1770 2302 partem
1813 2212 2105 2302 quilibet
2168 2215 2361 2303 inops
2430 2216 2821 2303 perciperet.

601 2327 1131 2420 Superveniente
1176 2344 1406 2420 postea
1451 2333 1751 2397 maxima
1797 2324 2068 2420 frugum
2116 2332 2311 2420 copia
2339 2331 2445 2410 (τ),
2494 2354 2666 2398 cum
2710 2354 2826 2398 res-

603 2445 881 2537 publica
923 2448 1154 2538 ingens
1185 2470 1297 2515 aes
1327 2447 1624 2515 alienum
1668 2448 1759 2517 ob
1805 2459 2113 2538 emptum
2149 2445 2367 2515 carius
2397 2442 2825 2517 frumentum

604 2565 1077 2646 contraxisset,
1120 2586 1378 2633 novum
1425 2564 1763 2632 tributum
1816 2567 2072 2654 imponi
2118 2567 2461 2654 oportuit3
2513 2565 2606 2632 ad
2654 2564 2832 2656 quod

602 2678 1001 2750 solvendum
1031 2682 1240 2749 etiam
1268 2659 1402 2772 qui'
1431 2684 1938 2749 immunitatem
1985 2680 2209 2771 adepti
2249 2678 2527 2749 fuerant
2574 2706 2617 2748 a
2664 2681 2835 2772 Bap-

603 2802 835 2867 tistino
878 2798 1181 2868 Stroccio
1250 2800 1434 2868 urbis
1477 2797 1822 2869 Praefecto
1890 2798 2320 2869 condemnati
2386 2797 2603 2867 fuere.
2653 2799 2834 2867 Ube-

602 2917 787 2987 ricris
830 2929 1180 3009 praeterea
1235 2941 1541 2986 annonae
1602 2916 1817 3010 gratia
1860 2919 2211 2990 decretum
2253 2930 2354 2986 est
2402 2917 2496 2984 ab
2541 2918 2832 2986 Hercule

603 3059 692 3103 ne
736 3060 824 3103 ex
867 3036 1159 3105 castellis
1203 3059 1446 3128 pecora
1489 3040 1562 3104 in
1610 3038 1847 3106 urbem
1894 3037 2053 3105 duci
2102 3037 2646 3128 prohiberentur,
2693 3060 2832 3128 gra-

603 3157 789 3221 ¹viere
847 3177 1063 3243 poena
1106 3152 1340 3235 laniis,
1384 3158 1506 3244 qui
1554 3153 1782 3224 edicto
1824 3151 2131 3222 fraudem
2177 3151 2529 3236 fecissent,
2572 3154 2832 3222 denun-

602 3270 804 3335 ciata.
848 3269 1103 3338 Paulus
1146 3290 1304 3339 vero
1348 3267 1669 3339 Pontifex
1712 3273 1833 3361 qui
1879 3268 2366 3338 transferendae
2410 3270 2500 3337 ad
2548 3282 2828 3361 nepotes

602 3373 884 3451 Parmae
927 3399 1000 3453 et
1042 3386 1421 3455 Placentiae
1454 3391 1776 3454 -animum
1822 3386 2190 3473 adjecerat,
2220 3387 2478 3457 Lucam
2516 3392 2719 3457 venit
2745 3390 2830 3466 Η,

604 3499 728 3567 ubi
771 3522 932 3568 cum
974 3500 1264 3570 Caesare
1310 3502 1721 3585 collocutus,
1761 3503 1943 3593 qnod
1987 3528 2146 3572 eum
2190 3505 2612 3595 gravioribus
2661 3508 2830 3573 curis

605 3616 1017 3709 implicitum
1081 3619 1409 3687 invenerit
1428 3669 1448 3699 ,
1493 3618 1666 3687 nihil
1729 3609 1990 3688 efficere
2043 3625 2301 3712 «potuit.
2345 3621 2605 3700 Iuliam
2656 3624 2830 3700 enirn

602 3733 1036 3818 Caesaream,
1101 3759 1285 3804 nunc
1345 3725 1689 3828 Algeriam
1752 3736 2004 3805 dictam
2021 3788 2042 3818 ,
2109 3736 2347 3806 urbem
2416 3760 2460 3805 a
2529 3738 2827 3807 barbaris

604 3851 677 3919 in
736 3850 1148 3921 Mauritania
1212 3865 1619 3945 occupatam
1683 3865 2192 3945 expugnaturus
2244 3855 2490 3945 viginti
2545 3854 2827 3925 duorum

680 4117 767 4187 (r)
798 4131 972 4169 anxa.
1001 4115 1189 4173 Mense
1221 4124 1437 4188 augusto
1473 4116 1776 4173 Gulielmus
1807 4117 2046 4174 Budaeus
2078 4116 2228 4171 obiit.

680 4206 771 4280 (2)
804 4228 996 4265 nm.
2305 4293 2360 4342 t
