2950 5017
860 434 1062 483 mna
1102 434 1400 493 omarus
2016 498 2022 505 ,
2087 420 2217 493 261

48 558 221 649 ¹ugit.
293 554 568 626 Eadem
612 554 999 626 Albertinus
1063 560 1461 650 intempesta
1524 552 1717 629 noc'te
1782 556 2225 643 concesserat,

48 674 136 741 rbi
168 697 213 741 a
241 670 604 742 Pontificis
645 672 890 763 legato,
917 676 989 742 in
1021 675 1214 761 cujus
1245 678 1525 764 gratiam
1570 686 1838 742 tantum
1882 678 2229 767 negotium

48 800 443 869 nutaverat,
473 787 771 856 Coronae
802 790 1138 878 episcopus
1170 788 1390 858 factus
1434 786 1568 859 non
1613 788 1844 858 multis
1888 790 2227 859 mensibus

49 906 428 993 uper-vixit.
475 905 758 983 Ioannes
802 904 1216 975 Levalossius
1267 929 1424 973 cum
1488 905 1640 974 aliis
1708 906 2081 992 conjunctis
2120 928 2233 974 ca-

48 1030 216 1099 mis,
261 1031 342 1085 et
386 1022 603 1109 capite
652 1020 962 1109 punitus,
1004 1020 1286 1111 dignum
1340 1019 1618 1088 audacia
1661 1043 1786 1089 sua
1829 1019 2233 1112 supplicium

48 1131 216 1201 alit.
259 1134 579 1212 Julianus
622 1134 1073 1217 Levalossius,
1118 1136 1405 1204 Abbatis
1447 1135 1616 1207 Divi
1658 1136 1957 1227 Prosperi
1999 1134 2228 1218 frater,
2330 1156 2335 1163 ·

48 1259 96 1313 rt
141 1249 284 1338 ipse
329 1249 724 1340 proditionis
767 1250 1189 1319 insimulatus
1231 1255 1301 1319 in
1363 1251 1631 1321 vincula
1673 1252 2010 1338 conjectus
2060 1248 2230 1333 fuit3

48 1365 145 1431 nd
201 1380 446 1456 postea
488 1368 877 1456 octingentis
923 1372 1137 1436 aureis
1183 1393 1271 1435 ex
1313 1369 1505 1437 bo'nis
1549 1369 1856 1438 coenobii
1900 1367 2233 1437 Folleanis

48 1481 267 1551 solutis
311 1493 417 1549 est
441 1482 789 1549 dimissus.
834 1482 1160 1551 Guercius
1190 1508 1344 1552 vero
1376 1485 1762 1565 Luvisinus,
1805 1487 1927 1574 qui
1969 1486 2229 1574 conspi-

48 1601 366 1666 rationem
413 1600 654 1666 initam
706 1624 841 1668 non
884 1594 1261 1681 detexerat,
1303 1600 1469 1667 dum
1523 1598 2089 1669 nentis‘feminae‘
2114 1600 2236 1668 ha-

49 1716 194 1781 bitu
234 1714 405 1782 urbe
452 1717 594 1781 exit
637 1728 874 1804 captus
918 1720 1116 1805 'supi-a
1159 1716 1320 1784 Divi
1366 1715 1637 1782 Nazarii
1681 1726 1944 1806 portam
1990 1710 2234 1806 laqueo

48 1852 396 1921 suspensus
447 1829 605 1897 suit.
667 1831 893 1899 Toties
958 1855 1073 1921 spe
1129 1855 1249 1899 sua
1316 1832 1622 1900 destituti
1666 1831 2030 1912 Pontificii,
2075 1854 2236 1899 cum

59 1947 241 2013 aliter
283 1959 626 2037 acceptam
659 1946 973 2033 injuriam
1005 1947 1232 2014 ulcisci
1275 1972 1408 2016 non
1453 1948 1743 2037 possent,
1770 1949 1902 2029 ira,
1931 1947 2237 2037 indigna·

57 2065 350 2154 tioneque
417 2065 668 2130 accensi
734 2063 991 2131 decimo
1060 2077 1298 2153 quarto
1363 2062 1673 2132 calendas
1736 2062 1914 2149 'junii
1977 2062 2237 2131 casalis

58 2177 321 2246 Grandis
367 2177 605 2247 villam
647 2189 806 2244 sunt
851 2177 1152 2269 populati
1172 2229 1191 2260 ,
1211 2177 1577 2269 'pluresque
1617 2178 1896 2246 rusticos
1939 2182 2237 2269 captivos
2337 2252 2343 2262 ,

66 2293 509 2362 abduxerunt:
560 2293 796 2361 deinde
841 2294 1261 2383 Regiensium
1306 2296 1492 2384 agros
1546 2294 1962 2386 depraedati,
2027 2296 2236 2362 etiam

61 2408 430 2475 Herberiam
473 2421 544 2475 et
585 2408 796 2498 Bagni
833 2407 1141 2492 Plebem,
1188 2409 1368 2475 Prati
1416 2408 1897 2477 Archiflarnine
1942 2408 2238 2480 Ro'berto

66 2523 246 2605 duce,
285 2525 553 2593 decimo
614 2523 921 2591 calendas
986 2524 1156 2610 junii
1224 2536 1667 2614 occuparunt.
1740 2525 1906 2592 Mox
1970 2525 2241 2592 Mutina

67 2638 265 2726 potiti,
290 2641 503 2706 etiam
534 2638 967 2729 Alberghetto
997 2615 1770 2724 Manfredofaventiam
1816 2638 2234 2707 ademerunt.

71 2753 187 2822 'l'ot
224 2759 509 2845 acceptis
552 2755 965 2822 detrimentis
1018 2758 1256 2823 moesti
1300 2754 1682 2822 Caesariani
1725 2755 2005 2821 Actium
2049 2755 2242 2822 Man·

73 2867 304 2938 fredum
349 2872 438 2939 ad
478 2869 903 2939 Pontificium
971 2869 1268 2960 legatum
1338 2880 1673 2938 oratorem
1742 2872 2067 2951 mittunt,
2119 2870 2242 2960 qui

73 2981 328 3052 liberam
375 2988 719 3055 civitatem
777 2987 1007 3075 inique
1073 2995 1179 3053 tot
1248 2984 1525 3070 injurias
1569 2986 1715 3075 pati
1759 2990 2237 3075 conqueratur-3

75 3097 245 3169 nullo
283 3102 433 3189 jure
493 3102 750 3168 bellum
819 3101 972 3168 urbi
1036 3098 1312 3182 inferri,‘
1365 3122 1540 3189 quae
1607 3098 1911 3190 amplius'
1964 3111 2242 3167 centum

78 3220 394 3307 mginta
438 3220 626 3285 annis
668 3217 1078 3307 imperatoris
1123 3217 1520 3285 auctoritate
1549 3213 2012 3284 confirmatam
2043 3214 2243 3283 liber-

81 3334 646 3402 htem'mumet.
688 3333 953 3417 Quibus
996 3332 1245 3401 auditis
1293 3331 1553 3422 legatus
1605 3354 1718 3400 eos
1772 3329 2241 3422 perduellionis

81 3468 202 3515 teos
235 3472 433 3541 agere
479 3450 624 3518 dira
668 3451 939 3531 minari,
984 3472 1060 3517 ac
1104 3447 1367 3539 perfidis
1417 3448 1679 3535 justum
1728 3446 1987 3519 bellum
2031 3470 2100 3516 se
2141 3451 2244 3517 in·

81 3558 220 3633 ferre
257 3568 640 3659 respondit3
680 3565 1015 3657 simulque
1071 3567 1370 3657 publicas
1427 3565 1731 3647 tabulas,
1803 3566 2050 3655 quibus
2113 3587 2245 3633 res·

83 3679 322 3765 publica
385 3682 725 3774 Regiensis
792 3679 1105 3753 Pontifici
1167 3681 1466 3770 subjecta
1533 3681 1977 3773 probabatur,
2043 3680 2243 3748 Actio

83 3796 375 3866 ostendit:
417 3800 542 3889 qui
584 3820 741 3866 cum
785 3797 951 3866 haec
996 3798 1256 3868 civibus
1318 3799 1800 3877 renunciasset,
1847 3807 1930 3862 ut
1973 3818 2016 3861 a
2058 3816 2247 3885 prae-

95 3911 361 3982 sentibus
407 3913 614 4002 ‘malis
673 3913 1144 3996 liberarentur,
1189 3925 1505 3982 rectorem
1570 3934 1613 3981 a
1677 3909 1894 4003 legato
1945 3909 2248 3979 dandum

91 4026 265 4116 recipi
321 4028 611 4121 placuit.
654 4030 892 4099 Missus
932 4033 1162 4123 itaque
1205 4053 1384 4099 unus
1425 4053 1513 4098 ex
1554 4028 2082 4098 Piccolominum
2146 4023 2246 4093 fa-

97 4138 254 4213 milis
287 4143 622 4234 Senensis,
662 4150 786 4241 qui
825 4147 1009 4242 quod
1050 4151 1433 4241 imperium,
1461 4144 1980 4217 detrectantibus
2006 4143 2245 4214 Caesa·
