2950 5017
970 457 1172 508 mmm
1215 455 1514 508 ocnvus
1557 485 1564 496 «
2204 441 2329 527 541
2363 511 2372 516 ,

82 581 309 674 Regii
358 603 517 650 vero
559 580 652 649 ob
712 578 943 651 exules
956 632 979 664 ,
1022 583 1143 673 qui
1190 573 1573 669 conjunctis
1615 578 1869 649 viribus
1909 579 2150 650 urbem
2206 585 2334 651 im-

87 710 347 792 petere
390 697 773 768 ferebantur
788 749 809 780 ,
840 698 1130 792 populus
1171 723 1311 769 non
1352 702 1495 769 sine
1537 701 1779 769 timore
1822 701 2100 791 arreptis
2129 702 2329 769 armis

85 820 392 888 moenia
434 817 820 887 custodivit.
1324 859 1355 890 s

240 930 408 1003 suh
446 932 659 1001 finem
700 935 861 1001 anni
903 931 1259 1015 Hercules,
1302 936 1426 1024 qui
1480 945 1630 1024 post
1692 944 2078 1024 susceptum
2119 922 2338 1026 impe-

86 1050 288 1116 rium
342 1050 644 1117 nondum
689 1049 962 1118 ditionis
1029 1072 1190 1118 suae
1253 1049 1453 1118 urbes
1520 1052 1853 1140 ingressus
1897 1048 2163 1133 suerat,
2204 1050 2338 1119 Re-

90 1167 298 1254 gium
351 1168 559 1234 venit.
605 1164 872 1232 Praeter
914 1167 1243 1256 graviores
1286 1168 1461 1235 viros
1506 1188 1684 1256 equo
1712 1176 1963 1247 vectos,
1994 1166 2057 1234 ei
2086 1167 2329 1236 triceni

89 1306 188 1350 ex
232 1285 438 1352 omni
478 1283 836 1369 juventute
879 1281 1125 1351 delecti
1167 1281 1629 1352 adolescentes
1673 1281 1845 1351 albis
1888 1282 2215 1366 vestibus,
2257 1295 2335 1352 at

92 1423 250 1470 raso
324 1401 733 1471 bombicino*
782 1403 1117 1470 contextis
1139 1452 1159 1483 ,
1220 1404 1567 1493 conspicui
1632 1400 1749 1471 sed
1813 1404 2001 1493 nigro
2064 1400 2352 1484 thorace.

96 1518 541 1609 superinduti
588 1519 849 1610 pedites
892 1530 1344 1587 occurrerunt.
1390 1520 1609 1587 Arcus
1670 1522 1743 1588 in
1802 1519 1950 1606 ejus
1997 1518 2334 1600 ‚honorem
2377 1587 2382 1594 .

95 1639 313 1703 erecti
350 1660 468 1726 per
497 1636 797 1727 depictos
842 1635 1147 1705 Herculis
1192 1634 1455 1705 labores
1499 1634 1683 1704 haud
1726 1636 2006 1708 obscure
2051 1639 2337 1706 virtutes

98 1755 435 1844 principis
478 1751 965 1843 significabant.
1030 1751 1158 1823 1110
1224 1754 1632 1843 ingrediente
1694 1757 1766 1821 in
1835 1775 2108 1824 summo
2173 1778 2336 1824 arcu

99 1870 295 1961 quod
350 1868 436 1938 ad
480 1870 573 1938 D.
618 1870 799 1939 Petri
846 1880 1108 1959 portam
1170 1868 1598 1938 aedificatum
1655 1881 1833 1952 erat,
1877 1874 1979 1939 vir
2020 1870 2337 1948 herculeo

107 1984 369 2055 habitu
418 1998 714 2072 armatus
757 1986 1045 2076 hydram
1091 1990 1263 2054 mira
1306 1997 1446 2054 arte
1491 1989 1930 2078 compositam
1975 1989 2329 2079 percussit,

105 2123 287 2193 quae
335 2116 599 2192 septem
645 2106 867 2192 capita
907 2100 1257 2171 artificiose
1287 2125 1561 2172 movens
1587 2102 1755 2170 dum
1784 2103 1982 2194 longe
2011 2101 2331 2174 terrificos

109 2220 303 2308 ignes
331 2222 615 2299 evomit,
646 2219 912 2286 Ducem
943 2221 1166 2310 ipsum
1198 2231 1269 2286 et
1297 2231 1672 2310 spectantes
1717 2218 2113 2287 mirabiliter
2145 2218 2338 2289 oble-

112 2338 355 2404 ctavit.
389 2334 641 2404 Urbem
674 2338 1021 2425 ingressus,
1051 2335 1368 2405 omnibus
1396 2338 1564 2404 sacri
1597 2335 1840 2406 ordinis
1870 2337 2030 2406 viris
2058 2338 2335 2428 praevia

107 2473 311 2520 cruce
358 2451 886 2546 occurrentibus,
928 2450 1062 2519 sub
1101 2451 1405 2519 umbella
1435 2477 1477 2520 a
1507 2452 1774 2521 civibus
1803 2464 2123 2541 exceptus
2160 2451 2331 2534 fuit3

108 2591 215 2650 ea,
260 2568 392 2637 ubi
437 2568 526 2637 ad
574 2568 793 2655 majus
838 2568 1174 2660 templum
1219 2567 1548 2638 deductus
1610 2582 1751 2651 est,
1799 2592 1842 2635 a
1896 2569 2332 2659 praetorianis

111 2684 381 2777 direpta
424 2683 595 2769 fuit3
622 2709 877 2777 equum
922 2685 1368 2756 adolescentes
1412 2663 1867 2766 abduxerunt,
1896 2688 2018 2774 qui
2056 2696 2332 2754 centum

113 2826 473 2874 aureorum
537 2806 755 2895 pretio
820 2814 1049 2895 postea
1118 2781 1499 2893 redemptus
1565 2814 1690 2871 est.
1758 2801 2080 2871 Postridie
2150 2805 2332 2871 cives
2380 2863 2386 2870 .

111 2932 377 3009 praeter
418 2924 601 2988 varia
644 2919 872 2988 edulia
915 2943 1187 2987 auream
1234 2923 1448 2988 etiam
1503 2941 1753 3010 cupam
1805 2942 1967 2987 cum
2012 2918 2332 3010 operculo

110 3038 401 3128 principi
445 3034 865 3106 obtulerunt.
909 3035 1230 3105 Postridie
1272 3038 1342 3104 in
1389 3034 1644 3122 majore
1690 3033 1946 3125 templo
1978 3034 2335 3104 Bassianus

114 3152 391 3222 Landus
446 3151 909 3235 Placentinus,
972 3165 1361 3243 praeceptor
1426 3174 1622 3221 meus
1639 3203 1660 3233 ,
1725 3154 1847 3243 qui
1915 3149 2067 3236 tuin
2133 3152 2330 3243 Regii

116 3291 411 3358 graecas,
439 3268 816 3360 latinaeque
843 3268 1102 3337 litteras
1135 3289 1379 3359 magna
1420 3290 1581 3336 cum
1624 3268 1827 3336 laude
1871 3265 2144 3358 publice
2183 3289 2337 3360 pro-

117 3381 467 3468 fitebatur,
497 3385 847 3456 luculenta
889 3387 1192 3456 oratione
1235 3387 1308 3454 in
1350 3385 1501 3473 ejus
1543 3383 1813 3453 laudem
1860 3388 2144 3454 recitata
2183 3408 2335 3454 mu-

124 3524 247 3570 nus
314 3504 557 3594 viginti
622 3502 942 3571 ulnarum
1010 3501 1239 3572 villosi
1304 3502 1637 3572 bombicis
1688 3501 1948 3572 retulit.
1993 3502 2062 3570 Is
2103 3514 2336 3592 postea

121 3615 381 3689 Patavii
425 3619 789 3689 medicinae
828 3619 1189 3689 theoricem
1221 3641 1466 3711 magna
1495 3617 1922 3688 audientium
1951 3615 2336 3709 frequentia

118 3734 592 3829 interpreatus
642 3735 904 3807 celebre
953 3760 1201 3807 nomen
1243 3737 1372 3805 sibi
1416 3737 1869 3835 comparavit,
1910 3732 2122 3803 donec
2161 3729 2332 3802 sica·

122 3853 372 3924 riorum
439 3877 648 3924 manu
715 3854 1086 3925 trucidatus
1149 3854 1498 3928 occubuit.
1567 3851 1894 3922 Ceterum
1958 3849 2327 3920 concilium

121 3965 474 4040 Mantuam
540 3970 869 4040 indictum
921 3994 1342 4064 quamquam
1404 3968 1928 4039 reclamantibus
1971 3967 2332 4038 Germanis

122 4086 210 4155 ob
250 4093 468 4161 varios
513 4088 856 4160 tumultus
916 4092 989 4160 in
1053 4089 1363 4160 calendas
1406 4087 1623 4177 majas
1665 4090 2006 4180 sequentis
2062 4090 2222 4158 anni
2257 4085 2332 4157 (Ι)

194 4271 277 4343 (ι)
307 4289 602 4331 mxxxvii.
632 4273 834 4330 Census
864 4273 1060 4334 civium
1092 4292 1124 4328 a
1157 4290 1316 4329 censu
1346 4273 1662 4331 rusticorum
1694 4279 1973 4344 separatur.
