2950 5017
682 414 817 497 204
1422 432 1659 480 amum
1700 433 2117 516 :inermum

678 554 1102 638 adoriuntur3
1144 552 1287 638 illi,
1316 565 1397 622 ut
1422 557 1493 623 in
1521 556 1747 626 subito
1777 555 2078 627 tumultu
2106 555 2332 640 licuit,
2367 582 2553 627 arma
2590 571 2877 655 repente

676 673 1133 759 corripuerunt
1147 719 1168 751 ‚
1233 672 1695 761 praesentique
1759 675 1979 741 animo
2045 674 2458 741 venientium
2536 678 2876 766 impetum

682 786 852 854 adeo
908 786 1185 871 viriliter
1226 790 1715 872 sustinuerunt,
1758 799 1839 856 ut
1878 791 2109 879 paucis
2150 788 2546 873 vulneratis,
2596 792 2872 860 nullum

681 925 769 969 ex
812 906 947 970 suis
990 905 1346 972 amiserint.
1394 903 1507 971 Ob
1550 904 1724 972 hanc
1763 904 2109 995 perfidiam
2135 905 2275 992 jam
2305 911 2484 976 omni
2522 912 2713 999 pacis
2757 933 2870 999 spe

681 1018 968 1108 abrupta
1009 1017 1210 1110 legati
1251 1044 1320 1088 re
1364 1018 1614 1088 infecta
1658 1021 2024 1091 Bononiam
2090 1025 2330 1093 reversi
2345 1073 2367 1105 ,
2409 1024 2864 1093 Rolandinum

678 1131 1109 1218 Canussium,
1153 1146 1222 1202 et
1263 1135 1811 1205 Bartholomeum
1856 1138 2255 1206 Pancerium
2297 1163 2520 1208 secum
2566 1141 2865 1209 adduxe-

674 1259 864 1317 runt.
910 1250 1226 1318 Albertus
1278 1273 1434 1319 vero
1494 1249 1783 1342 Scaliger
1809 1303 1831 1336 ,
1873 1254 1996 1320 ubi
2040 1276 2109 1321 se
2150 1253 2458 1322 delusum
2504 1255 2728 1337 videt,
2773 1258 2865 1324 irs

670 1364 899 1435 ardens
943 1366 1027 1432 ad
1071 1365 1590 1455 expugnandum
1630 1370 1842 1436 sancti
1877 1365 2204 1458 Stephani
2247 1369 2595 1437 castellum
2644 1382 2866 1440 totum

666 1503 737 1548 se
778 1485 1126 1550 convertit.
1175 1483 1402 1550 Ariete
1446 1487 1653 1552 muris
1686 1488 1873 1575 prius
1901 1485 2146 1554 dirutis
2177 1488 2247 1554 vi
2276 1487 2565 1554 militem
2609 1490 2867 1578 ingredi

665 1595 886 1681 jubet:
930 1596 1202 1664 stabant
1244 1620 1363 1687 pro
1409 1601 1750 1667 moenium
1795 1602 2002 1667 ruinis
2046 1605 2250 1669 armis
2290 1604 2598 1670 instructi
2650 1602 2867 1693 Supe-

664 1712 896 1793 riores,
960 1714 1082 1802 qui
1152 1715 1336 1782 omni
1402 1696 1760 1781 missilium
1827 1738 2057 1804 genere
2077 1765 2098 1797 ‚
2152 1716 2650 1807 sulphureoque
2714 1721 2865 1808 igne

664 1822 1025 1917 Scaligeros
1065 1829 1540 1910 removebant3
1586 1830 1700 1898 sed
1743 1829 2037 1898 hostium
2084 1831 2517 1900 multitudine
2561 1840 2861 1923 superati

663 1943 936 2011 tandem
978 1967 1244 2012 cessere.
1276 1946 1601 2014 Albertus
1632 1948 1916 2016 victoria
1946 1951 2234 2037 potitus,
2263 1948 2518 2034 injectis
2547 1947 2862 2031 flammis,

669 2071 943 2150 captum
993 2073 1303 2128 castrum
1365 2062 1669 2131 incendio
1738 2067 2155 2153 consumpsit
2185 2112 2202 2131 .
2271 2063 2522 2133 Contra
2587 2065 2862 2133 Dadalli

663 2180 937 2245 ineunte
982 2201 1200 2244 mense
1230 2177 1594 2246 decembris
1638 2179 1931 2248 collecta
1977 2184 2053 2247 in
2096 2182 2262 2247 urbe
2309 2179 2604 2248 militum
2653 2206 2862 2250 manu

663 2277 748 2360 ad
778 2293 1232 2383 occupandam
1261 2292 1568 2361 Felinam
1602 2292 1887 2383 profecti
1917 2308 2096 2363 sunt.
2128 2295 2399 2364 Verum·
2426 2319 2585 2363 cum
2629 2296 2858 2365 locum

664 2411 801 2476 situ
844 2411 1182 2475 munitum
1221 2430 1272 2474 a
1314 2431 1381 2475 se
1423 2412 1573 2498 capi
1622 2432 1807 2498 posse
1848 2409 2307 2499 desperarent,
2351 2411 2857 2501 quamplurium
2942 2423 2943 2432 ’

663 2525 891 2596 domos
933 2524 1393 2593 incenderunt.
1439 2528 1593 2609 Quo
1641 2528 1872 2596 audito
1917 2527 2137 2596 hostes
2182 2539 2252 2596 et
2292 2531 2419 2619 ipsi
2464 2554 2597 2597 non
2641 2553 2858 2620 pauca

663 2638 752 2708 ad
782 2641 1126 2730 Gypsum‚
1157 2641 1275 2712 ubi
1311 2641 1623 2708 adversae
1660 2638 1969 2710 factionis
2000 2644 2176 2712 cives
2206 2643 2557 2733 degebant,
2585 2646 2857 2733 praedia
2942 2621 2943 2650 ἶ

658 2760 808 2846 igne
853 2755 1154 2846 ferroque
1196 2756 1546 2824 crudeliter
1590 2758 2048 2826 devastarunt.
2113 2755 2298 2826 Inter
2357 2759 2521 2827 haec
2575 2760 2857 2827 Bernar-

658 2873 853 2941 dinus
898 2873 1257 2941 Folleanus
1304 2898 1343 2939 a
1389 2873 1753 2963 gentilibus
1797 2874 2193 2964 Timbergae
2254 2876 2555 2943 obsessus
2607 2878 2857 2943 intem·
2942 2961 2943 2974 χ

657 3003 842 3081 pesta
871 3004 1068 3059 nocte
1114 2991 1288 3058 clam
1334 2991 1641 3060 hostibus
1686 2991 1773 3058 ad
1817 2994 2027 3060 socios
2072 3017 2140 3059 se
2183 2993 2493 3074 contulit,
2522 2993 2854 3061 Baisium-
2942 3051 2943 3054 ,

657 3129 792 3196 que
821 3105 1313 3173 Archiflaminis
1357 3107 1614 3175 auxilio
1659 3131 1773 3196 per
1817 3108 2256 3196 proditionem
2290 3111 2488 3198 cepit.
2520 3108 2846 3199 Ugolinus

658 3223 1012 3292 Folleanus
1056 3223 1176 3289 ubi
1241 3222 1577 3290 obsessum
1625 3224 1979 3290 castellum
2025 3225 2356 3292 desertum
2388 3249 2553 3293 esse
2606 3229 2843 3309 sentit,

658 3341 901 3407 milites
969 3343 1230 3408 moenia
1292 3342 1598 3408 scandere
1650 3340 1875 3426 jubet,
1927 3356 1994 3407 et
2038 3365 2196 3408 cum
2238 3346 2312 3408 in
2356 3365 2522 3432 quos
2565 3347 2844 3413 saeviret

661 3456 887 3525 hostes
929 3446 1260 3539 deessent,
1305 3457 1540 3523 dirutis
1600 3456 1911 3524 omnibus
1958 3455 2298 3538 aedificiis,
2342 3460 2413 3524 in
2459 3479 2686 3527 muros
2743 3482 2839 3526 ra-

659 3573 841 3640 biem
887 3573 1215 3662 explevit,
1261 3598 1336 3641 ac
1380 3574 1605 3639 statim
1652 3572 1736 3638 ad
1781 3572 2074 3639 Baisium
2111 3597 2247 3663 quo
2290 3572 2730 3641 Bernardinus
2767 3596 2839 3641 se¹

656 3705 990 3780 receperat
1018 3691 1536 3781 expugnandum
1569 3690 1934 3766 contendit:
1959 3689 2068 3757 sed
2099 3712 2256 3756 cum
2279 3690 2634 3758 hominum
2662 3690 2838 3758 mul-

658 3808 948 3874 titudine
1016 3808 1232 3876 hostes
1276 3819 1640 3897 praestare,
1685 3831 1762 3874 ac
1808 3819 2019 3874 castra
2065 3807 2422 3888 munitiora
2464 3830 2603 3874 esse
2648 3807 2837 3875 intel-

657 3922 950 4002 lexisset,
996 3927 1297 4013 proxime
1341 3925 1425 3990 ad
1471 3924 1692 3992 locum
1738 3924 2044 4004 accedere
2091 3947 2222 3992 non
2270 3947 2504 4004 ausus,
2534 3923 2619 3991 ad
2650 3923 2837 3992 Mon-

657 4050 794 4103 tem
824 4038 1141 4120 Gaulum,
1172 4043 1238 4107 in
1271 4063 1405 4129 quo
1451 4039 1567 4105 alii
1611 4063 1697 4106 ex
1739 4039 2039 4107 hostibus
2083 4063 2152 4105 se
2197 4039 2635 4107 continebant
2679 4062 2833 4108 cum

657 4154 916 4223 duabus
963 4155 1142 4228 urbis
1185 4154 1517 4237 tribubus,
1562 4168 1631 4222 et
1676 4168 1948 4238 eentum
1981 4155 2461 4254 Mutinensium
2491 4155 2830 4246 equitibus
