<?xml version="1.0" encoding="UTF-8"?>
<!DOCTYPE html PUBLIC "-//W3C//DTD XHTML 1.0 Transitional//EN"
    "http://www.w3.org/TR/xhtml1/DTD/xhtml1-transitional.dtd">
<html xmlns="http://www.w3.org/1999/xhtml" xml:lang="en" lang="en">
 <head>
  <title>
</title>
<meta http-equiv="Content-Type" content="text/html;charset=utf-8" />
  <meta name='ocr-system' content='tesseract 3.04.00' />
  <meta name='ocr-capabilities' content='ocr_page ocr_carea ocr_par ocr_line ocrx_word'/>
</head>
<body>
  <div class='ocr_page' id='page_1' title='image "./rerumhistoricar00unkngoog_0390.png"; bbox 0 0 2950 5017; ppageno 0'>
   <div class='ocr_carea' id='block_1_1' title="bbox 651 420 2113 512">
    <p class='ocr_par' dir='ltr' id='par_1_1' title="bbox 651 420 2113 512">
     <span class='ocr_line' id='line_1_1' title="bbox 651 420 2113 512; baseline -0.003 -22"><span class='ocrx_word' id='word_1_1' title='bbox 651 420 784 512; x_wconf 78' lang='lat'><strong>376</strong></span> <span class='ocrx_word' id='word_1_2' title='bbox 1403 440 1647 486; x_wconf 68' lang='lat' dir='ltr'><strong>nanum</strong></span> <span class='ocrx_word' id='word_1_3' title='bbox 1690 440 2113 487; x_wconf 70' lang='lat' dir='ltr'><strong>necmmmn</strong></span> 
     </span>
    </p>
   </div>
   <div class='ocr_carea' id='block_1_2' title="bbox 627 547 2919 4277">
    <p class='ocr_par' dir='ltr' id='par_1_2' title="bbox 627 547 2919 4277">
     <span class='ocr_line' id='line_1_2' title="bbox 654 547 2919 657; baseline -0 -23"><span class='ocrx_word' id='word_1_4' title='bbox 654 559 1031 653; x_wconf 87' lang='lat' dir='ltr'><strong>complures</strong></span> <span class='ocrx_word' id='word_1_5' title='bbox 1074 581 1275 630; x_wconf 75' lang='lat' dir='ltr'><strong>naves</strong></span> <span class='ocrx_word' id='word_1_6' title='bbox 1342 584 1462 651; x_wconf 88' lang='lat' dir='ltr'><strong>per</strong></span> <span class='ocrx_word' id='word_1_7' title='bbox 1526 560 1876 631; x_wconf 85' lang='lat' dir='ltr'><strong>adversum</strong></span> <span class='ocrx_word' id='word_1_8' title='bbox 1922 561 2184 630; x_wconf 73' lang='lat' dir='ltr'><strong>Padum</strong></span> <span class='ocrx_word' id='word_1_9' title='bbox 2241 547 2549 653; x_wconf 80' lang='lat' dir='ltr'><strong>agentes,</strong></span> <span class='ocrx_word' id='word_1_10' title='bbox 2605 563 2871 657; x_wconf 76' lang='lat' dir='ltr'><strong>alisque</strong></span> <span class='ocrx_word' id='word_1_11' title='bbox 2918 561 2919 640; x_wconf 61' lang='lat'>1</span> 
     </span>
     <span class='ocr_line' id='line_1_3' title="bbox 652 678 2869 770; baseline 0 -21"><span class='ocrx_word' id='word_1_12' title='bbox 652 681 940 750; x_wconf 74' lang='lat' dir='ltr'>terrestri</span> <span class='ocrx_word' id='word_1_13' title='bbox 982 681 1278 747; x_wconf 85' lang='lat' dir='ltr'><strong>exercitu</strong></span> <span class='ocrx_word' id='word_1_14' title='bbox 1320 678 1688 747; x_wconf 83' lang='lat' dir='ltr'><strong>Ferrariam</strong></span> <span class='ocrx_word' id='word_1_15' title='bbox 1748 691 2051 770; x_wconf 86' lang='lat' dir='ltr'><strong>petentes</strong></span> <span class='ocrx_word' id='word_1_16' title='bbox 2106 678 2288 747; x_wconf 83' lang='lat' dir='ltr'><strong>ultra</strong></span> <span class='ocrx_word' id='word_1_17' title='bbox 2331 679 2602 747; x_wconf 84' lang='lat' dir='ltr'><strong>Padum</strong></span> <span class='ocrx_word' id='word_1_18' title='bbox 2648 687 2869 750; x_wconf 86' lang='lat' dir='ltr'><strong>omnia</strong></span> 
     </span>
     <span class='ocr_line' id='line_1_4' title="bbox 651 794 2865 894; baseline -0 -27"><span class='ocrx_word' id='word_1_19' title='bbox 651 801 725 868; x_wconf 88' lang='lat' dir='ltr'><strong>in</strong></span> <span class='ocrx_word' id='word_1_20' title='bbox 754 795 1146 886; x_wconf 77' lang='lat' dir='ltr'><strong>Rhodiginis</strong></span> <span class='ocrx_word' id='word_1_21' title='bbox 1185 807 1624 886; x_wconf 81' lang='lat' dir='ltr'><strong>occuparunt.</strong></span> <span class='ocrx_word' id='word_1_22' title='bbox 1671 794 1782 862; x_wconf 88' lang='lat' dir='ltr'><strong>Ad</strong></span> <span class='ocrx_word' id='word_1_23' title='bbox 1824 808 2210 894; x_wconf 85' lang='lat' dir='ltr'><strong>extremum</strong></span> <span class='ocrx_word' id='word_1_24' title='bbox 2257 799 2536 887; x_wconf 85' lang='lat' dir='ltr'><strong>triginta</strong></span> <span class='ocrx_word' id='word_1_25' title='bbox 2585 800 2865 866; x_wconf 83' lang='lat' dir='ltr'><strong>navibus</strong></span> 
     </span>
     <span class='ocr_line' id='line_1_5' title="bbox 654 911 2862 1005; baseline -0.001 -22"><span class='ocrx_word' id='word_1_26' title='bbox 654 916 909 983; x_wconf 85' lang='lat' dir='ltr'><strong>arnissis</strong></span> <span class='ocrx_word' id='word_1_27' title='bbox 937 913 1026 980; x_wconf 86' lang='lat' dir='ltr'><strong>ab</strong></span> <span class='ocrx_word' id='word_1_28' title='bbox 1056 912 1342 980; x_wconf 79' lang='lat' dir='ltr'><strong>Hercule</strong></span> <span class='ocrx_word' id='word_1_29' title='bbox 1372 925 1531 979; x_wconf 87' lang='lat' dir='ltr'><strong>sunt</strong></span> <span class='ocrx_word' id='word_1_30' title='bbox 1567 911 1917 1003; x_wconf 82' lang='lat' dir='ltr'><strong>profligati.</strong></span> <span class='ocrx_word' id='word_1_31' title='bbox 1971 912 2224 982; x_wconf 86' lang='lat' dir='ltr'><strong>Verum</strong></span> <span class='ocrx_word' id='word_1_32' title='bbox 2268 937 2405 982; x_wconf 91' lang='lat' dir='ltr'><strong>non</strong></span> <span class='ocrx_word' id='word_1_33' title='bbox 2454 914 2684 983; x_wconf 86' lang='lat' dir='ltr'><strong>multo</strong></span> <span class='ocrx_word' id='word_1_34' title='bbox 2725 929 2862 1005; x_wconf 79' lang='lat' dir='ltr'><strong>post</strong></span> 
     </span>
     <span class='ocr_line' id='line_1_6' title="bbox 651 1027 2861 1121; baseline -0 -23"><span class='ocrx_word' id='word_1_35' title='bbox 651 1041 956 1121; x_wconf 88' lang='lat' dir='ltr'><strong>reparato</strong></span> <span class='ocrx_word' id='word_1_36' title='bbox 1002 1030 1333 1109; x_wconf 81' lang='lat' dir='ltr'><strong>exercitu,</strong></span> <span class='ocrx_word' id='word_1_37' title='bbox 1379 1051 1692 1118; x_wconf 82' lang='lat' dir='ltr'><strong>novaque</strong></span> <span class='ocrx_word' id='word_1_38' title='bbox 1737 1027 1946 1097; x_wconf 89' lang='lat' dir='ltr'><strong>classe</strong></span> <span class='ocrx_word' id='word_1_39' title='bbox 1991 1052 2081 1096; x_wconf 84' lang='lat' dir='ltr'><strong>ex</strong></span> <span class='ocrx_word' id='word_1_40' title='bbox 2122 1027 2374 1119; x_wconf 86' lang='lat' dir='ltr'>Apulia</span> <span class='ocrx_word' id='word_1_41' title='bbox 2416 1030 2728 1097; x_wconf 77' lang='lat' dir='ltr'>celeriter</span> <span class='ocrx_word' id='word_1_42' title='bbox 2762 1055 2861 1097; x_wconf 86' lang='lat' dir='ltr'><strong>ac-</strong></span> 
     </span>
     <span class='ocr_line' id='line_1_7' title="bbox 648 1143 2855 1237; baseline 0 -23"><span class='ocrx_word' id='word_1_43' title='bbox 648 1149 786 1214; x_wconf 87' lang='lat' dir='ltr'><strong>cita</strong></span> <span class='ocrx_word' id='word_1_44' title='bbox 850 1145 938 1213; x_wconf 83' lang='lat' dir='ltr'><strong>sd</strong></span> <span class='ocrx_word' id='word_1_45' title='bbox 995 1143 1362 1236; x_wconf 84' lang='lat' dir='ltr'><strong>Argentam</strong></span> <span class='ocrx_word' id='word_1_46' title='bbox 1427 1143 1691 1213; x_wconf 85' lang='lat' dir='ltr'><strong>bellum</strong></span> <span class='ocrx_word' id='word_1_47' title='bbox 1756 1156 2203 1215; x_wconf 72' lang='lat' dir='ltr'><strong>renovarunt:</strong></span> <span class='ocrx_word' id='word_1_48' title='bbox 2249 1149 2544 1214; x_wconf 71' lang='lat' dir='ltr'><strong>terrestri</strong></span> <span class='ocrx_word' id='word_1_49' title='bbox 2603 1169 2855 1237; x_wconf 84' lang='lat' dir='ltr'><strong>quoque</strong></span> 
     </span>
     <span class='ocr_line' id='line_1_8' title="bbox 649 1259 2879 1354; baseline -0.001 -23"><span class='ocrx_word' id='word_1_50' title='bbox 649 1264 891 1331; x_wconf 85' lang='lat' dir='ltr'><strong>itinere</strong></span> <span class='ocrx_word' id='word_1_51' title='bbox 919 1259 1093 1331; x_wconf 84' lang='lat' dir='ltr'><strong>forte</strong></span> <span class='ocrx_word' id='word_1_52' title='bbox 1122 1259 1433 1330; x_wconf 84' lang='lat' dir='ltr'><strong>nonnulli</strong></span> <span class='ocrx_word' id='word_1_53' title='bbox 1462 1260 1878 1352; x_wconf 81' lang='lat' dir='ltr'><strong>cataphracti</strong></span> <span class='ocrx_word' id='word_1_54' title='bbox 1907 1270 2456 1353; x_wconf 73' lang='lat' dir='ltr'><strong>supervenerant,</strong></span> <span class='ocrx_word' id='word_1_55' title='bbox 2486 1265 2618 1354; x_wconf 89' lang='lat' dir='ltr'><strong>qui</strong></span> <span class='ocrx_word' id='word_1_56' title='bbox 2647 1262 2879 1333; x_wconf 75' lang='lat' dir='ltr'><strong>velex·</strong></span> 
     </span>
     <span class='ocr_line' id='line_1_9' title="bbox 647 1377 2861 1471; baseline -0.001 -23"><span class='ocrx_word' id='word_1_57' title='bbox 647 1383 887 1448; x_wconf 89' lang='lat' dir='ltr'><strong>itinere</strong></span> <span class='ocrx_word' id='word_1_58' title='bbox 929 1377 1084 1448; x_wconf 84' lang='lat' dir='ltr'><strong>fessi</strong></span> <span class='ocrx_word' id='word_1_59' title='bbox 1127 1378 1453 1471; x_wconf 87' lang='lat' dir='ltr'><strong>oppidum</strong></span> <span class='ocrx_word' id='word_1_60' title='bbox 1484 1382 1850 1470; x_wconf 81' lang='lat' dir='ltr'><strong>irrumpere</strong></span> <span class='ocrx_word' id='word_1_61' title='bbox 1879 1390 2248 1448; x_wconf 85' lang='lat' dir='ltr'><strong>tentarunt.</strong></span> <span class='ocrx_word' id='word_1_62' title='bbox 2272 1380 2582 1448; x_wconf 55' lang='lat' dir='ltr'><strong>‘Atestini</strong></span> <span class='ocrx_word' id='word_1_63' title='bbox 2618 1393 2861 1447; x_wconf 81' lang='lat' dir='ltr'><strong>extem-</strong></span> 
     </span>
     <span class='ocr_line' id='line_1_10' title="bbox 646 1479 2862 1589; baseline -0 -24"><span class='ocrx_word' id='word_1_64' title='bbox 646 1521 808 1589; x_wconf 86' lang='lat' dir='ltr'><strong>pore</strong></span> <span class='ocrx_word' id='word_1_65' title='bbox 872 1479 1210 1589; x_wconf 77' lang='lat' dir='ltr'><strong>patefacta</strong></span> <span class='ocrx_word' id='word_1_66' title='bbox 1276 1508 1474 1586; x_wconf 86' lang='lat' dir='ltr'><strong>porta</strong></span> <span class='ocrx_word' id='word_1_67' title='bbox 1519 1518 1679 1562; x_wconf 86' lang='lat' dir='ltr'><strong>cum</strong></span> <span class='ocrx_word' id='word_1_68' title='bbox 1725 1495 1916 1563; x_wconf 88' lang='lat' dir='ltr'><strong>mille</strong></span> <span class='ocrx_word' id='word_1_69' title='bbox 1970 1497 2329 1587; x_wconf 68' lang='lat' dir='ltr'><strong>peditibus</strong></span> <span class='ocrx_word' id='word_1_70' title='bbox 2352 1509 2425 1564; x_wconf 81' lang='lat' dir='ltr'><strong>et</strong></span> <span class='ocrx_word' id='word_1_71' title='bbox 2467 1501 2862 1588; x_wconf 75' lang='lat' dir='ltr'><strong>octingentis</strong></span> 
     </span>
     <span class='ocr_line' id='line_1_11' title="bbox 646 1610 2865 1706; baseline 0.001 -25"><span class='ocrx_word' id='word_1_72' title='bbox 646 1614 991 1706; x_wconf 84' lang='lat' dir='ltr'><strong>equitibus</strong></span> <span class='ocrx_word' id='word_1_73' title='bbox 1035 1615 1309 1704; x_wconf 85' lang='lat' dir='ltr'><strong>egressi,</strong></span> <span class='ocrx_word' id='word_1_74' title='bbox 1353 1612 1578 1682; x_wconf 84' lang='lat' dir='ltr'><strong>hostes</strong></span> <span class='ocrx_word' id='word_1_75' title='bbox 1642 1615 1715 1680; x_wconf 91' lang='lat' dir='ltr'><strong>in</strong></span> <span class='ocrx_word' id='word_1_76' title='bbox 1781 1610 2015 1704; x_wconf 84' lang='lat' dir='ltr'><strong>fugam</strong></span> <span class='ocrx_word' id='word_1_77' title='bbox 2062 1624 2395 1696; x_wconf 68' lang='lat' dir='ltr'><strong>vertunt-5·</strong></span> <span class='ocrx_word' id='word_1_78' title='bbox 2414 1614 2585 1681; x_wconf 86' lang='lat' dir='ltr'><strong>inde</strong></span> <span class='ocrx_word' id='word_1_79' title='bbox 2642 1618 2865 1683; x_wconf 83' lang='lat' dir='ltr'><strong>castris</strong></span> 
     </span>
     <span class='ocr_line' id='line_1_12' title="bbox 647 1721 2864 1821; baseline -0 -23"><span class='ocrx_word' id='word_1_80' title='bbox 647 1731 943 1821; x_wconf 75' lang='lat' dir='ltr'><strong>direptis,</strong></span> <span class='ocrx_word' id='word_1_81' title='bbox 988 1729 1153 1796; x_wconf 88' lang='lat' dir='ltr'><strong>dum</strong></span> <span class='ocrx_word' id='word_1_82' title='bbox 1201 1732 1342 1796; x_wconf 89' lang='lat' dir='ltr'><strong>sine</strong></span> <span class='ocrx_word' id='word_1_83' title='bbox 1384 1728 1616 1797; x_wconf 78' lang='lat' dir='ltr'><strong>ordine</strong></span> <span class='ocrx_word' id='word_1_84' title='bbox 1671 1725 1916 1819; x_wconf 81' lang='lat' dir='ltr'><strong>praeda</strong></span> <span class='ocrx_word' id='word_1_85' title='bbox 1967 1732 2195 1799; x_wconf 82' lang='lat' dir='ltr'><strong>onusti</strong></span> <span class='ocrx_word' id='word_1_86' title='bbox 2240 1721 2611 1819; x_wconf 78' lang='lat' dir='ltr'><strong>Argentam</strong></span> <span class='ocrx_word' id='word_1_87' title='bbox 2638 1726 2864 1799; x_wconf 76' lang='lat' dir='ltr'><strong>&#39;rever-</strong></span> 
     </span>
     <span class='ocr_line' id='line_1_13' title="bbox 644 1846 2864 1939; baseline 0 -22"><span class='ocrx_word' id='word_1_88' title='bbox 644 1860 889 1917; x_wconf 87' lang='lat' dir='ltr'><strong>tuntur</strong></span> <span class='ocrx_word' id='word_1_89' title='bbox 931 1847 1352 1916; x_wconf 85' lang='lat' dir='ltr'><strong>Venetorum</strong></span> <span class='ocrx_word' id='word_1_90' title='bbox 1396 1846 1603 1914; x_wconf 85' lang='lat' dir='ltr'><strong>duces</strong></span> <span class='ocrx_word' id='word_1_91' title='bbox 1645 1850 1979 1917; x_wconf 79' lang='lat' dir='ltr'><strong>conversis</strong></span> <span class='ocrx_word' id='word_1_92' title='bbox 2045 1851 2251 1916; x_wconf 80' lang='lat' dir='ltr'><strong>armis</strong></span> <span class='ocrx_word' id='word_1_93' title='bbox 2311 1848 2620 1939; x_wconf 83' lang='lat' dir='ltr'><strong>palantes</strong></span> <span class='ocrx_word' id='word_1_94' title='bbox 2679 1862 2864 1918; x_wconf 82' lang='lat' dir='ltr'><strong>tanto</strong></span> 
     </span>
     <span class='ocr_line' id='line_1_14' title="bbox 647 1964 2865 2056; baseline 0 -23"><span class='ocrx_word' id='word_1_95' title='bbox 647 1968 859 2033; x_wconf 86' lang='lat' dir='ltr'><strong>animi</strong></span> <span class='ocrx_word' id='word_1_96' title='bbox 899 1964 1131 2032; x_wconf 85' lang='lat' dir='ltr'><strong>ardore</strong></span> <span class='ocrx_word' id='word_1_97' title='bbox 1166 1966 1626 2054; x_wconf 85' lang='lat' dir='ltr'><strong>impetierunt,</strong></span> <span class='ocrx_word' id='word_1_98' title='bbox 1656 1974 1740 2030; x_wconf 91' lang='lat' dir='ltr'><strong>ut</strong></span> <span class='ocrx_word' id='word_1_99' title='bbox 1768 1989 1905 2033; x_wconf 91' lang='lat' dir='ltr'><strong>non</strong></span> <span class='ocrx_word' id='word_1_100' title='bbox 1939 1965 2140 2033; x_wconf 87' lang='lat' dir='ltr'><strong>modo</strong></span> <span class='ocrx_word' id='word_1_101' title='bbox 2171 1965 2302 2033; x_wconf 89' lang='lat' dir='ltr'><strong>sihi</strong></span> <span class='ocrx_word' id='word_1_102' title='bbox 2333 1977 2635 2056; x_wconf 84' lang='lat' dir='ltr'><strong>ereptam</strong></span> <span class='ocrx_word' id='word_1_103' title='bbox 2689 1989 2865 2055; x_wconf 56' lang='lat' dir='ltr'><strong>pras*</strong></span> 
     </span>
     <span class='ocr_line' id='line_1_15' title="bbox 644 2080 2863 2173; baseline 0 -24"><span class='ocrx_word' id='word_1_104' title='bbox 644 2081 800 2150; x_wconf 85' lang='lat' dir='ltr'><strong>dam</strong></span> <span class='ocrx_word' id='word_1_105' title='bbox 849 2084 1248 2172; x_wconf 83' lang='lat' dir='ltr'><strong>receperint,</strong></span> <span class='ocrx_word' id='word_1_106' title='bbox 1277 2082 1392 2148; x_wconf 88' lang='lat' dir='ltr'><strong>sed</strong></span> <span class='ocrx_word' id='word_1_107' title='bbox 1425 2085 1632 2149; x_wconf 86' lang='lat' dir='ltr'><strong>etiam</strong></span> <span class='ocrx_word' id='word_1_108' title='bbox 1679 2105 1792 2151; x_wconf 89' lang='lat' dir='ltr'><strong>eos</strong></span> <span class='ocrx_word' id='word_1_109' title='bbox 1837 2085 2125 2173; x_wconf 88' lang='lat' dir='ltr'><strong>turpiter</strong></span> <span class='ocrx_word' id='word_1_110' title='bbox 2168 2080 2492 2151; x_wconf 85' lang='lat' dir='ltr'><strong>fuderint.</strong></span> <span class='ocrx_word' id='word_1_111' title='bbox 2542 2084 2863 2153; x_wconf 83' lang='lat' dir='ltr'><strong>Nicolaus</strong></span> 
     </span>
     <span class='ocr_line' id='line_1_16' title="bbox 644 2199 2861 2292; baseline -0.001 -23"><span class='ocrx_word' id='word_1_112' title='bbox 644 2200 980 2290; x_wconf 83' lang='lat' dir='ltr'><strong>Corrigius</strong></span> <span class='ocrx_word' id='word_1_113' title='bbox 1024 2199 1333 2267; x_wconf 85' lang='lat' dir='ltr'><strong>Herculis</strong></span> <span class='ocrx_word' id='word_1_114' title='bbox 1378 2222 1465 2266; x_wconf 85' lang='lat' dir='ltr'><strong>ex</strong></span> <span class='ocrx_word' id='word_1_115' title='bbox 1506 2223 1726 2268; x_wconf 87' lang='lat' dir='ltr'><strong>sorore</strong></span> <span class='ocrx_word' id='word_1_116' title='bbox 1779 2223 2016 2291; x_wconf 65' lang='grc' dir='ltr'><strong>ηεροδ,</strong></span> <span class='ocrx_word' id='word_1_117' title='bbox 2072 2201 2324 2292; x_wconf 87' lang='lat' dir='ltr'><strong>aliique</strong></span> <span class='ocrx_word' id='word_1_118' title='bbox 2382 2213 2517 2268; x_wconf 85' lang='lat' dir='ltr'><strong>tres</strong></span> <span class='ocrx_word' id='word_1_119' title='bbox 2580 2205 2861 2292; x_wconf 82' lang='lat' dir='ltr'><strong>insignes</strong></span> 
     </span>
     <span class='ocr_line' id='line_1_17' title="bbox 643 2315 2861 2409; baseline -0 -21"><span class='ocrx_word' id='word_1_120' title='bbox 643 2320 770 2388; x_wconf 77' lang='lat' dir='ltr'><strong>viri</strong></span> <span class='ocrx_word' id='word_1_121' title='bbox 814 2315 974 2386; x_wconf 84' lang='lat' dir='ltr'><strong>cum</strong></span> <span class='ocrx_word' id='word_1_122' title='bbox 1023 2321 1335 2385; x_wconf 76' lang='lat' dir='ltr'><strong>trecentis</strong></span> <span class='ocrx_word' id='word_1_123' title='bbox 1364 2320 1569 2408; x_wconf 85' lang='lat' dir='ltr'><strong>capti,</strong></span> <span class='ocrx_word' id='word_1_124' title='bbox 1598 2318 2051 2409; x_wconf 71' lang='lat' dir='ltr'><strong>venetiasque</strong></span> <span class='ocrx_word' id='word_1_125' title='bbox 2094 2320 2399 2409; x_wconf 86' lang='lat' dir='ltr'><strong>perducti</strong></span> <span class='ocrx_word' id='word_1_126' title='bbox 2441 2322 2513 2388; x_wconf 92' lang='lat' dir='ltr'><strong>in</strong></span> <span class='ocrx_word' id='word_1_127' title='bbox 2561 2322 2861 2391; x_wconf 83' lang='lat' dir='ltr'><strong>custodia</strong></span> 
     </span>
     <span class='ocr_line' id='line_1_18' title="bbox 642 2434 2861 2529; baseline 0.001 -26"><span class='ocrx_word' id='word_1_128' title='bbox 642 2439 848 2529; x_wconf 86' lang='lat' dir='ltr'><strong>positi</strong></span> <span class='ocrx_word' id='word_1_129' title='bbox 892 2434 1102 2504; x_wconf 85' lang='lat' dir='ltr'><strong>fuere.</strong></span> <span class='ocrx_word' id='word_1_130' title='bbox 1152 2436 1487 2504; x_wconf 83' lang='lat' dir='ltr'><strong>Roh‘ertus</strong></span> <span class='ocrx_word' id='word_1_131' title='bbox 1556 2460 1712 2506; x_wconf 86' lang='lat' dir='ltr'><strong>vero</strong></span> <span class='ocrx_word' id='word_1_132' title='bbox 1782 2435 2257 2505; x_wconf 82' lang='lat' dir='ltr'><strong>Sanseverinus</strong></span> <span class='ocrx_word' id='word_1_133' title='bbox 2322 2461 2481 2505; x_wconf 89' lang='lat' dir='ltr'><strong>curn</strong></span> <span class='ocrx_word' id='word_1_134' title='bbox 2550 2440 2861 2506; x_wconf 81' lang='lat' dir='ltr'><strong>Fracasso</strong></span> 
     </span>
     <span class='ocr_line' id='line_1_19' title="bbox 641 2549 2863 2646; baseline 0 -25"><span class='ocrx_word' id='word_1_135' title='bbox 641 2551 820 2635; x_wconf 88' lang='lat' dir='ltr'><strong>filio,</strong></span> <span class='ocrx_word' id='word_1_136' title='bbox 866 2555 987 2643; x_wconf 83' lang='lat' dir='ltr'><strong>qui</strong></span> <span class='ocrx_word' id='word_1_137' title='bbox 1055 2577 1094 2619; x_wconf 86' lang='lat' dir='ltr'><strong>a</strong></span> <span class='ocrx_word' id='word_1_138' title='bbox 1160 2553 1397 2620; x_wconf 87' lang='lat' dir='ltr'><strong>multis</strong></span> <span class='ocrx_word' id='word_1_139' title='bbox 1457 2553 1708 2636; x_wconf 67' lang='lat' dir='ltr'><strong>hastis,</strong></span> <span class='ocrx_word' id='word_1_140' title='bbox 1773 2549 1942 2644; x_wconf 79' lang='lat' dir='ltr'><strong>quas</strong></span> <span class='ocrx_word' id='word_1_141' title='bbox 1998 2552 2407 2624; x_wconf 83' lang='lat' dir='ltr'><strong>decurrendo</strong></span> <span class='ocrx_word' id='word_1_142' title='bbox 2473 2553 2863 2646; x_wconf 82' lang='lat' dir='ltr'><strong>frangebat,</strong></span> 
     </span>
     <span class='ocr_line' id='line_1_20' title="bbox 637 2669 2866 2761; baseline 0 -24"><span class='ocrx_word' id='word_1_143' title='bbox 637 2669 870 2760; x_wconf 78' lang='lat' dir='ltr'><strong>lingua</strong></span> <span class='ocrx_word' id='word_1_144' title='bbox 915 2669 1146 2736; x_wconf 81' lang='lat' dir='ltr'><strong>italica</strong></span> <span class='ocrx_word' id='word_1_145' title='bbox 1190 2669 1261 2736; x_wconf 91' lang='lat' dir='ltr'><strong>id</strong></span> <span class='ocrx_word' id='word_1_146' title='bbox 1303 2681 1826 2761; x_wconf 80' lang='lat' dir='ltr'><strong>cognomentum</strong></span> <span class='ocrx_word' id='word_1_147' title='bbox 1873 2670 2066 2753; x_wconf 86' lang='lat' dir='ltr'><strong>tulit,</strong></span> <span class='ocrx_word' id='word_1_148' title='bbox 2111 2672 2241 2738; x_wconf 88' lang='lat' dir='ltr'><strong>sub</strong></span> <span class='ocrx_word' id='word_1_149' title='bbox 2286 2673 2623 2739; x_wconf 82' lang='lat' dir='ltr'><strong>Ferrariae</strong></span> <span class='ocrx_word' id='word_1_150' title='bbox 2680 2696 2866 2742; x_wconf 87' lang='lat' dir='ltr'><strong>moe-</strong></span> 
     </span>
     <span class='ocr_line' id='line_1_21' title="bbox 633 2785 2860 2857; baseline 0 -1"><span class='ocrx_word' id='word_1_151' title='bbox 633 2788 839 2856; x_wconf 84' lang='lat' dir='ltr'><strong>nibus</strong></span> <span class='ocrx_word' id='word_1_152' title='bbox 882 2785 1418 2856; x_wconf 79' lang='lat' dir='ltr'><strong>castra·locavit.</strong></span> <span class='ocrx_word' id='word_1_153' title='bbox 1488 2787 1808 2855; x_wconf 84' lang='lat' dir='ltr'><strong>Hercules</strong></span> <span class='ocrx_word' id='word_1_154' title='bbox 1852 2788 2130 2857; x_wconf 84' lang='lat' dir='ltr'><strong>adverso</strong></span> <span class='ocrx_word' id='word_1_155' title='bbox 2186 2801 2345 2855; x_wconf 83' lang='lat' dir='ltr'><strong>casu</strong></span> <span class='ocrx_word' id='word_1_156' title='bbox 2396 2800 2860 2857; x_wconf 82' lang='lat' dir='ltr'><strong>consternatus</strong></span> 
     </span>
     <span class='ocr_line' id='line_1_22' title="bbox 636 2903 2859 2997; baseline 0 -25"><span class='ocrx_word' id='word_1_157' title='bbox 636 2904 803 2974; x_wconf 89' lang='lat' dir='ltr'><strong>adeo</strong></span> <span class='ocrx_word' id='word_1_158' title='bbox 848 2917 1076 2972; x_wconf 80' lang='lat' dir='ltr'><strong>mento</strong></span> <span class='ocrx_word' id='word_1_159' title='bbox 1120 2906 1341 2997; x_wconf 82' lang='lat' dir='ltr'><strong>eoepit</strong></span> <span class='ocrx_word' id='word_1_160' title='bbox 1383 2903 1741 2987; x_wconf 85' lang='lat' dir='ltr'><strong>labescere,</strong></span> <span class='ocrx_word' id='word_1_161' title='bbox 1772 2916 1856 2971; x_wconf 91' lang='lat' dir='ltr'><strong>ut</strong></span> <span class='ocrx_word' id='word_1_162' title='bbox 1885 2929 2055 2995; x_wconf 88' lang='lat' dir='ltr'><strong>pene</strong></span> <span class='ocrx_word' id='word_1_163' title='bbox 2087 2905 2374 2973; x_wconf 81' lang='lat' dir='ltr'><strong>delirans</strong></span> <span class='ocrx_word' id='word_1_164' title='bbox 2403 2904 2580 2971; x_wconf 80' lang='lat' dir='ltr'><strong>nihii</strong></span> <span class='ocrx_word' id='word_1_165' title='bbox 2612 2918 2859 2995; x_wconf 77' lang='lat' dir='ltr'><strong>ageret,</strong></span> 
     </span>
     <span class='ocr_line' id='line_1_23' title="bbox 633 3019 2861 3110; baseline 0.001 -23"><span class='ocrx_word' id='word_1_166' title='bbox 633 3032 705 3087; x_wconf 81' lang='lat' dir='ltr'><strong>et</strong></span> <span class='ocrx_word' id='word_1_167' title='bbox 772 3045 811 3088; x_wconf 92' lang='lat' dir='ltr'><strong>e</strong></span> <span class='ocrx_word' id='word_1_168' title='bbox 880 3024 1022 3089; x_wconf 84' lang='lat' dir='ltr'><strong>vita</strong></span> <span class='ocrx_word' id='word_1_169' title='bbox 1071 3019 1417 3088; x_wconf 79' lang='lat' dir='ltr'><strong>decessisse</strong></span> <span class='ocrx_word' id='word_1_170' title='bbox 1460 3020 1862 3088; x_wconf 46' lang='lat' dir='ltr'><strong>crederetur„</strong></span> <span class='ocrx_word' id='word_1_171' title='bbox 1907 3019 2081 3087; x_wconf 90' lang='lat' dir='ltr'><strong>Belli</strong></span> <span class='ocrx_word' id='word_1_172' title='bbox 2130 3021 2334 3110; x_wconf 78' lang='lat' dir='ltr'><strong>igitur</strong></span> <span class='ocrx_word' id='word_1_173' title='bbox 2379 3025 2615 3087; x_wconf 70' lang='lat' dir='ltr'><strong>curam</strong></span> <span class='ocrx_word' id='word_1_174' title='bbox 2667 3020 2861 3089; x_wconf 87' lang='lat' dir='ltr'><strong>Eleo-</strong></span> 
     </span>
     <span class='ocr_line' id='line_1_24' title="bbox 632 3133 2856 3227; baseline 0.001 -24"><span class='ocrx_word' id='word_1_175' title='bbox 632 3160 797 3204; x_wconf 85' lang='lat' dir='ltr'><strong>nora</strong></span> <span class='ocrx_word' id='word_1_176' title='bbox 840 3136 1098 3222; x_wconf 85' lang='lat' dir='ltr'><strong>conjux</strong></span> <span class='ocrx_word' id='word_1_177' title='bbox 1140 3138 1451 3226; x_wconf 85' lang='lat' dir='ltr'><strong>suscepit,</strong></span> <span class='ocrx_word' id='word_1_178' title='bbox 1499 3159 1578 3202; x_wconf 85' lang='lat' dir='ltr'><strong>ac</strong></span> <span class='ocrx_word' id='word_1_179' title='bbox 1621 3134 1804 3203; x_wconf 81' lang='lat' dir='ltr'><strong>vallo</strong></span> <span class='ocrx_word' id='word_1_180' title='bbox 1848 3133 2371 3227; x_wconf 82' lang='lat' dir='ltr'><strong>fossaque-urhe</strong></span> <span class='ocrx_word' id='word_1_181' title='bbox 2404 3141 2693 3203; x_wconf 81' lang='lat' dir='ltr'><strong>munita</strong></span> <span class='ocrx_word' id='word_1_182' title='bbox 2742 3137 2856 3205; x_wconf 85' lang='lat' dir='ltr'><strong>ho-</strong></span> 
     </span>
     <span class='ocr_line' id='line_1_25' title="bbox 633 3250 2852 3342; baseline 0 -25"><span class='ocrx_word' id='word_1_183' title='bbox 633 3250 850 3317; x_wconf 82' lang='lat' dir='ltr'><strong>stibus</strong></span> <span class='ocrx_word' id='word_1_184' title='bbox 894 3254 1119 3338; x_wconf 84' lang='lat' dir='ltr'><strong>coepit</strong></span> <span class='ocrx_word' id='word_1_185' title='bbox 1159 3253 1476 3318; x_wconf 84' lang='lat' dir='ltr'><strong>resistere.</strong></span> <span class='ocrx_word' id='word_1_186' title='bbox 1523 3250 1774 3319; x_wconf 83' lang='lat' dir='ltr'><strong>Sfortia</strong></span> <span class='ocrx_word' id='word_1_187' title='bbox 1820 3275 2093 3342; x_wconf 88' lang='lat' dir='ltr'><strong>quoque</strong></span> <span class='ocrx_word' id='word_1_188' title='bbox 2136 3251 2481 3323; x_wconf 83' lang='lat' dir='ltr'><strong>Ludovici·</strong></span> <span class='ocrx_word' id='word_1_189' title='bbox 2529 3252 2852 3319; x_wconf 79' lang='lat' dir='ltr'><strong>naturalis</strong></span> 
     </span>
     <span class='ocr_line' id='line_1_26' title="bbox 630 3359 2849 3456; baseline 0.002 -24"><span class='ocrx_word' id='word_1_190' title='bbox 630 3362 840 3432; x_wconf 79' lang='lat' dir='ltr'><strong>frater</strong></span> <span class='ocrx_word' id='word_1_191' title='bbox 883 3364 968 3429; x_wconf 78' lang='lat' dir='ltr'><strong>‘ad</strong></span> <span class='ocrx_word' id='word_1_192' title='bbox 1012 3365 1405 3434; x_wconf 85' lang='lat' dir='ltr'><strong>Bondenum</strong></span> <span class='ocrx_word' id='word_1_193' title='bbox 1475 3359 1800 3456; x_wconf 81' lang='lat' dir='ltr'><strong>praesidio</strong></span> <span class='ocrx_word' id='word_1_194' title='bbox 1866 3366 2124 3449; x_wconf 85' lang='lat' dir='ltr'><strong>relicto,</strong></span> <span class='ocrx_word' id='word_1_195' title='bbox 2170 3367 2568 3436; x_wconf 76' lang='lat' dir='ltr'><strong>ne·Ven‘eta</strong></span> <span class='ocrx_word' id='word_1_196' title='bbox 2634 3368 2849 3436; x_wconf 80' lang='lat' dir='ltr'><strong>classis</strong></span> 
     </span>
     <span class='ocr_line' id='line_1_27' title="bbox 632 3466 2845 3575; baseline 0.001 -27"><span class='ocrx_word' id='word_1_197' title='bbox 632 3505 752 3572; x_wconf 86' lang='lat' dir='ltr'><strong>per</strong></span> <span class='ocrx_word' id='word_1_198' title='bbox 797 3479 1085 3549; x_wconf 77' lang='lat' dir='ltr'><strong>alterum</strong></span> <span class='ocrx_word' id='word_1_199' title='bbox 1132 3481 1294 3549; x_wconf 88' lang='lat' dir='ltr'><strong>Padi</strong></span> <span class='ocrx_word' id='word_1_200' title='bbox 1341 3483 1611 3550; x_wconf 84' lang='lat' dir='ltr'><strong>alveum</strong></span> <span class='ocrx_word' id='word_1_201' title='bbox 1652 3483 1855 3551; x_wconf 86' lang='lat' dir='ltr'><strong>ducta</strong></span> <span class='ocrx_word' id='word_1_202' title='bbox 1900 3486 1991 3563; x_wconf 80' lang='lat' dir='ltr'><strong>ab</strong></span> <span class='ocrx_word' id='word_1_203' title='bbox 2036 3466 2167 3553; x_wconf 84' lang='lat' dir='ltr'><strong>alia</strong></span> <span class='ocrx_word' id='word_1_204' title='bbox 2211 3498 2401 3575; x_wconf 80' lang='lat' dir='ltr'><strong>parte</strong></span> <span class='ocrx_word' id='word_1_205' title='bbox 2446 3487 2699 3553; x_wconf 80' lang='lat' dir='ltr'><strong>urbem</strong></span> <span class='ocrx_word' id='word_1_206' title='bbox 2737 3487 2845 3555; x_wconf 85' lang='lat' dir='ltr'><strong>ob-</strong></span> 
     </span>
     <span class='ocr_line' id='line_1_28' title="bbox 631 3589 2838 3697; baseline 0.002 -31"><span class='ocrx_word' id='word_1_207' title='bbox 631 3598 912 3679; x_wconf 81' lang='lat' dir='ltr'><strong>sideret,</strong></span> <span class='ocrx_word' id='word_1_208' title='bbox 958 3600 1329 3697; x_wconf 84' lang='lat' dir='ltr'><strong>exercitum</strong></span> <span class='ocrx_word' id='word_1_209' title='bbox 1390 3599 1683 3670; x_wconf 88' lang='lat' dir='ltr'><strong>Roberto</strong></span> <span class='ocrx_word' id='word_1_210' title='bbox 1751 3605 2086 3692; x_wconf 85' lang='lat' dir='ltr'><strong>opposuit.</strong></span> <span class='ocrx_word' id='word_1_211' title='bbox 2152 3589 2430 3670; x_wconf 83' lang='lat' dir='ltr'><strong>Interim</strong></span> <span class='ocrx_word' id='word_1_212' title='bbox 2488 3603 2838 3682; x_wconf 81' lang='lat' dir='ltr'><strong>Hercules,</strong></span> 
     </span>
     <span class='ocr_line' id='line_1_29' title="bbox 630 3715 2837 3812; baseline 0.001 -28"><span class='ocrx_word' id='word_1_213' title='bbox 630 3719 754 3807; x_wconf 90' lang='lat' dir='ltr'><strong>qui</strong></span> <span class='ocrx_word' id='word_1_214' title='bbox 798 3719 1192 3807; x_wconf 82' lang='lat' dir='ltr'><strong>expiravisse</strong></span> <span class='ocrx_word' id='word_1_215' title='bbox 1221 3715 1594 3802; x_wconf 85' lang='lat' dir='ltr'><strong>ferebatur,</strong></span> <span class='ocrx_word' id='word_1_216' title='bbox 1624 3743 1712 3787; x_wconf 77' lang='lat' dir='ltr'><strong>ex</strong></span> <span class='ocrx_word' id='word_1_217' title='bbox 1746 3720 1942 3810; x_wconf 88' lang='lat' dir='ltr'><strong>podio</strong></span> <span class='ocrx_word' id='word_1_218' title='bbox 1975 3721 2208 3812; x_wconf 82' lang='lat' dir='ltr'><strong>palatii</strong></span> <span class='ocrx_word' id='word_1_219' title='bbox 2242 3724 2837 3790; x_wconf 79' lang='lat' dir='ltr'><strong>vivusostentatus</strong></span> 
     </span>
     <span class='ocr_line' id='line_1_30' title="bbox 629 3833 2838 3928; baseline 0.004 -32"><span class='ocrx_word' id='word_1_220' title='bbox 629 3833 731 3897; x_wconf 82' lang='lat' dir='ltr'><strong>ita</strong></span> <span class='ocrx_word' id='word_1_221' title='bbox 795 3835 1045 3899; x_wconf 85' lang='lat' dir='ltr'><strong>civium</strong></span> <span class='ocrx_word' id='word_1_222' title='bbox 1116 3836 1374 3903; x_wconf 86' lang='lat' dir='ltr'><strong>animos</strong></span> <span class='ocrx_word' id='word_1_223' title='bbox 1438 3834 1903 3918; x_wconf 85' lang='lat' dir='ltr'><strong>confirmavit,</strong></span> <span class='ocrx_word' id='word_1_224' title='bbox 1968 3849 2050 3903; x_wconf 91' lang='lat' dir='ltr'><strong>ut</strong></span> <span class='ocrx_word' id='word_1_225' title='bbox 2116 3837 2203 3903; x_wconf 84' lang='lat' dir='ltr'><strong>ad</strong></span> <span class='ocrx_word' id='word_1_226' title='bbox 2262 3839 2499 3925; x_wconf 81' lang='lat' dir='ltr'><strong>viginti</strong></span> <span class='ocrx_word' id='word_1_227' title='bbox 2544 3841 2838 3928; x_wconf 83' lang='lat' dir='ltr'><strong>quinque</strong></span> 
     </span>
     <span class='ocr_line' id='line_1_31' title="bbox 628 3945 2835 4041; baseline 0.004 -28"><span class='ocrx_word' id='word_1_228' title='bbox 628 3945 983 4016; x_wconf 86' lang='lat' dir='ltr'><strong>hominum</strong></span> <span class='ocrx_word' id='word_1_229' title='bbox 1031 3950 1241 4017; x_wconf 87' lang='lat' dir='ltr'><strong>millia</strong></span> <span class='ocrx_word' id='word_1_230' title='bbox 1288 3955 1562 4041; x_wconf 88' lang='lat' dir='ltr'><strong>arreptis</strong></span> <span class='ocrx_word' id='word_1_231' title='bbox 1606 3955 1807 4020; x_wconf 86' lang='lat' dir='ltr'><strong>armis</strong></span> <span class='ocrx_word' id='word_1_232' title='bbox 1854 3956 2046 4022; x_wconf 81' lang='lat' dir='ltr'><strong>nonis</strong></span> <span class='ocrx_word' id='word_1_233' title='bbox 2087 3949 2263 4040; x_wconf 85' lang='lat' dir='ltr'><strong>junii</strong></span> <span class='ocrx_word' id='word_1_234' title='bbox 2307 3956 2381 4020; x_wconf 90' lang='lat' dir='ltr'><strong>in</strong></span> <span class='ocrx_word' id='word_1_235' title='bbox 2426 3953 2647 4022; x_wconf 83' lang='lat' dir='ltr'><strong>hostes</strong></span> <span class='ocrx_word' id='word_1_236' title='bbox 2696 3977 2835 4022; x_wconf 82' lang='lat' dir='ltr'><strong>eru-</strong></span> 
     </span>
     <span class='ocr_line' id='line_1_32' title="bbox 627 4064 2834 4159; baseline 0.002 -27"><span class='ocrx_word' id='word_1_237' title='bbox 627 4065 870 4155; x_wconf 78' lang='lat' dir='ltr'><strong>perint.</strong></span> <span class='ocrx_word' id='word_1_238' title='bbox 915 4064 1213 4135; x_wconf 86' lang='lat' dir='ltr'><strong>Cruento</strong></span> <span class='ocrx_word' id='word_1_239' title='bbox 1258 4067 1512 4156; x_wconf 83' lang='lat' dir='ltr'><strong>praelio</strong></span> <span class='ocrx_word' id='word_1_240' title='bbox 1543 4073 1897 4137; x_wconf 84' lang='lat' dir='ltr'><strong>commisso</strong></span> <span class='ocrx_word' id='word_1_241' title='bbox 1924 4071 2277 4159; x_wconf 80' lang='lat' dir='ltr'><strong>quingenti</strong></span> <span class='ocrx_word' id='word_1_242' title='bbox 2307 4092 2395 4136; x_wconf 87' lang='lat' dir='ltr'><strong>ex</strong></span> <span class='ocrx_word' id='word_1_243' title='bbox 2425 4070 2834 4139; x_wconf 82' lang='lat' dir='ltr'><strong>Venetorum</strong></span> 
     </span>
     <span class='ocr_line' id='line_1_33' title="bbox 628 4182 2830 4277; baseline 0.004 -29"><span class='ocrx_word' id='word_1_244' title='bbox 628 4184 929 4251; x_wconf 85' lang='lat' dir='ltr'><strong>exercitu</strong></span> <span class='ocrx_word' id='word_1_245' title='bbox 973 4186 1173 4265; x_wconf 79' lang='lat' dir='ltr'><strong>eaesi,</strong></span> <span class='ocrx_word' id='word_1_246' title='bbox 1217 4182 1627 4277; x_wconf 82' lang='lat' dir='ltr'><strong>plurimique</strong></span> <span class='ocrx_word' id='word_1_247' title='bbox 1668 4209 1828 4254; x_wconf 91' lang='lat' dir='ltr'><strong>cum</strong></span> <span class='ocrx_word' id='word_1_248' title='bbox 1870 4186 2141 4257; x_wconf 74' lang='lat' dir='ltr'><strong>duobus</strong></span> <span class='ocrx_word' id='word_1_249' title='bbox 2181 4210 2414 4259; x_wconf 88' lang='lat' dir='ltr'><strong>eorum</strong></span> <span class='ocrx_word' id='word_1_250' title='bbox 2460 4187 2830 4269; x_wconf 83' lang='lat' dir='ltr'><strong>nobilibus,</strong></span> 
     </span>
    </p>
   </div>
   <div class='ocr_carea' id='block_1_3' title="bbox 1548 4501 1555 4536">
    <p class='ocr_par' dir='ltr' id='par_1_3' title="bbox 1548 4501 1555 4536">
     <span class='ocr_line' id='line_1_34' title="bbox 1548 4501 1555 4536; baseline 0 0"><span class='ocrx_word' id='word_1_251' title='bbox 1548 4501 1555 4536; x_wconf 60' lang='grc' dir='ltr'><em>Ἀ</em></span> 
     </span>
    </p>
   </div>
  </div>
 </body>
</html>
