<?xml version="1.0" encoding="UTF-8"?>
<!DOCTYPE html PUBLIC "-//W3C//DTD XHTML 1.0 Transitional//EN"
    "http://www.w3.org/TR/xhtml1/DTD/xhtml1-transitional.dtd">
<html xmlns="http://www.w3.org/1999/xhtml" xml:lang="en" lang="en">
 <head>
  <title>
</title>
<meta http-equiv="Content-Type" content="text/html;charset=utf-8" />
  <meta name='ocr-system' content='tesseract 3.04.00' />
  <meta name='ocr-capabilities' content='ocr_page ocr_carea ocr_par ocr_line ocrx_word'/>
</head>
<body>
  <div class='ocr_page' id='page_1' title='image "./rerumhistoricar00unkngoog_0287.png"; bbox 0 0 2950 5017; ppageno 0'>
   <div class='ocr_carea' id='block_1_1' title="bbox 911 438 2271 526">
    <p class='ocr_par' dir='ltr' id='par_1_1' title="bbox 911 438 2271 526">
     <span class='ocr_line' id='line_1_1' title="bbox 911 438 2271 526; baseline 0.009 -32"><span class='ocrx_word' id='word_1_1' title='bbox 911 446 1107 495; x_wconf 78' lang='lat' dir='ltr'><strong>nm</strong></span> <span class='ocrx_word' id='word_1_2' title='bbox 1149 446 1446 505; x_wconf 63' lang='lat' dir='ltr'><strong>curares</strong></span> <span class='ocrx_word' id='word_1_3' title='bbox 2133 438 2271 526; x_wconf 66' lang='lat'><strong>273</strong></span> 
     </span>
    </p>
   </div>
   <div class='ocr_carea' id='block_1_2' title="bbox 26 559 2275 4119">
    <p class='ocr_par' dir='ltr' id='par_1_2' title="bbox 26 559 2275 4119">
     <span class='ocr_line' id='line_1_2' title="bbox 35 559 2269 659; baseline 0.004 -27.045"><span class='ocrx_word' id='word_1_4' title='bbox 35 559 411 633; x_wconf 69' lang='lat' dir='ltr'><strong>talorum</strong></span> <span class='ocrx_word' id='word_1_5' title='bbox 452 584 670 633; x_wconf 82' lang='lat' dir='ltr'><strong>manu</strong></span> <span class='ocrx_word' id='word_1_6' title='bbox 708 568 935 634; x_wconf 82' lang='lat' dir='ltr'><strong>statim</strong></span> <span class='ocrx_word' id='word_1_7' title='bbox 978 567 1276 636; x_wconf 78' lang='lat' dir='ltr'><strong>barbaris</strong></span> <span class='ocrx_word' id='word_1_8' title='bbox 1322 570 1660 659; x_wconf 74' lang='lat' dir='ltr'><strong>opposita,</strong></span> <span class='ocrx_word' id='word_1_9' title='bbox 1702 592 1935 639; x_wconf 79' lang='lat' dir='ltr'><strong>eorum</strong></span> <span class='ocrx_word' id='word_1_10' title='bbox 1984 583 2269 644; x_wconf 75' lang='lat' dir='ltr'><strong>conatus</strong></span> 
     </span>
     <span class='ocr_line' id='line_1_3' title="bbox 32 678 2275 777; baseline 0.005 -32"><span class='ocrx_word' id='word_1_11' title='bbox 32 678 452 767; x_wconf 65' lang='lat' dir='ltr'><strong>prudenter</strong></span> <span class='ocrx_word' id='word_1_12' title='bbox 514 678 736 749; x_wconf 84' lang='lat' dir='ltr'><strong>elusit.</strong></span> <span class='ocrx_word' id='word_1_13' title='bbox 780 680 1062 772; x_wconf 84' lang='lat' dir='ltr'><strong>Aliquot</strong></span> <span class='ocrx_word' id='word_1_14' title='bbox 1126 683 1516 774; x_wconf 70' lang='lat' dir='ltr'>proditionis</span> <span class='ocrx_word' id='word_1_15' title='bbox 1580 696 1877 755; x_wconf 79' lang='lat' dir='ltr'><strong>auctores</strong></span> <span class='ocrx_word' id='word_1_16' title='bbox 1937 686 2275 777; x_wconf 70' lang='lat' dir='ltr'><strong>supplicio</strong></span> 
     </span>
     <span class='ocr_line' id='line_1_4' title="bbox 33 793 2273 887; baseline 0.005 -25"><span class='ocrx_word' id='word_1_17' title='bbox 33 807 214 862; x_wconf 75' lang='lat' dir='ltr'><strong>unt</strong></span> <span class='ocrx_word' id='word_1_18' title='bbox 277 793 534 879; x_wconf 62' lang='lat' dir='ltr'><strong>effoeti,</strong></span> <span class='ocrx_word' id='word_1_19' title='bbox 577 809 647 865; x_wconf 87' lang='lat' dir='ltr'><strong>et</strong></span> <span class='ocrx_word' id='word_1_20' title='bbox 690 799 926 887; x_wconf 78' lang='lat' dir='ltr'><strong>viginti</strong></span> <span class='ocrx_word' id='word_1_21' title='bbox 968 810 1121 867; x_wconf 92' lang='lat' dir='ltr'><strong>octo</strong></span> <span class='ocrx_word' id='word_1_22' title='bbox 1163 796 1647 868; x_wconf 82' lang='lat' dir='ltr'><strong>Germanorum</strong></span> <span class='ocrx_word' id='word_1_23' title='bbox 1711 801 1963 870; x_wconf 75' lang='lat' dir='ltr'><strong>vexilla</strong></span> <span class='ocrx_word' id='word_1_24' title='bbox 2025 802 2273 874; x_wconf 84' lang='lat' dir='ltr'><strong>relictis</strong></span> 
     </span>
     <span class='ocr_line' id='line_1_5' title="bbox 30 910 2273 1004; baseline 0.004 -26"><span class='ocrx_word' id='word_1_25' title='bbox 30 912 312 979; x_wconf 67' lang='lat' dir='ltr'><strong>&gt;astris</strong></span> <span class='ocrx_word' id='word_1_26' title='bbox 357 910 666 979; x_wconf 81' lang='lat' dir='ltr'><strong>Parmam</strong></span> <span class='ocrx_word' id='word_1_27' title='bbox 730 935 802 979; x_wconf 89' lang='lat' dir='ltr'><strong>se</strong></span> <span class='ocrx_word' id='word_1_28' title='bbox 867 913 1533 1004; x_wconf 87' lang='lat' dir='ltr'><strong>contulere.1taque</strong></span> <span class='ocrx_word' id='word_1_29' title='bbox 1575 911 1893 984; x_wconf 71' lang='lat' dir='ltr'><strong>foederati</strong></span> <span class='ocrx_word' id='word_1_30' title='bbox 1932 920 2273 988; x_wconf 80' lang='lat' dir='ltr'><strong>sociorum</strong></span> 
     </span>
     <span class='ocr_line' id='line_1_6' title="bbox 30 1024 2260 1122; baseline 0.006 -32"><span class='ocrx_word' id='word_1_31' title='bbox 30 1024 340 1096; x_wconf 59' lang='lat' dir='ltr'><strong>auxilio</strong></span> <span class='ocrx_word' id='word_1_32' title='bbox 383 1026 682 1095; x_wconf 82' lang='lat' dir='ltr'><strong>destituti</strong></span> <span class='ocrx_word' id='word_1_33' title='bbox 724 1029 797 1094; x_wconf 89' lang='lat' dir='ltr'><strong>in</strong></span> <span class='ocrx_word' id='word_1_34' title='bbox 840 1050 991 1095; x_wconf 88' lang='lat' dir='ltr'><strong>suas</strong></span> <span class='ocrx_word' id='word_1_35' title='bbox 1054 1052 1123 1096; x_wconf 89' lang='lat' dir='ltr'><strong>se</strong></span> <span class='ocrx_word' id='word_1_36' title='bbox 1188 1029 1382 1097; x_wconf 87' lang='lat' dir='ltr'><strong>urbes</strong></span> <span class='ocrx_word' id='word_1_37' title='bbox 1440 1042 1849 1120; x_wconf 86' lang='lat' dir='ltr'><strong>receperunt.</strong></span> <span class='ocrx_word' id='word_1_38' title='bbox 1906 1031 2260 1122; x_wconf 79' lang='lat' dir='ltr'><strong>Regienses</strong></span> 
     </span>
     <span class='ocr_line' id='line_1_7' title="bbox 28 1141 2266 1232; baseline 0.004 -23"><span class='ocrx_word' id='word_1_39' title='bbox 28 1141 176 1209; x_wconf 69' lang='lat' dir='ltr'><strong>ahi</strong></span> <span class='ocrx_word' id='word_1_40' title='bbox 233 1141 544 1212; x_wconf 76' lang='lat' dir='ltr'><strong>hostium</strong></span> <span class='ocrx_word' id='word_1_41' title='bbox 586 1141 938 1211; x_wconf 77' lang='lat' dir='ltr'><strong>discessum</strong></span> <span class='ocrx_word' id='word_1_42' title='bbox 982 1143 1291 1212; x_wconf 79' lang='lat' dir='ltr'><strong>viderunt</strong></span> <span class='ocrx_word' id='word_1_43' title='bbox 1357 1158 1439 1212; x_wconf 89' lang='lat' dir='ltr'><strong>ut</strong></span> <span class='ocrx_word' id='word_1_44' title='bbox 1506 1145 1821 1215; x_wconf 88' lang='lat' dir='ltr'><strong>talionem</strong></span> <span class='ocrx_word' id='word_1_45' title='bbox 1887 1147 2266 1232; x_wconf 76' lang='lat' dir='ltr'><strong>redderent,</strong></span> 
     </span>
     <span class='ocr_line' id='line_1_8' title="bbox 28 1254 2275 1352; baseline 0.004 -28"><span class='ocrx_word' id='word_1_46' title='bbox 28 1254 300 1349; x_wconf 69' lang='lat' dir='ltr'><strong>Gypn‘</strong></span> <span class='ocrx_word' id='word_1_47' title='bbox 331 1270 402 1325; x_wconf 86' lang='lat' dir='ltr'><strong>et</strong></span> <span class='ocrx_word' id='word_1_48' title='bbox 431 1257 712 1327; x_wconf 71' lang='lat' dir='ltr'><strong>Bamani</strong></span> <span class='ocrx_word' id='word_1_49' title='bbox 749 1258 1272 1348; x_wconf 79' lang='lat' dir='ltr'><strong>(Ganussiorum</strong></span> <span class='ocrx_word' id='word_1_50' title='bbox 1304 1264 1424 1352; x_wconf 90' lang='lat' dir='ltr'><strong>qui</strong></span> <span class='ocrx_word' id='word_1_51' title='bbox 1455 1260 1697 1333; x_wconf 79' lang='lat' dir='ltr'><strong>Obicio</strong></span> <span class='ocrx_word' id='word_1_52' title='bbox 1736 1260 2059 1349; x_wconf 69' lang='lat' dir='ltr'><strong>favebant</strong></span> <span class='ocrx_word' id='word_1_53' title='bbox 2102 1262 2275 1333; x_wconf 78' lang='lat' dir='ltr'><strong>baec</strong></span> 
     </span>
     <span class='ocr_line' id='line_1_9' title="bbox 26 1372 2269 1468; baseline 0.004 -28"><span class='ocrx_word' id='word_1_54' title='bbox 26 1385 272 1441; x_wconf 77' lang='lat' dir='ltr'><strong>erant</strong></span> <span class='ocrx_word' id='word_1_55' title='bbox 315 1372 636 1464; x_wconf 83' lang='lat' dir='ltr'><strong>castella)</strong></span> <span class='ocrx_word' id='word_1_56' title='bbox 680 1396 864 1464; x_wconf 79' lang='lat' dir='ltr'><strong>agros</strong></span> <span class='ocrx_word' id='word_1_57' title='bbox 906 1375 1335 1466; x_wconf 78' lang='lat' dir='ltr'><strong>populantur.</strong></span> <span class='ocrx_word' id='word_1_58' title='bbox 1365 1378 1461 1445; x_wconf 82' lang='lat' dir='ltr'><strong>At</strong></span> <span class='ocrx_word' id='word_1_59' title='bbox 1489 1377 1898 1468; x_wconf 80' lang='lat' dir='ltr'><strong>Gonzaghii,</strong></span> <span class='ocrx_word' id='word_1_60' title='bbox 1926 1379 2046 1446; x_wconf 87' lang='lat' dir='ltr'><strong>ubi</strong></span> <span class='ocrx_word' id='word_1_61' title='bbox 2082 1382 2269 1448; x_wconf 91' lang='lat' dir='ltr'><strong>omni</strong></span> 
     </span>
     <span class='ocr_line' id='line_1_10' title="bbox 29 1490 2275 1584; baseline 0.002 -25"><span class='ocrx_word' id='word_1_62' title='bbox 29 1490 487 1559; x_wconf 78' lang='lat' dir='ltr'><strong>obtinendae</strong></span> <span class='ocrx_word' id='word_1_63' title='bbox 527 1493 709 1560; x_wconf 86' lang='lat' dir='ltr'><strong>urbis</strong></span> <span class='ocrx_word' id='word_1_64' title='bbox 749 1504 1012 1562; x_wconf 85' lang='lat' dir='ltr'><strong>nostrae</strong></span> <span class='ocrx_word' id='word_1_65' title='bbox 1067 1516 1182 1584; x_wconf 86' lang='lat' dir='ltr'><strong>spe</strong></span> <span class='ocrx_word' id='word_1_66' title='bbox 1239 1494 1578 1576; x_wconf 81' lang='lat' dir='ltr'><strong>excidere,</strong></span> <span class='ocrx_word' id='word_1_67' title='bbox 1621 1518 1854 1584; x_wconf 88' lang='lat' dir='ltr'><strong>pacem</strong></span> <span class='ocrx_word' id='word_1_68' title='bbox 1910 1519 2071 1563; x_wconf 90' lang='lat' dir='ltr'><strong>cum</strong></span> <span class='ocrx_word' id='word_1_69' title='bbox 2115 1496 2275 1566; x_wconf 81' lang='lat' dir='ltr'><strong>Fol-</strong></span> 
     </span>
     <span class='ocr_line' id='line_1_11' title="bbox 29 1603 2264 1702; baseline 0.004 -31"><span class='ocrx_word' id='word_1_70' title='bbox 29 1603 294 1673; x_wconf 72' lang='lat' dir='ltr'><strong>leani·</strong></span> <span class='ocrx_word' id='word_1_71' title='bbox 335 1607 504 1673; x_wconf 87' lang='lat' dir='ltr'><strong>inire</strong></span> <span class='ocrx_word' id='word_1_72' title='bbox 547 1605 888 1674; x_wconf 89' lang='lat' dir='ltr'><strong>simulant.</strong></span> <span class='ocrx_word' id='word_1_73' title='bbox 931 1605 1040 1674; x_wconf 81' lang='lat' dir='ltr'><strong>Ex</strong></span> <span class='ocrx_word' id='word_1_74' title='bbox 1083 1621 1277 1696; x_wconf 89' lang='lat' dir='ltr'><strong>pacto</strong></span> <span class='ocrx_word' id='word_1_75' title='bbox 1318 1611 1555 1702; x_wconf 78' lang='lat' dir='ltr'><strong>Actius</strong></span> <span class='ocrx_word' id='word_1_76' title='bbox 1596 1607 2016 1691; x_wconf 63' lang='lat' dir='ltr'><strong>Memfi-edus,</strong></span> <span class='ocrx_word' id='word_1_77' title='bbox 2058 1634 2264 1701; x_wconf 88' lang='lat' dir='ltr'><strong>quem</strong></span> 
     </span>
     <span class='ocr_line' id='line_1_12' title="bbox 41 1720 2271 1807; baseline 0.004 -22"><span class='ocrx_word' id='word_1_78' title='bbox 41 1730 259 1789; x_wconf 77' lang='lat' dir='ltr'><strong>tetro</strong></span> <span class='ocrx_word' id='word_1_79' title='bbox 325 1742 580 1788; x_wconf 79' lang='lat' dir='ltr'><strong>carcere</strong></span> <span class='ocrx_word' id='word_1_80' title='bbox 642 1720 780 1807; x_wconf 78' lang='lat' dir='ltr'><strong>jam</strong></span> <span class='ocrx_word' id='word_1_81' title='bbox 851 1724 1124 1789; x_wconf 86' lang='lat' dir='ltr'><strong>tertium</strong></span> <span class='ocrx_word' id='word_1_82' title='bbox 1192 1745 1441 1790; x_wconf 89' lang='lat' dir='ltr'><strong>annum</strong></span> <span class='ocrx_word' id='word_1_83' title='bbox 1496 1724 1876 1807; x_wconf 84' lang='lat' dir='ltr'><strong>Quertiolae</strong></span> <span class='ocrx_word' id='word_1_84' title='bbox 1935 1723 2271 1793; x_wconf 87' lang='lat' dir='ltr'><strong>inclusum</strong></span> 
     </span>
     <span class='ocr_line' id='line_1_13' title="bbox 39 1833 2273 1916; baseline 0.002 -11"><span class='ocrx_word' id='word_1_85' title='bbox 39 1856 219 1905; x_wconf 71' lang='lat' dir='ltr'><strong>enee</strong></span> <span class='ocrx_word' id='word_1_86' title='bbox 249 1833 570 1916; x_wconf 79' lang='lat' dir='ltr'><strong>diximus,</strong></span> <span class='ocrx_word' id='word_1_87' title='bbox 597 1858 751 1903; x_wconf 91' lang='lat' dir='ltr'><strong>cum</strong></span> <span class='ocrx_word' id='word_1_88' title='bbox 783 1836 1004 1904; x_wconf 88' lang='lat' dir='ltr'><strong>liberis</strong></span> <span class='ocrx_word' id='word_1_89' title='bbox 1047 1848 1148 1905; x_wconf 89' lang='lat' dir='ltr'><strong>est</strong></span> <span class='ocrx_word' id='word_1_90' title='bbox 1189 1838 1517 1906; x_wconf 88' lang='lat' dir='ltr'><strong>dimissus.</strong></span> <span class='ocrx_word' id='word_1_91' title='bbox 1548 1838 1729 1906; x_wconf 82' lang='lat' dir='ltr'><strong>Inter</strong></span> <span class='ocrx_word' id='word_1_92' title='bbox 1757 1839 1921 1906; x_wconf 88' lang='lat' dir='ltr'><strong>baec</strong></span> <span class='ocrx_word' id='word_1_93' title='bbox 1949 1837 2273 1909; x_wconf 88' lang='lat' dir='ltr'><strong>defuncto</strong></span> 
     </span>
     <span class='ocr_line' id='line_1_14' title="bbox 53 1949 2275 2042; baseline 0.001 -23"><span class='ocrx_word' id='word_1_94' title='bbox 53 1949 348 2026; x_wconf 74' lang='lat' dir='ltr'><strong>Ioanne</strong></span> <span class='ocrx_word' id='word_1_95' title='bbox 389 1949 588 2017; x_wconf 86' lang='lat' dir='ltr'>XXII</span> <span class='ocrx_word' id='word_1_96' title='bbox 631 1950 979 2031; x_wconf 88' lang='lat' dir='ltr'><strong>Pontifice,</strong></span> <span class='ocrx_word' id='word_1_97' title='bbox 1023 1954 1141 2042; x_wconf 93' lang='lat' dir='ltr'><strong>qui</strong></span> <span class='ocrx_word' id='word_1_98' title='bbox 1183 1952 1535 2020; x_wconf 82' lang='lat' dir='ltr'><strong>biacenties</strong></span> <span class='ocrx_word' id='word_1_99' title='bbox 1576 1964 1853 2022; x_wconf 79' lang='lat' dir='ltr'><strong>centena</strong></span> <span class='ocrx_word' id='word_1_100' title='bbox 1894 1953 2108 2021; x_wconf 85' lang='lat' dir='ltr'><strong>millia</strong></span> <span class='ocrx_word' id='word_1_101' title='bbox 2151 1977 2275 2022; x_wconf 85' lang='lat' dir='ltr'><strong>au-</strong></span> 
     </span>
     <span class='ocr_line' id='line_1_15' title="bbox 49 2064 2265 2159; baseline 0.001 -26"><span class='ocrx_word' id='word_1_102' title='bbox 49 2088 351 2135; x_wconf 73' lang='lat' dir='ltr'><strong>reorum</strong></span> <span class='ocrx_word' id='word_1_103' title='bbox 415 2064 813 2134; x_wconf 82' lang='lat' dir='ltr'><strong>florenorum</strong></span> <span class='ocrx_word' id='word_1_104' title='bbox 857 2065 1189 2135; x_wconf 77' lang='lat' dir='ltr'><strong>Ecclesiae</strong></span> <span class='ocrx_word' id='word_1_105' title='bbox 1251 2067 1556 2157; x_wconf 87' lang='lat' dir='ltr'><strong>reliquit,</strong></span> <span class='ocrx_word' id='word_1_106' title='bbox 1604 2068 1930 2136; x_wconf 80' lang='lat' dir='ltr'><strong>Mastinus</strong></span> <span class='ocrx_word' id='word_1_107' title='bbox 1971 2067 2265 2159; x_wconf 76' lang='lat' dir='ltr'><strong>Scaliger</strong></span> 
     </span>
     <span class='ocr_line' id='line_1_16' title="bbox 47 2179 2270 2275; baseline 0.003 -28"><span class='ocrx_word' id='word_1_108' title='bbox 47 2180 379 2250; x_wconf 73' lang='lat' dir='ltr'><strong>Mar-silio</strong></span> <span class='ocrx_word' id='word_1_109' title='bbox 422 2194 493 2248; x_wconf 90' lang='lat' dir='ltr'><strong>et</strong></span> <span class='ocrx_word' id='word_1_110' title='bbox 537 2182 836 2252; x_wconf 85' lang='lat' dir='ltr'><strong>Rolando</strong></span> <span class='ocrx_word' id='word_1_111' title='bbox 879 2179 1192 2251; x_wconf 85' lang='lat' dir='ltr'><strong>fratribus</strong></span> <span class='ocrx_word' id='word_1_112' title='bbox 1220 2183 1470 2252; x_wconf 81' lang='lat' dir='ltr'><strong>Rosciis</strong></span> <span class='ocrx_word' id='word_1_113' title='bbox 1516 2208 1739 2252; x_wconf 89' lang='lat' dir='ltr'><strong>annua</strong></span> <span class='ocrx_word' id='word_1_114' title='bbox 1784 2186 2270 2275; x_wconf 74' lang='lat' dir='ltr'><strong>quinquaginta</strong></span> 
     </span>
     <span class='ocr_line' id='line_1_17' title="bbox 60 2298 2270 2391; baseline 0.002 -26"><span class='ocrx_word' id='word_1_115' title='bbox 60 2298 298 2366; x_wconf 74' lang='lat' dir='ltr'><strong>millia</strong></span> <span class='ocrx_word' id='word_1_116' title='bbox 378 2321 728 2369; x_wconf 87' lang='lat' dir='ltr'><strong>aureorum</strong></span> <span class='ocrx_word' id='word_1_117' title='bbox 794 2299 1188 2387; x_wconf 80' lang='lat' dir='ltr'><strong>florenorum</strong></span> <span class='ocrx_word' id='word_1_118' title='bbox 1255 2313 1327 2368; x_wconf 90' lang='lat' dir='ltr'><strong>et</strong></span> <span class='ocrx_word' id='word_1_119' title='bbox 1390 2299 1589 2390; x_wconf 87' lang='lat' dir='ltr'><strong>plura</strong></span> <span class='ocrx_word' id='word_1_120' title='bbox 1653 2313 1868 2368; x_wconf 84' lang='lat' dir='ltr'><strong>castra</strong></span> <span class='ocrx_word' id='word_1_121' title='bbox 1930 2301 2270 2391; x_wconf 86' lang='lat' dir='ltr'><strong>pollicitus</strong></span> 
     </span>
     <span class='ocr_line' id='line_1_18' title="bbox 55 2412 2270 2501; baseline 0.002 -23"><span class='ocrx_word' id='word_1_122' title='bbox 55 2435 138 2478; x_wconf 84' lang='lat' dir='ltr'><strong>xr</strong></span> <span class='ocrx_word' id='word_1_123' title='bbox 187 2412 511 2482; x_wconf 83' lang='lat' dir='ltr'><strong>calendas</strong></span> <span class='ocrx_word' id='word_1_124' title='bbox 538 2413 686 2501; x_wconf 88' lang='lat' dir='ltr'><strong>julii</strong></span> <span class='ocrx_word' id='word_1_125' title='bbox 720 2414 1026 2481; x_wconf 79' lang='lat' dir='ltr'><strong>Parmam</strong></span> <span class='ocrx_word' id='word_1_126' title='bbox 1067 2416 1387 2483; x_wconf 83' lang='lat' dir='ltr'><strong>obtinuit.</strong></span> <span class='ocrx_word' id='word_1_127' title='bbox 1431 2413 1536 2482; x_wconf 86' lang='lat' dir='ltr'><strong>Ea</strong></span> <span class='ocrx_word' id='word_1_128' title='bbox 1580 2417 2019 2484; x_wconf 84' lang='lat' dir='ltr'><strong>conventione</strong></span> <span class='ocrx_word' id='word_1_129' title='bbox 2063 2418 2270 2483; x_wconf 75' lang='lat' dir='ltr'><strong>etiam</strong></span> 
     </span>
     <span class='ocr_line' id='line_1_19' title="bbox 59 2527 2272 2620; baseline 0 -26"><span class='ocrx_word' id='word_1_130' title='bbox 59 2527 262 2595; x_wconf 71' lang='lat' dir='ltr'><strong>Luc·</strong></span> <span class='ocrx_word' id='word_1_131' title='bbox 314 2551 362 2595; x_wconf 74' lang='lat' dir='ltr'><strong>a</strong></span> <span class='ocrx_word' id='word_1_132' title='bbox 403 2529 597 2597; x_wconf 85' lang='lat' dir='ltr'><strong>Petro</strong></span> <span class='ocrx_word' id='word_1_133' title='bbox 660 2528 900 2597; x_wconf 86' lang='lat' dir='ltr'><strong>Roscio</strong></span> <span class='ocrx_word' id='word_1_134' title='bbox 963 2527 1164 2597; x_wconf 84' lang='lat' dir='ltr'><strong>fratre</strong></span> <span class='ocrx_word' id='word_1_135' title='bbox 1232 2529 1364 2597; x_wconf 87' lang='lat' dir='ltr'><strong>sibi</strong></span> <span class='ocrx_word' id='word_1_136' title='bbox 1429 2533 1784 2620; x_wconf 87' lang='lat' dir='ltr'><strong>promissa,</strong></span> <span class='ocrx_word' id='word_1_137' title='bbox 1825 2530 1898 2596; x_wconf 86' lang='lat' dir='ltr'><strong>in</strong></span> <span class='ocrx_word' id='word_1_138' title='bbox 1958 2548 2272 2618; x_wconf 79' lang='lat' dir='ltr'><strong>magnam</strong></span> 
     </span>
     <span class='ocr_line' id='line_1_20' title="bbox 59 2642 2272 2733; baseline 0 -24"><span class='ocrx_word' id='word_1_139' title='bbox 59 2642 457 2733; x_wconf 83' lang='lat' dir='ltr'><strong>occupandi</strong></span> <span class='ocrx_word' id='word_1_140' title='bbox 504 2665 771 2732; x_wconf 91' lang='lat' dir='ltr'><strong>quoque</strong></span> <span class='ocrx_word' id='word_1_141' title='bbox 837 2642 1027 2732; x_wconf 85' lang='lat' dir='ltr'><strong>Regii</strong></span> <span class='ocrx_word' id='word_1_142' title='bbox 1091 2666 1282 2733; x_wconf 86' lang='lat' dir='ltr'><strong>spem</strong></span> <span class='ocrx_word' id='word_1_143' title='bbox 1350 2646 1559 2711; x_wconf 82' lang='lat' dir='ltr'><strong>venit.</strong></span> <span class='ocrx_word' id='word_1_144' title='bbox 1631 2642 2002 2711; x_wconf 75' lang='lat' dir='ltr'><strong>Violandae</strong></span> <span class='ocrx_word' id='word_1_145' title='bbox 2067 2644 2272 2733; x_wconf 83' lang='lat' dir='ltr'><strong>igitur</strong></span> 
     </span>
     <span class='ocr_line' id='line_1_21' title="bbox 63 2757 2274 2849; baseline 0 -25"><span class='ocrx_word' id='word_1_146' title='bbox 63 2761 257 2846; x_wconf 81' lang='lat' dir='ltr'><strong>pacis</strong></span> <span class='ocrx_word' id='word_1_147' title='bbox 302 2757 613 2848; x_wconf 81' lang='lat' dir='ltr'><strong>religione</strong></span> <span class='ocrx_word' id='word_1_148' title='bbox 658 2758 920 2845; x_wconf 84' lang='lat' dir='ltr'><strong>abjecta</strong></span> <span class='ocrx_word' id='word_1_149' title='bbox 963 2763 1249 2849; x_wconf 86' lang='lat' dir='ltr'><strong>septimo</strong></span> <span class='ocrx_word' id='word_1_150' title='bbox 1294 2758 1599 2826; x_wconf 88' lang='lat' dir='ltr'><strong>calendas</strong></span> <span class='ocrx_word' id='word_1_151' title='bbox 1641 2757 2029 2848; x_wconf 71' lang='lat' dir='ltr'><strong>septembris</strong></span> <span class='ocrx_word' id='word_1_152' title='bbox 2057 2780 2274 2847; x_wconf 86' lang='lat' dir='ltr'><strong>usque</strong></span> 
     </span>
     <span class='ocr_line' id='line_1_22' title="bbox 67 2870 2271 2963; baseline 0 -24"><span class='ocrx_word' id='word_1_153' title='bbox 67 2873 159 2939; x_wconf 82' lang='lat' dir='ltr'><strong>ad</strong></span> <span class='ocrx_word' id='word_1_154' title='bbox 206 2875 515 2957; x_wconf 84' lang='lat' dir='ltr'><strong>Quatuor</strong></span> <span class='ocrx_word' id='word_1_155' title='bbox 558 2873 851 2942; x_wconf 87' lang='lat' dir='ltr'><strong>Castella</strong></span> <span class='ocrx_word' id='word_1_156' title='bbox 895 2875 1316 2963; x_wconf 81' lang='lat' dir='ltr'><strong>Regiensium</strong></span> <span class='ocrx_word' id='word_1_157' title='bbox 1364 2897 1597 2963; x_wconf 87' lang='lat' dir='ltr'><strong>agrum</strong></span> <span class='ocrx_word' id='word_1_158' title='bbox 1643 2873 2104 2963; x_wconf 86' lang='lat' dir='ltr'><strong>depraedatus,</strong></span> <span class='ocrx_word' id='word_1_159' title='bbox 2134 2870 2271 2940; x_wconf 83' lang='lat' dir='ltr'><strong>Ga-</strong></span> 
     </span>
     <span class='ocr_line' id='line_1_23' title="bbox 65 2987 2267 3081; baseline 0 -27"><span class='ocrx_word' id='word_1_160' title='bbox 65 2987 456 3071; x_wconf 83' lang='lat' dir='ltr'><strong>binianum,</strong></span> <span class='ocrx_word' id='word_1_161' title='bbox 499 2990 569 3056; x_wconf 91' lang='lat' dir='ltr'><strong>id</strong></span> <span class='ocrx_word' id='word_1_162' title='bbox 614 2988 840 3058; x_wconf 87' lang='lat' dir='ltr'><strong>Sancti</strong></span> <span class='ocrx_word' id='word_1_163' title='bbox 884 2990 1081 3057; x_wconf 91' lang='lat' dir='ltr'><strong>Pauli</strong></span> <span class='ocrx_word' id='word_1_164' title='bbox 1127 3013 1307 3057; x_wconf 89' lang='lat' dir='ltr'><strong>nunc</strong></span> <span class='ocrx_word' id='word_1_165' title='bbox 1351 2990 1675 3081; x_wconf 85' lang='lat' dir='ltr'><strong>oppidum</strong></span> <span class='ocrx_word' id='word_1_166' title='bbox 1708 3001 1835 3069; x_wconf 83' lang='lat' dir='ltr'><strong>est,</strong></span> <span class='ocrx_word' id='word_1_167' title='bbox 1865 3000 1938 3055; x_wconf 87' lang='lat' dir='ltr'><strong>ct</strong></span> <span class='ocrx_word' id='word_1_168' title='bbox 1964 2987 2267 3056; x_wconf 79' lang='lat' dir='ltr'><strong>Mentem</strong></span> 
     </span>
     <span class='ocr_line' id='line_1_24' title="bbox 71 3102 2270 3195; baseline 0 -23"><span class='ocrx_word' id='word_1_169' title='bbox 71 3104 330 3181; x_wconf 83' lang='lat' dir='ltr'><strong>Ianum</strong></span> <span class='ocrx_word' id='word_1_170' title='bbox 399 3107 608 3195; x_wconf 84' lang='lat' dir='ltr'><strong>cepit:</strong></span> <span class='ocrx_word' id='word_1_171' title='bbox 654 3102 807 3173; x_wconf 88' lang='lat' dir='ltr'><strong>inde</strong></span> <span class='ocrx_word' id='word_1_172' title='bbox 873 3106 1109 3173; x_wconf 87' lang='lat' dir='ltr'><strong>urbem</strong></span> <span class='ocrx_word' id='word_1_173' title='bbox 1178 3107 1556 3175; x_wconf 86' lang='lat' dir='ltr'><strong>obsessurus</strong></span> <span class='ocrx_word' id='word_1_174' title='bbox 1621 3105 1706 3174; x_wconf 87' lang='lat' dir='ltr'><strong>ad</strong></span> <span class='ocrx_word' id='word_1_175' title='bbox 1760 3103 1994 3172; x_wconf 85' lang='lat' dir='ltr'><strong>Sancti</strong></span> <span class='ocrx_word' id='word_1_176' title='bbox 2040 3102 2270 3173; x_wconf 82' lang='lat' dir='ltr'><strong>Cosmi</strong></span> 
     </span>
     <span class='ocr_line' id='line_1_25' title="bbox 71 3217 2268 3310; baseline -0 -23"><span class='ocrx_word' id='word_1_177' title='bbox 71 3232 344 3308; x_wconf 78' lang='lat' dir='ltr'><strong>portam</strong></span> <span class='ocrx_word' id='word_1_178' title='bbox 411 3231 625 3286; x_wconf 88' lang='lat' dir='ltr'><strong>castra</strong></span> <span class='ocrx_word' id='word_1_179' title='bbox 691 3223 937 3309; x_wconf 87' lang='lat' dir='ltr'><strong>posuit.</strong></span> <span class='ocrx_word' id='word_1_180' title='bbox 991 3217 1296 3289; x_wconf 78' lang='lat' dir='ltr'><strong>Folleani</strong></span> <span class='ocrx_word' id='word_1_181' title='bbox 1333 3223 1493 3310; x_wconf 82' lang='lat' dir='ltr'><strong>qui,</strong></span> <span class='ocrx_word' id='word_1_182' title='bbox 1537 3219 1871 3288; x_wconf 85' lang='lat' dir='ltr'><strong>Cremona</strong></span> <span class='ocrx_word' id='word_1_183' title='bbox 1912 3231 1983 3286; x_wconf 88' lang='lat' dir='ltr'><strong>et</strong></span> <span class='ocrx_word' id='word_1_184' title='bbox 2024 3218 2268 3286; x_wconf 86' lang='lat' dir='ltr'><strong>Parma</strong></span> 
     </span>
     <span class='ocr_line' id='line_1_26' title="bbox 74 3331 2267 3424; baseline -0 -23"><span class='ocrx_word' id='word_1_185' title='bbox 74 3336 348 3414; x_wconf 82' lang='lat' dir='ltr'><strong>amissa,</strong></span> <span class='ocrx_word' id='word_1_186' title='bbox 376 3356 445 3401; x_wconf 90' lang='lat' dir='ltr'><strong>se</strong></span> <span class='ocrx_word' id='word_1_187' title='bbox 475 3332 823 3402; x_wconf 86' lang='lat' dir='ltr'><strong>destitutos</strong></span> <span class='ocrx_word' id='word_1_188' title='bbox 863 3337 1060 3402; x_wconf 68' lang='lat' dir='ltr'><strong>sociis</strong></span> <span class='ocrx_word' id='word_1_189' title='bbox 1100 3334 1388 3416; x_wconf 81' lang='lat' dir='ltr'><strong>civibus,</strong></span> <span class='ocrx_word' id='word_1_190' title='bbox 1416 3347 1623 3424; x_wconf 70' lang='lat' dir='ltr'><strong>atque</strong></span> <span class='ocrx_word' id='word_1_191' title='bbox 1651 3332 1816 3402; x_wconf 88' lang='lat' dir='ltr'><strong>adeo</strong></span> <span class='ocrx_word' id='word_1_192' title='bbox 1857 3356 1927 3400; x_wconf 84' lang='lat' dir='ltr'><strong>se</strong></span> <span class='ocrx_word' id='word_1_193' title='bbox 1969 3331 2267 3401; x_wconf 85' lang='lat' dir='ltr'><strong>bostium</strong></span> 
     </span>
     <span class='ocr_line' id='line_1_27' title="bbox 71 3446 2268 3529; baseline 0.001 -14"><span class='ocrx_word' id='word_1_194' title='bbox 71 3450 382 3517; x_wconf 80' lang='lat' dir='ltr'><strong>exercitu</strong></span> <span class='ocrx_word' id='word_1_195' title='bbox 425 3449 668 3517; x_wconf 86' lang='lat' dir='ltr'><strong>cinctos</strong></span> <span class='ocrx_word' id='word_1_196' title='bbox 710 3447 1064 3528; x_wconf 81' lang='lat' dir='ltr'><strong>videbant,</strong></span> <span class='ocrx_word' id='word_1_197' title='bbox 1107 3446 1360 3519; x_wconf 66' lang='lat' dir='ltr'><strong>viribus</strong></span> <span class='ocrx_word' id='word_1_198' title='bbox 1400 3452 1535 3517; x_wconf 80' lang='lat' dir='ltr'><strong>suis</strong></span> <span class='ocrx_word' id='word_1_199' title='bbox 1576 3446 1802 3529; x_wconf 87' lang='lat' dir='ltr'><strong>diffisi,</strong></span> <span class='ocrx_word' id='word_1_200' title='bbox 1845 3446 1929 3514; x_wconf 89' lang='lat' dir='ltr'><strong>de</strong></span> <span class='ocrx_word' id='word_1_201' title='bbox 1974 3446 2268 3517; x_wconf 81' lang='lat' dir='ltr'><strong>cedenda</strong></span> 
     </span>
     <span class='ocr_line' id='line_1_28' title="bbox 71 3561 2267 3654; baseline -0.001 -22"><span class='ocrx_word' id='word_1_202' title='bbox 71 3561 428 3654; x_wconf 76' lang='lat' dir='ltr'><strong>Sedigeris</strong></span> <span class='ocrx_word' id='word_1_203' title='bbox 454 3563 616 3631; x_wconf 87' lang='lat' dir='ltr'><strong>urbe</strong></span> <span class='ocrx_word' id='word_1_204' title='bbox 643 3562 1000 3633; x_wconf 81' lang='lat' dir='ltr'><strong>consilium</strong></span> <span class='ocrx_word' id='word_1_205' title='bbox 1043 3576 1379 3654; x_wconf 82' lang='lat' dir='ltr'><strong>ceperunt.</strong></span> <span class='ocrx_word' id='word_1_206' title='bbox 1426 3563 1840 3649; x_wconf 70' lang='lat' dir='ltr'><strong>Quibusdam</strong></span> <span class='ocrx_word' id='word_1_207' title='bbox 1878 3564 2110 3652; x_wconf 83' lang='lat' dir='ltr'><strong>itaque</strong></span> <span class='ocrx_word' id='word_1_208' title='bbox 2136 3561 2267 3633; x_wconf 83' lang='lat' dir='ltr'><strong>sibi</strong></span> 
     </span>
     <span class='ocr_line' id='line_1_29' title="bbox 75 3674 2269 3769; baseline -0.003 -22"><span class='ocrx_word' id='word_1_209' title='bbox 75 3680 354 3747; x_wconf 81' lang='lat' dir='ltr'><strong>servatis</strong></span> <span class='ocrx_word' id='word_1_210' title='bbox 403 3678 946 3769; x_wconf 80' lang='lat' dir='ltr'><strong>juribus&#39;quarto</strong></span> <span class='ocrx_word' id='word_1_211' title='bbox 990 3701 1195 3747; x_wconf 87' lang='lat' dir='ltr'><strong>nonas</strong></span> <span class='ocrx_word' id='word_1_212' title='bbox 1246 3677 1400 3764; x_wconf 86' lang='lat' dir='ltr'><strong>julii</strong></span> <span class='ocrx_word' id='word_1_213' title='bbox 1467 3681 1789 3769; x_wconf 82' lang='lat' dir='ltr'><strong>patriam,</strong></span> <span class='ocrx_word' id='word_1_214' title='bbox 1831 3677 2029 3763; x_wconf 84' lang='lat' dir='ltr'><strong>cujus</strong></span> <span class='ocrx_word' id='word_1_215' title='bbox 2068 3674 2269 3742; x_wconf 83' lang='lat' dir='ltr'><strong>liber·</strong></span> 
     </span>
     <span class='ocr_line' id='line_1_30' title="bbox 77 3791 2266 3884; baseline -0 -22"><span class='ocrx_word' id='word_1_216' title='bbox 77 3806 294 3863; x_wconf 80' lang='lat' dir='ltr'><strong>tatem</strong></span> <span class='ocrx_word' id='word_1_217' title='bbox 334 3818 599 3865; x_wconf 81' lang='lat' dir='ltr'><strong>summa</strong></span> <span class='ocrx_word' id='word_1_218' title='bbox 653 3795 1018 3865; x_wconf 84' lang='lat' dir='ltr'><strong>ambitione</strong></span> <span class='ocrx_word' id='word_1_219' title='bbox 1085 3806 1286 3863; x_wconf 81' lang='lat' dir='ltr'><strong>antea</strong></span> <span class='ocrx_word' id='word_1_220' title='bbox 1349 3806 1872 3884; x_wconf 82' lang='lat' dir='ltr'><strong>occupaverant,</strong></span> <span class='ocrx_word' id='word_1_221' title='bbox 1917 3791 2266 3882; x_wconf 76' lang='lat' dir='ltr'><strong>Scaligeris</strong></span> 
     </span>
     <span class='ocr_line' id='line_1_31' title="bbox 81 3907 2266 3990; baseline -0.001 -11"><span class='ocrx_word' id='word_1_222' title='bbox 81 3909 517 3979; x_wconf 76' lang='lat' dir='ltr'><strong>tradiderunt.</strong></span> <span class='ocrx_word' id='word_1_223' title='bbox 561 3908 666 3980; x_wconf 84' lang='lat' dir='ltr'><strong>Eo</strong></span> <span class='ocrx_word' id='word_1_224' title='bbox 693 3911 802 3978; x_wconf 89' lang='lat' dir='ltr'><strong>die</strong></span> <span class='ocrx_word' id='word_1_225' title='bbox 835 3912 964 3980; x_wconf 88' lang='lat' dir='ltr'><strong>sub</strong></span> <span class='ocrx_word' id='word_1_226' title='bbox 1000 3911 1338 3979; x_wconf 84' lang='lat' dir='ltr'><strong>meridiem</strong></span> <span class='ocrx_word' id='word_1_227' title='bbox 1367 3908 1599 3978; x_wconf 80' lang='lat' dir='ltr'><strong>crebra</strong></span> <span class='ocrx_word' id='word_1_228' title='bbox 1623 3910 1929 3977; x_wconf 83' lang='lat' dir='ltr'><strong>cadentia</strong></span> <span class='ocrx_word' id='word_1_229' title='bbox 1952 3907 2266 3990; x_wconf 85' lang='lat' dir='ltr'><strong>flumina,</strong></span> 
     </span>
     <span class='ocr_line' id='line_1_32' title="bbox 82 4010 2265 4119; baseline -0 -27"><span class='ocrx_word' id='word_1_230' title='bbox 82 4023 545 4118; x_wconf 60' lang='lat' dir='ltr'><strong>horrendaque,</strong></span> <span class='ocrx_word' id='word_1_231' title='bbox 589 4030 880 4095; x_wconf 88' lang='lat' dir='ltr'><strong>tonitrua</strong></span> <span class='ocrx_word' id='word_1_232' title='bbox 897 4077 919 4108; x_wconf 94' lang='lat'><strong>,</strong></span> <span class='ocrx_word' id='word_1_233' title='bbox 962 4038 1032 4095; x_wconf 90' lang='lat' dir='ltr'><strong>et</strong></span> <span class='ocrx_word' id='word_1_234' title='bbox 1075 4010 1477 4095; x_wconf 81' lang='lat' dir='ltr'><strong>creberrima</strong></span> <span class='ocrx_word' id='word_1_235' title='bbox 1542 4025 1825 4115; x_wconf 78' lang='lat' dir='ltr'><strong>grando,</strong></span> <span class='ocrx_word' id='word_1_236' title='bbox 1867 4048 2047 4119; x_wconf 86' lang='lat' dir='ltr'><strong>quae</strong></span> <span class='ocrx_word' id='word_1_237' title='bbox 2115 4025 2265 4092; x_wconf 83' lang='lat' dir='ltr'><strong>uni·</strong></span> 
     </span>
    </p>
   </div>
   <div class='ocr_carea' id='block_1_3' title="bbox 85 4136 2267 4306">
    <p class='ocr_par' dir='ltr' id='par_1_3' title="bbox 85 4136 2267 4306">
     <span class='ocr_line' id='line_1_33' title="bbox 85 4136 2267 4235; baseline -0.001 -27"><span class='ocrx_word' id='word_1_238' title='bbox 85 4162 342 4212; x_wconf 76' lang='lat' dir='ltr'><strong>versum</strong></span> <span class='ocrx_word' id='word_1_239' title='bbox 372 4141 795 4235; x_wconf 73' lang='lat' dir='ltr'><strong>Regiensium</strong></span> <span class='ocrx_word' id='word_1_240' title='bbox 838 4144 1242 4214; x_wconf 84' lang='lat' dir='ltr'><strong>territorium</strong></span> <span class='ocrx_word' id='word_1_241' title='bbox 1285 4143 1525 4235; x_wconf 80' lang='lat' dir='ltr'><strong>insigni</strong></span> <span class='ocrx_word' id='word_1_242' title='bbox 1567 4140 1969 4211; x_wconf 82' lang='lat' dir='ltr'><strong>detrimento</strong></span> <span class='ocrx_word' id='word_1_243' title='bbox 2011 4136 2267 4223; x_wconf 78' lang='lat' dir='ltr'><strong>affecit,</strong></span> 
     </span>
     <span class='ocr_line' id='line_1_34' title="bbox 1980 4251 2045 4306; baseline -0.031 0"><span class='ocrx_word' id='word_1_244' title='bbox 1980 4251 2045 4306; x_wconf 71' lang='lat'><strong>18</strong></span> 
     </span>
    </p>
   </div>
  </div>
 </body>
</html>
