2950 5017
939 429 1138 475 mna
1180 428 1476 485 omarus
2166 411 2298 504 269

57 572 261 617 uere
316 548 626 617 decrevit
643 598 662 616 .
711 547 992 618 Mimo
1034 552 1231 620 tertio
1284 552 1491 641 igitur
1550 549 1859 621 calendas
1922 553 2301 623 novembris

57 685 232 731 cnm
301 664 390 735 V
377 667 716 733 annuccio
767 687 817 730 a
862 664 1075 732 Dallo
1087 713 1114 749 ,
1166 666 1394 734 Tilino
1437 689 1485 731 a
1526 665 1888 752 Mandria,
1931 666 2304 738 Gomieibus

54 779 427 865 Gemelli,
459 790 531 845 et
558 777 896 846 nonnullis
922 778 1414 847 Mutinensibus
1460 780 1767 849 adversus
1810 784 2099 872 patriam
2141 805 2305 851 con-
2386 842 2390 847 .

57 892 401 981 juravit,
447 917 528 961 ac
572 916 815 984 magna
872 892 1195 961 clientum
1236 906 1305 962 et
1347 898 1675 965 sociorum
1743 919 1952 964 manu
2017 898 2305 986 stipatus

61 1009 355 1078 urbem
396 1013 472 1078 in
515 1033 707 1078 suam
749 1021 1151 1100 potestatem
1188 1010 1573 1079 redacturus
1613 1009 2006 1101 ingreditur.
2049 1012 2130 1079 In
2173 1014 2306 1103 pri-

68 1128 224 1195 mis
305 1138 398 1193 ut
462 1127 870 1215 potentium,
921 1148 1090 1214 quos
1140 1126 1269 1193 sibi
1334 1126 1736 1194 adversarios
1802 1125 2116 1215 putabat,
2161 1130 2304 1197 vim

67 1243 489 1321 minueret,
522 1263 789 1309 summo
818 1263 1018 1308 mane
1049 1239 1134 1306 ad
1163 1237 1657 1308 Manfredorum
1705 1237 1896 1305 aedes
1940 1239 2307 1321 contendit,

79 1379 172 1424 ao
225 1358 545 1448 quodam
598 1354 949 1439 familiari,
997 1358 1119 1447 qui
1170 1356 1425 1423 aditum
1485 1353 1915 1445 prohibebat,
1958 1353 2309 1424 crudeliter

75 1474 487 1555 trucidato,
517 1483 748 1542 contra
792 1474 902 1560 jus
941 1476 1278 1543 societatis
1306 1474 1586 1540 Actium
1630 1494 1788 1568 cum
1832 1470 2087 1552 liberis,
2115 1471 2308 1540 Prae-

83 1593 415 1680 positum
458 1590 619 1659 Divi
663 1590 960 1680 Prosperi
1004 1614 1045 1657 a
1088 1588 1380 1658 Castello
1419 1587 1900 1670 Guiduccium,
1947 1586 2310 1656 Nicolaum

90 1718 172 1773 ct
214 1704 647 1777 Bonifatium
716 1729 943 1775 omnes
1009 1709 1079 1773 in
1144 1703 1319 1775 lecto
1387 1704 1822 1793 deprehensos
1888 1707 1961 1772 in
2032 1704 2305 1773 vincula

95 1821 418 1907 conjicit.
464 1821 645 1888 Tum
675 1820 848 1903 aliis,
877 1822 995 1912 qui
1028 1831 1254 1910 aperte
1284 1819 1622 1909 tyrannidi
1666 1819 2046 1900 obstabant,
2074 1823 2302 1902 caesis,

101 1958 190 2003 ac
234 1938 517 2005 caeteris
561 1948 800 2007 terrore
842 1939 1128 2016 incusso,
1171 1958 1328 2003 cum
1377 1937 1648 2003 armatis
1684 1934 2018 2025 peditibus
2049 1939 2312 2026 equita-

99 2062 336 2143 tuque
390 2052 858 2143 perambulans
902 2053 1141 2120 urbem
1173 2102 1193 2133 ,
1236 2074 1574 2142 quemque
1617 2055 1686 2120 in
1735 2051 2004 2119 aedibus
2045 2075 2115 2120 se
2158 2075 2317 2122 con-

105 2169 328 2237 tinere
396 2168 621 2253 jubet.
689 2167 1010 2237 Postridie
1078 2168 1119 2245 J
1121 2166 1439 2237 acobinus
1506 2167 1808 2256 Paganus
1874 2167 2314 2236 decurionum

103 2286 424 2375 princeps
467 2281 699 2373 populi
743 2285 1018 2352 comitia
1059 2282 1332 2363 babuit3
1377 2287 1449 2351 in
1495 2283 1741 2373 quibus
1786 2282 1969 2373 plebi
2017 2283 2311 2375 eligendi

105 2403 436 2492 principis
478 2402 932 2469 necessitatem
978 2401 1290 2491 exponit3
1336 2399 1822 2491 rempublicam
1850 2404 2048 2468 variis
2078 2399 2316 2471 factio-

111 2517 322 2585 nibus
369 2518 610 2598 teneri,
662 2515 822 2583 hinc
887 2515 1040 2583 urbi
1107 2515 1444 2584 excidium
1490 2516 1716 2585 exules
1786 2521 2057 2598 minari,
2124 2518 2315 2586 illinc

113 2652 274 2701 cum
321 2631 648 2703 Atestinis
689 2631 1032 2721 Gouzagas
1087 2654 1320 2723 urgere
1335 2682 1357 2713 ‚
1398 2634 1602 2701 satius
1646 2655 1779 2699 esse
1821 2644 1983 2700 noto
2024 2634 2202 2712 civi,
2245 2642 2317 2699 et

118 2747 192 2814 id
237 2751 644 2840 praesertim.
684 2748 1004 2838 probante
1049 2748 1340 2830 Boemo,
1382 2770 1590 2839 quam
1656 2760 1969 2817 extraneo
2011 2748 2121 2816 vel
2163 2749 2316 2817 bar-

119 2862 292 2935 baro
358 2887 428 2933 se
491 2869 924 2933 committere.
968 2864 1290 2934 Nondum
1337 2864 1423 2932 ad
1466 2866 1781 2932 orationis
1823 2863 2022 2932 finem
2089 2887 2319 2954 perve-

127 2992 347 3062 nerat,
386 3003 544 3055 cum
589 3004 676 3047 ex
717 2983 1076 3071 composito
1120 2980 1588 3049 Folleanorum
1634 2979 1902 3048 clientes
1946 2979 2310 3049 Nicolaum

129 3097 496 3186 principem
569 3095 864 3165 clamant
883 3144 901 3164 .
970 3096 1142 3165 Foro
1207 3096 1505 3188 undique
1572 3098 1769 3164 armis
1835 3099 2319 3187 circumsepto,

126 3211 403 3281 inermis
447 3210 734 3303 populus
778 3211 1151 3279 libertatem
1191 3213 1373 3302 prius
1398 3211 1526 3278 sibi
1555 3223 1848 3303 ereptam
1883 3212 2074 3293 vidit,
2106 3235 2318 3302 quam

128 3326 266 3416 ipse
313 3327 711 3396 dimitteret:
757 3351 964 3419 quare
1030 3352 1114 3396 ne
1185 3330 1406 3396 minus
1452 3330 1719 3417 tyranni
1764 3327 2097 3397 studiosus
2139 3327 2321 3395 vide·

126 3454 339 3525 retur,
368 3443 551 3534 quod
593 3444 890 3513 adimere
925 3468 1058 3514 non
1102 3455 1392 3535 poterat,
1433 3447 1691 3536 urgenti
1733 3448 2114 3515 necessitate
2159 3466 2322 3514 con-

131 3561 358 3627 canit.
404 3557 580 3649 Lege
623 3559 1013 3650 municipali
1076 3572 1356 3628 cautum
1424 3572 1568 3627 erat
1633 3570 1740 3643 ut,
1804 3562 2005 3651 nigris
2067 3558 2321 3627 albisve

131 3668 309 3745 fabi·
350 3672 530 3743 clam
594 3676 666 3743 in
734 3675 1051 3775 pyxidem
1098 3678 1337 3758 missis,
1380 3675 1465 3743 de
1511 3697 1943 3766 quacumque
1986 3697 2056 3742 re
2099 3676 2322 3741 curiae

136 3786 451 3857 voluntas
497 3788 987 3879 exploraretur-3
1035 3790 1147 3859 sed
1205 3815 1362 3861 cum
1430 3791 1707 3862 occultis
1775 3788 2099 3880 suffragiis
2165 3810 2324 3859 eon·

138 3908 412 3973 tretium
455 3907 705 3974 civium
749 3907 1044 3974 studium
1091 3905 1228 3976 fore
1273 3910 1642 3992 timeretur,
1688 3908 2004 3998 abrogato
2049 3919 2317 3977 vetusto

139 4022 426 4089 civitatis
476 4021 657 4110 jure,
700 4022 1042 4092 decretum
1084 4037 1182 4093 est
1223 4035 1307 4091 ut
1347 4025 1534 4117 quod
1594 4023 2097 4117 proponendum
2153 4039 2320 4105 erat,

141 4138 246 4208 vel
285 4139 524 4215 stando
568 4141 1084 4234 improbaretur,
1113 4141 1223 4214 vel
1264 4142 1560 4213 sedendo
1604 4141 2124 4214 confirmaretur.
2167 4140 2327 4211 Plus
