2950 5017
732 398 819 466 68
1463 410 1695 455 aarum
1737 408 2147 455 ateramum

730 533 1171 625 principatum
1228 539 1641 609 renovantes,
1693 526 2142 595 celeberrimos
2191 523 2381 594 ludos
2433 524 2719 594 ederent
2734 573 2754 594 .
2821 523 2900 592 E

732 646 900 715 festa
943 644 1359 725 decennalia,
1404 641 1764 709 vicennalia
1823 654 1891 707 et
1943 639 2367 719 tricennalia,
2411 664 2585 730 quae
2629 643 2714 707 in
2766 664 2901 729 pro

731 764 955 838 ximos-
975 760 1202 827 decem
1236 780 1463 838 annos,
1490 758 1722 845 viginti
1766 767 1834 822 et
1877 757 2142 844 triginta
2182 778 2298 844 pro
2328 754 2541 826 salute
2590 757 2903 845 principi

735 877 1096 956 vovebant,
1124 873 1294 939 dicta
1324 870 1531 938 fuere.
1577 870 1816 960 Itaque
1858 874 2057 936 etiam
2101 873 2170 936 in
2216 872 2490 937 vetustis
2531 873 2903 938 numisma

736 991 915 1057 tibus
959 991 1275 1078 scriptum
1319 986 1557 1076 legitur
1608 985 1763 1055 Vct.
1807 983 1918 1068 X,
1972 984 2041 1054 V
2035 997 2126 1052 ot.
2173 983 2358 1054 XX.-
2402 982 2530 1052 hoc
2576 996 2685 1052 est
2734 988 2905 1052 voti

735 1102 1205 1173 decennalibus
1251 1115 1321 1166 et
1363 1099 1845 1168 vicennalibus.

866 1217 1122 1284 Interea
1183 1213 1436 1281 Helena
1482 1213 1898 1282 Constantini
1965 1224 2207 1293 mater,
2271 1211 2581 1303 singulari
2649 1215 2907 1303 pietat(

736 1332 1001 1411 mulier,
1022 1329 1451 1420 inquirendae
1471 1300 1856 1397 Dominicis
1876 1326 2110 1396 Crucis
2140 1331 2350 1418 gratia
2376 1328 2907 1417 Hierosolymam

736 1450 928 1538 petit.
973 1442 1276 1513 Nominis
1306 1443 1644 1510 christiani
1671 1442 1920 1524 hostes,
1946 1454 2026 1509 ut
2055 1465 2316 1511 omnem
2360 1441 2729 1511 Servatoris
2775 1466 2907 1509 me·

737 1564 1015 1630 moriam
1063 1558 1430 1639 abolerent,
1472 1556 1757 1628 Crucem
1799 1561 1868 1625 in
1936 1568 2139 1647 puteo
2182 1557 2320 1625 alte
2362 1557 2635 1628 suffosso
2679 1558 2909 1626 condi·

739 1677 968 1747 derant
986 1728 1006 1759 ,
1049 1699 1376 1766 superque
1434 1686 1736 1764 congesta
1780 1685 1949 1741 terra
1991 1672 2264 1742 Veneris
2307 1673 2635 1764 templum
2678 1697 2909 1741 erexe-

738 1802 910 1858 rant.
940 1789 1124 1856 Fano
1153 1791 1434 1874 dejecto,
1462 1799 1534 1856 et
1563 1788 1904 1856 ruderibus
1932 1803 2211 1879 purgato
2241 1787 2411 1871 loco,
2440 1812 2596 1856 cum
2625 1788 2911 1857 Domini

738 1915 1254 1988 monumentum
1315 1906 1760 1993 apparuisset,
1829 1914 1961 1970 tres
2025 1901 2296 1973 confuso
2342 1904 2565 1973 ordine
2606 1914 2912 1992 repertae

742 2031 900 2087 sunt
940 2041 1189 2098 cruces,
1232 2042 1518 2108 quarum
1562 2042 1695 2085 una
1725 2017 2007 2098 Christi,
2036 2017 2206 2085 duae
2233 2018 2569 2087 latronum
2614 2015 2912 2098 fuerant,

740 2133 854 2202 sed
897 2156 1078 2212 eam,
1122 2155 1293 2222 quae
1336 2132 1703 2201 Dominum
1748 2135 2191 2213 sustinuisset,
2238 2131 2485 2222 triplex
2526 2130 2795 2212 titulus,
2841 2145 2913 2197 et

745 2263 1051 2319 mortuae
1096 2248 1356 2316 mulieri
1401 2252 1541 2317 vita
1583 2248 1833 2316 reddita
1892 2262 1960 2315 et
2013 2251 2204 2316 alteri
2266 2262 2595 2339 aegrotae,
2640 2252 2755 2315 cui
2800 2249 2915 2315 ad-

745 2377 932 2435 mota
975 2377 1098 2446 est,
1140 2368 1381 2433 sanitas
1425 2368 1758 2446 restituta,
1802 2364 2023 2454 palam
2078 2363 2262 2433 fecit.
2306 2364 2471 2452 Ejus
2512 2364 2910 2456 particulam

745 2493 971 2572 postea
1015 2480 1294 2571 Regium
1342 2480 1662 2563 delatam,
1720 2493 1789 2548 et
1841 2483 1910 2548 in
1964 2480 2214 2566 majore
2264 2481 2514 2570 templo
2574 2481 2910 2550 conditam

746 2593 945 2663 fuisse
985 2593 1230 2662 ferunt.
1275 2594 1627 2663 Caeterum
1674 2607 1936 2661 tantum
1978 2594 2313 2662 Ecclesiae
2359 2595 2908 2685 tranquillitatem

750 2723 820 2777 et
860 2709 1272 2780 concordiam
1301 2710 1498 2776 Arius
1527 2709 1965 2777 Alexandriae
1996 2710 2293 2776 sacerdos
2322 2710 2763 2799 perturbavit,
2792 2713 2908 2799 qui

746 2851 986 2898 vesano
1033 2839 1102 2894 et
1144 2826 1475 2917 pestilenti
1520 2826 1825 2916 dogmate
1869 2829 2113 2894 summi
2141 2826 2268 2893 Dei
2314 2826 2593 2906 Filium,
2640 2825 2828 2893 velut
2868 2850 2906 2892 a

750 2944 946 3012 Patre
991 2945 1354 3023 diversum,
1401 2947 1606 3011 etiam
1662 2956 2001 3010 aeternum
2059 2964 2196 3009 esse
2265 2942 2577 3031 negabat.
2645 2940 2778 3007 Sed
2840 2945 2904 3009 in

751 3060 1046 3129 Nicaena
1071 3059 1321 3149 synodo
1353 3059 1627 3148 aliisque
1657 3058 2010 3128 damnatus
2028 3110 2047 3138 ,
2078 3081 2233 3125 cum
2249 3108 2270 3139 ,
2300 3055 2562 3128 favente
2591 3056 2905 3128 Constan-

752 3178 876 3255 tio,
919 3196 1138 3241 rursus
1182 3172 1266 3238 ad
1309 3195 1560 3238 sacram
1607 3172 1835 3238 aedem
1878 3176 2269 3238 sententiam
2315 3196 2502 3238 suam
2532 3169 2905 3239 defensurus

757 3288 1131 3367 accederet,
1177 3289 1420 3353 ventris
1471 3286 1873 3353 exonerandi
1929 3291 2134 3375 gratia
2177 3289 2505 3367 secedens,
2548 3309 2702 3355 cum
2743 3295 2904 3356 inte-

753 3405 943 3472 stinis
984 3400 1361 3470 sceleratam
1410 3404 1698 3468 animam
1732 3405 1972 3468 emisit.
2006 3401 2089 3468 Ei
2121 3405 2468 3471 succedens
2496 3403 2908 3473 Macedonius

754 3521 1029 3610 impiam
1073 3528 1320 3584 sectam
1372 3529 1561 3585 tanta
1619 3521 1974 3607 pertinacia
2017 3523 2365 3601 sustinuit,
2415 3532 2495 3586 ut
2548 3521 2904 3587 execrabile

756 3636 996 3724 dogma
1060 3636 1263 3701 etiam
1330 3657 1371 3700 a
1435 3635 1844 3724 principibus
1904 3649 2242 3725 receptum
2290 3636 2573 3725 amplius
2613 3634 2904 3705 ducentis

758 3752 944 3818 annis
987 3749 1390 3816 Christianos
1449 3747 1768 3817 infecerit.
1818 3751 2002 3818 Inter
2060 3752 2226 3818 haec
2269 3752 2762 3832 Constantinus,
2807 3777 2905 3819 ve-

734 3867 980 3963 niente
1009 3863 1474 3932 Vicennalium
1505 3865 1913 3946 celebritate,
1943 3866 2408 3936 Constantium
2452 3865 2655 3933 alium
2699 3865 2905 3936 filium

757 3979 1104 4057 Caesarem
1147 3990 1440 4047 creatum
1488 3980 1740 4049 Orienti
1785 3981 2131 4072 praefecit.
2179 3982 2432 4049 Interea
2477 4006 2647 4050 anno
2689 3982 2906 4050 salutis

759 4118 1032 4178 cccxw,
1091 4106 1158 4163 et
1215 4117 1428 4165 cccxx
1485 4097 1672 4197 Regii
1724 4098 1871 4184 jura
1935 4098 2264 4180 condidit,
2307 4121 2429 4166 neo
2494 4097 2704 4168 multo
2766 4111 2903 4188 post
