2950 5017
703 440 785 519 14
1427 455 1662 500 Renum
1716 455 2138 500 necteusmm

692 573 942 645 Thusci
971 596 1215 644 nomen
1246 585 1618 656 merum,
1637 597 1726 642 ex
1746 575 1970 643 Araxa
1997 586 2380 665 susceptum
2405 575 2622 643 filium
2656 599 2890 667 regem

691 689 1045 759 Hetrurise
1106 693 1490 759 constituit.
1554 689 1822 760 Thusco
1874 691 2199 781 Hesperus
2258 690 2434 758 filius
2485 693 2849 760 succedens
2871 744 2896 772 ,

689 803 956 873 ltaliam
999 828 1042 874 a
1080 826 1152 873 se
1193 805 1572 896 Hesperiam
1616 808 2016 885 nominavit,
2043 808 2166 896 qui
2193 828 2346 873 cum
2395 809 2581 874 annis
2628 829 2705 872 1x
2758 809 2896 873 im-

691 931 1024 1012 perasset,
1067 943 1108 988 a
1157 918 1360 987 fratre
1429 919 1660 1009 Cytim
1688 970 1710 1002 ,
1774 944 1978 1011 quem
2044 944 2164 987 sua
2226 919 2455 1009 lingua
2518 921 2896 1012 Ianigenae

691 1035 1037 1104 Atlantem
1068 1035 1319 1103 Italum
1363 1037 1723 1122 vocabant,
1753 1061 1841 1105 ex
1869 1036 2129 1118 Sicilia,
2177 1037 2280 1105 vel
2328 1051 2407 1105 ut
2451 1037 2562 1103 alii
2611 1037 2894 1105 malunt

692 1150 1050 1220 Celtiberia
1077 1153 1147 1219 in
1179 1152 1560 1221 Hetruriam
1597 1156 1899 1222 veniente
1918 1154 2019 1234 (Ι),
2050 1153 2371 1244 expulsus
2416 1176 2616 1243 regno
2660 1156 2888 1219 cessit.

690 1266 907 1335 Italus
943 1251 1234 1336 fraterne
1276 1268 1528 1338 ditione
1577 1274 1880 1361 potitus,
1924 1281 2008 1338 ut
2048 1293 2204 1338 cum
2258 1293 2436 1338 novo
2484 1272 2888 1360 principatu

690 1387 916 1454 omnis
956 1397 1428 1467 commutaret,
1460 1389 1752 1477 antiquis
1775 1386 2296 1482 ¹cognominibus
2340 1389 2681 1466 extinctis,
2732 1389 2886 1453 uni-

693 1523 949 1569 versam
992 1501 1326 1590 regionem
1371 1524 1414 1567 a
1457 1523 1564 1583 se,
1592 1502 1772 1592 quod
1802 1524 2046 1570 nomen
2074 1499 2275 1570 hodie
2300 1525 2570 1592 quoque
2598 1504 2888 1581 retinet,

688 1615 955 1685 Italiam
985 1619 1423 1706 nuncupavit,
1475 1640 1685 1707 quam
1718 1617 1833 1685 alii
1864 1620 2251 1688 remotiores
2295 1618 2525 1710 populi
2570 1618 2660 1686 ab
2704 1622 2888 1686 enti-

687 1757 826 1825 quo
868 1733 1013 1821 ejus
1052 1736 1321 1803 nomine
1361 1733 1595 1824 cytim
1641 1746 1883 1801 terrem
1951 1735 2299 1802 dixerunt.
2358 1735 2531 1803 Italo
2596 1748 2889 1803 naturae

691 1852 926 1921 ordine
953 1851 1211 1942 Morges
1238 1850 1453 1933 filius,
1484 1863 1715 1941 postea
1744 1852 1958 1929 Jssius
1986 1849 2470 1932 successerunt,
2499 1855 2618 1942 qui
2647 1873 2887 1920 omnes

689 1969 1050 2057 priscorum
1095 1970 1574 2035 Hetruscorum
1617 1967 1843 2056 lingue
1888 1968 2131 2052 Cor-iti,
2182 1966 2312 2034 hoc
2354 1980 2454 2034 est
2494 1991 2679 2056 reges
2720 1982 2888 2035 sunt

691 2082 1031 2173 appellati.
1078 2080 1210 2149 Sed
1254 2095 1334 2149 ut
1376 2082 1761 2150 dominandi
1803 2081 2014 2148 libido
2043 2105 2259 2147 raram
2293 2106 2562 2172 quoque
2592 2082 2885 2150 fratrum

690 2202 972 2289 gratiam
1016 2198 1222 2265 efficit
1254 2251 1274 2281 ,
1314 2202 1627 2267 intestina
1683 2197 1804 2265 lite
1865 2221 1984 2288 pro
2051 2221 2251 2287 regno
2301 2200 2468 2265 inter
2509 2199 2762 2276 Jasium
2814 2213 2888 2267 et

688 2317 1079 2384 Dardanum
1122 2331 1385 2399 exorta,
1427 2339 1584 2384 cum
1628 2316 1747 2383 diu
1799 2326 2192 2384 concoctum
2248 2316 2478 2384 odium
2522 2317 2881 2384 Dardanus

691 2431 979 2522 emplius
1006 2430 1175 2500 ferre
1204 2458 1337 2501 non
1381 2445 1595 2523 posset
1615 2484 1632 2513 ,
1663 2431 1702 2508 J
1705 2433 1915 2499 esium
1944 2431 2099 2500 dolo
2135 2435 2571 2522 interceptum
2606 2433 2884 2501 occidit.

691 2546 859 2633 Ejus
889 2545 1067 2615 filius
1096 2547 1531 2626 Coribantus,
1561 2562 1642 2615 ut
1673 2549 1874 2637 patris
1905 2547 2172 2614 caedem
2206 2546 2598 2628 vindicaret,
2631 2547 2884 2635 populo

689 2662 782 2731 ob
827 2663 1250 2752 parricidium
1297 2664 1379 2729 ad
1427 2686 1612 2728 arma
1656 2675 1930 2742 vocato,
1975 2662 2195 2729 adhuc
2237 2665 2558 2752 sanguine
2613 2663 2884 2729 maden-

693 2791 831 2845 tem
877 2791 1192 2869 patruum
1227 2783 1294 2846 in
1327 2778 1769 2860 Sarmatiam,
1796 2802 1977 2845 nunc
2009 2778 2357 2848 Poloniam
2387 2779 2665 2860 dictam,
2698 2782 2882 2848 omni

691 2896 1001 2984 regnandi
1045 2920 1161 2985 spe
1205 2895 1469 2974 relicta,
1516 2894 1743 2984 fugere
1788 2894 2152 2983 compulit.
2215 2896 2322 2962 Ibi
2374 2918 2529 2960 cum
2599 2895 2717 2960 diu
2785 2894 2884 2960 la-

692 3015 966 3093 tuisset,
1008 3012 1277 3078 demum
1323 3014 1397 3080 in,
1437 3012 1668 3077 Asiam
1731 3009 2048 3079 transiens
2095 3012 2184 3077 ab
2228 3011 2370 3100 Aty
2413 3009 2881 3099 agri‘Maeonii

693 3139 887 3220 parte
914 3128 1223 3207 donatus,
1261 3149 1536 3215 regnum
1590 3127 1955 3212 Trojanum
1991 3127 2309 3195 condidit.
2357 3126 2489 3192 Sed
2534 3149 2687 3193 cum
2737 3151 2884 3215 par-

694 3264 804 3323 va,
844 3255 918 3309 et
963 3253 1123 3308 tunc
1174 3240 1414 3308 sterilis
1459 3245 1801 3330 provincia
1850 3243 2328 3309 exuberantem
2376 3240 2878 3308 multitudinem

696 3356 866 3425 alere
910 3381 1040 3425 non
1088 3369 1303 3447 posset
1346 3361 1420 3421 (ὃ)
1444 3408 1461 3437 ,
1508 3357 1809 3447 alterque
1877 3381 1962 3424 ex
2030 3356 2291 3424 duobus
2336 3356 2575 3446 Atydis
2619 3356 2881 3438 liberis,

694 3486 814 3540 aut
844 3473 1069 3562 Lydus
1101 3486 1221 3539 aut
1251 3473 1629 3562 Tyrrhenus
1661 3473 1745 3540 ad
1777 3496 1976 3541 novas
2007 3472 2189 3540 sedes
2216 3473 2620 3563 quaerendas
2666 3474 2881 3561 egredi

693 3600 1063 3679 cogeretur,
1091 3588 1434 3677 Tyrrheno
1463 3602 1638 3657 sorte
1657 3574 1956 3656 ‘exeundi
2001 3591 2349 3655 necessitas
2392 3588 2668 3677 obtigit3
2713 3587 2880 3654 Dar-

693 3703 931 3785 danus,
962 3703 1072 3771 vel
1116 3716 1196 3771 ut
1240 3717 1586 3795 acceptum
1631 3703 2023 3771 benefitium
2070 3704 2474 3794 rependeret,
2504 3702 2610 3770 vel
2640 3714 2718 3768 ut
2749 3699 2880 3768 fra-

694 3823 812 3888 tris
839 3818 1054 3889 filium
1087 3820 1313 3911 aliquo
1343 3821 1542 3890 modo
1572 3819 2003 3887 ulcisceretur
2018 3870 2037 3901 ,
2067 3818 2304 3886 Italiae
2339 3818 2598 3907 juribus
2627 3815 2870 3908 hospiti

771 4078 1041 4146 (1)'Beros
1073 4079 1163 4132 lib.
1198 4080 1229 4131 5
1263 4087 1315 4133 et
1346 4078 1537 4161 Fabius
1569 4078 1745 4131 Pictor
1778 4078 1870 4131 lib.
1913 4081 1970 4130 ι.“

771 4173 855 4241 (s)
885 4174 1043 4228 Erod.
1074 4174 1165 4227 lib.
1206 4191 1248 4225 ι.
