2950 5017
639 392 772 477 ‘268
1369 422 1608 470 nunu
1646 422 2063 471 innormatum

637 549 908 637 triginta
950 540 1204 613 nobiles
1221 590 1243 622 ,
1288 560 1456 631 quo·
1499 564 1677 612 nova
1719 534 2067 611 molituros
2109 542 2637 633 suspicabatur,
2663 543 2836 612 urbe

637 660 880 748 ejecit3
935 682 1098 726 mox
1164 656 1251 723 ad
1316 656 1764 747 recipiendum
1828 659 2141 725 amissum
2206 658 2559 726 castellum
2618 683 2832 750 quam

638 776 934 865 primum
977 774 1200 860 copias
1242 770 1500 838 educit:
1547 769 1660 839 sed
1725 794 1882 839 curn
1946 772 2134 842 loeus
2202 795 2320 862 per
2383 797 2454 840 se
2520 777 2833 842 munitus

638 890 846 956 etiam
923 886 1143 957 valido
1216 887 1539 976 praesidio
1605 898 1938 955 teneretur
1955 937 1976 969 ,
2042 899 2112 955 et
2177 887 2396 956 hostes
2461 893 2828 972 instarent,

636 1003 809 1072 nihil
876 1004 1193 1072 memoria
1235 1003 1514 1093 dignum
1584 1025 1771 1093 agere
1837 1006 2081 1094 potuit.
2143 1002 2605 1073 manfredinus
2678 1030 2826 1076 vero

636 1119 1017 1188 Gomanum
1059 1118 1188 1187 sibi
1232 1118 1322 1186 ab
1363 1117 1737 1209 Engeramo
1784 1132 2022 1209 agnato
2093 1131 2396 1210 ereptum
2452 1123 2607 1211 ipso
2678 1132 2824 1189 exe‘-

634 1246 799 1303 unte
849 1236 1120 1323 recepit.
1186 1235 1281 1301 At
1347 1234 1628 1304 Carolus
1690 1236 1963 1313 Joannis
2028 1235 2259 1304 Boemi
2322 1234 2513 1304 filius·
2572 1240 2828 1328 ingenti

634 1361 866 1420 coacto
897 1351 1174 1419 Parmae
1216 1352 1507 1419 exercitu
1516 1399 1538 1432 ,
1579 1365 1662 1419 ut
1702 1354 1876 1421 cives
1918 1350 2009 1418 ah
2051 1353 2426 1419 imminenti
2472 1353 2825 1422 obsidione

630 1467 974 1550 liberaret,
1017 1467 1302 1557 Regium
1350 1471 1536 1535 venit
1556 1518 1576 1548 ,
1643 1468 1761 1535 ubi
1829 1467 2112 1537 Nicolao
2156 1467 2495 1549 Folleano,
2540 1470 2828 1560 aliisque

493 1654 496 1659 ,
632 1583 972 1654 nobilibus
1037 1584 1433 1669 conjunctus
1501 1583 1722 1653 hostes
1767 1583 1850 1650 ad
1894 1581 2225 1651 Sanctum
2282 1584 2613 1669 Felicem,
2658 1586 2826 1653 dum

635 1710 850 1769 castra
893 1712 1191 1790 ponunt,
1235 1696 1568 1789 aggressus
1613 1711 1732 1766 est.
1779 1698 2074 1767 Cruento
2132 1700 2476 1768 commisso
2532 1699 2827 1788 praelio,

631 1828 891 1906 praeter
931 1819 1417 1907 septingentos,
1478 1818 1601 1905 qui
1672 1817 1813 1883 vivi
1879 1818 2058 1905 capti
2125 1825 2315 1896 sunt,
2379 1827 2674 1884 caeteros
2745 1816 2829 1887 ad

631 1952 845 1997 unum
885 1955 1113 1999 omnes
1158 1930 1557 1998 trucidavit:
1605 1954 1648 1997 a
1689 1930 2090 2020 meridieque
2122 1952 2332 2020 usque
2362 1930 2446 1998 ad
2479 1954 2826 2022 vesperam

632 2057 1040 2137 pugnatum,
1084 2059 1153 2112 et
1197 2049 1645 2136 septingentos
1690 2049 1949 2136 equites
2010 2046 2168 2115 hinc
2226 2045 2376 2113 inde
2418 2045 2825 2116 desideratos

629 2159 831 2229 fuisse
860 2159 1168 2251 Sagatius
1196 2161 1429 2229 Mutus
1460 2174 1896 2250 cognomento
1929 2160 2300 2228 Gazzadius
2344 2164 2447 2229 sui
2498 2164 2825 2253 temporis

629 2292 958 2367 gestorum
1021 2276 1297 2366 diligens
1357 2281 1634 2367 scriptor
1699 2288 2105 2345 attestatum·
2140 2278 2285 2346 Hac
2349 2277 2558 2345 nobili
2632 2291 2823 2369 parta

627 2397 908 2463 victoria
950 2394 1235 2462 Boemus
1278 2393 1584 2463 Pontifici
1638 2394 1988 2484 Regienses
2048 2395 2467 2463 conciliavit:
2515 2395 2634 2462 sed
2689 2420 2822 2464 non

627 2510 748 2577 diu
792 2511 920 2578 hac
961 2514 1233 2580 victoria
1275 2510 1600 2592 laetatus3
1647 2511 1811 2579 dum
1856 2512 2224 2579 Ferrariam
2268 2534 2658 2602 oppugnare
2719 2510 2819 2580 ni-

629 2629 797 2693 titur
861 2627 951 2693 ab
1017 2626 1318 2695 hostibus
1384 2625 1769 2716 profligatus
1839 2649 2063 2693 mense
2127 2625 2340 2712 junio,
2384 2627 2822 2716 Regiensium

625 2742 1242 2834 Mutinensiumque
1286 2741 1568 2822 auxilio,
1611 2743 2012 2811 Cremonam
2068 2765 2136 2808 se
2195 2744 2460 2830 recepit.
2506 2742 2820 2832 Denique

625 2859 748 2927 ubi
812 2859 1145 2950 plurium,
1206 2863 1325 2950 qui
1392 2871 1624 2930 contra
1687 2882 1756 2925 se
1822 2861 2394 2948 conspiraverant,
2443 2863 2819 2947 potentiam

624 2977 926 3066 quotidie
973 2980 1230 3068 augeri,
1278 2992 1639 3067 tenuesque
1668 2974 2006 3045 Pontificis
2039 2977 2238 3055 vires,
2270 2987 2338 3042 et
2368 2998 2593 3043 serum
2630 2975 2815 3044 Galli
2928 3018 2929 3025 κ

625 3091 956 3160 auxilium
1000 3117 1139 3161 esse
1183 3096 1415 3174 cernit,
1446 3092 1800 3184 deploratis
1843 3091 2065 3172 rebus,
2105 3095 2181 3158 in
2226 3091 2602 3173 Boemiam,
2649 3093 2815 3159 'dum

626 3210 879 3299 integer
920 3209 1169 3278 reditus
1211 3220 1377 3287 erat,
1419 3208 1669 3296 regredi
1713 3210 2083 3276 constituit.
2129 3207 2359 3275 Nobili
2405 3211 2616 3297 igitur
2647 3207 2816 3275 Ger·

625 3344 852 3404 mano,
896 3325 1014 3412 qui
1060 3346 1181 3390 suo
1226 3324 1499 3391 nomine
1540 3322 1650 3407 jus
1693 3321 1943 3389 diceret
1956 3372 1977 3405 ,
2021 3345 2174 3390 cum
2222 3321 2444 3390 valido
2486 3321 2811 3412 praesidio

625 3438 936 3520 Parmae,
982 3439 1224 3528 Regio,
1265 3438 1605 3518 Mutinae,
1649 3450 1719 3506 et
1761 3440 1988 3506 Lucae
2051 3437 2416 3530 praefecto,
2487 3461 2570 3506 ac
2632 3450 2812 3507 cetto

625 3554 886 3636 salario,
919 3555 1100 3644 quod
1145 3554 1237 3621 ab
1282 3555 1384 3623 his
1432 3554 1714 3622 urbibus
1759 3554 2226 3645 praestandum
2261 3567 2436 3634 erat,
2477 3553 2580 3620 illi
2627 3578 2812 3644 prae-

626 3674 864 3738 stituto
880 3721 901 3752 ,
958 3669 1176 3738 filium
1243 3672 1672 3761 praemissum
1719 3670 1978 3742 decimo
2021 3674 2261 3763 quinto
2324 3668 2635 3739 calendas
2702 3690 2812 3740 no-

627 3787 919 3856 vembris
966 3798 1143 3854 trans
1188 3787 1368 3878 alpes
1410 3799 1512 3855 est
1552 3799 1840 3856 secutus·-

758 3904 1161 3971 Discedente
1190 3904 1463 3985 Boemo,
1494 3902 1832 3974 Rolandus
1862 3905 2140 3974 Roscius
2183 3904 2356 3972 hanc
2398 3903 2812 3972 occasionem

624 4020 1070 4111 occupandae·
1113 4023 1364 4111 patriae
1430 4030 1666 4091 nactus
1731 4020 2010 4091 Parmae
2073 4022 2428 4112 imperium
2495 4020 2807 4110 arripuit.

622 4137 793 4225 Ejus
833 4137 1142 4230 exemplo
1182 4136 1505 4211 Nicolaus
1544 4137 1898 4211 Folleauus
1943 4150 2015 4207 et
2057 4141 2198 4230 ipse
2242 4137 2528 4230 Regium
2587 4133 2807 4228 oppri-
