<?xml version="1.0" encoding="UTF-8"?>
<!DOCTYPE html PUBLIC "-//W3C//DTD XHTML 1.0 Transitional//EN"
    "http://www.w3.org/TR/xhtml1/DTD/xhtml1-transitional.dtd">
<html xmlns="http://www.w3.org/1999/xhtml" xml:lang="en" lang="en">
 <head>
  <title>
</title>
<meta http-equiv="Content-Type" content="text/html;charset=utf-8" />
  <meta name='ocr-system' content='tesseract 3.04.00' />
  <meta name='ocr-capabilities' content='ocr_page ocr_carea ocr_par ocr_line ocrx_word'/>
</head>
<body>
  <div class='ocr_page' id='page_1' title='image "./rerumhistoricar00unkngoog_0429.png"; bbox 0 0 2950 5017; ppageno 0'>
   <div class='ocr_carea' id='block_1_1' title="bbox 981 403 2325 509">
    <p class='ocr_par' dir='ltr' id='par_1_1' title="bbox 981 403 2325 509">
     <span class='ocr_line' id='line_1_1' title="bbox 981 403 2325 509; baseline 0.011 -37"><span class='ocrx_word' id='word_1_1' title='bbox 981 403 1184 474; x_wconf 64' lang='lat' dir='ltr'><strong>Lmen</strong></span> <span class='ocrx_word' id='word_1_2' title='bbox 1230 429 1476 478; x_wconf 66' lang='grc' dir='ltr'><strong>σεχτυς</strong></span> <span class='ocrx_word' id='word_1_3' title='bbox 1558 446 1563 452; x_wconf 90' lang='grc'>·</span> <span class='ocrx_word' id='word_1_4' title='bbox 2189 420 2325 509; x_wconf 76' lang='grc'><strong>407</strong></span> 
     </span>
    </p>
   </div>
   <div class='ocr_carea' id='block_1_2' title="bbox 51 545 2340 3206">
    <p class='ocr_par' dir='ltr' id='par_1_2' title="bbox 51 545 2334 1926">
     <span class='ocr_line' id='line_1_2' title="bbox 51 545 2320 648; baseline 0.006 -35"><span class='ocrx_word' id='word_1_5' title='bbox 51 548 380 632; x_wconf 78' lang='lat' dir='ltr'><strong>Quibus</strong></span> <span class='ocrx_word' id='word_1_6' title='bbox 422 545 540 615; x_wconf 86' lang='lat' dir='ltr'><strong>ille</strong></span> <span class='ocrx_word' id='word_1_7' title='bbox 582 547 806 629; x_wconf 82' lang='lat' dir='ltr'><strong>brevi,</strong></span> <span class='ocrx_word' id='word_1_8' title='bbox 856 546 973 615; x_wconf 82' lang='lat' dir='ltr'><strong>sed</strong></span> <span class='ocrx_word' id='word_1_9' title='bbox 1026 553 1412 639; x_wconf 84' lang='lat' dir='ltr'><strong>gravissima</strong></span> <span class='ocrx_word' id='word_1_10' title='bbox 1462 553 1764 623; x_wconf 86' lang='lat' dir='ltr'><strong>oratione</strong></span> <span class='ocrx_word' id='word_1_11' title='bbox 1823 575 1982 623; x_wconf 89' lang='lat' dir='ltr'><strong>cum</strong></span> <span class='ocrx_word' id='word_1_12' title='bbox 2045 577 2320 648; x_wconf 81' lang='lat' dir='ltr'><strong>respon-</strong></span> 
     </span>
     <span class='ocr_line' id='line_1_3' title="bbox 59 660 2327 760; baseline 0.004 -28"><span class='ocrx_word' id='word_1_13' title='bbox 59 664 313 732; x_wconf 72' lang='lat' dir='ltr'><strong>disset</strong></span> <span class='ocrx_word' id='word_1_14' title='bbox 360 666 430 731; x_wconf 87' lang='lat' dir='ltr'><strong>in</strong></span> <span class='ocrx_word' id='word_1_15' title='bbox 474 660 701 732; x_wconf 87' lang='lat' dir='ltr'><strong>forum</strong></span> <span class='ocrx_word' id='word_1_16' title='bbox 747 666 1069 753; x_wconf 83' lang='lat' dir='ltr'><strong>pervenit.</strong></span> <span class='ocrx_word' id='word_1_17' title='bbox 1118 666 1246 736; x_wconf 83' lang='lat' dir='ltr'><strong>Pro</strong></span> <span class='ocrx_word' id='word_1_18' title='bbox 1276 668 1581 736; x_wconf 84' lang='lat' dir='ltr'><strong>umbella</strong></span> <span class='ocrx_word' id='word_1_19' title='bbox 1610 670 1946 760; x_wconf 84' lang='lat' dir='ltr'><strong>eripienda</strong></span> <span class='ocrx_word' id='word_1_20' title='bbox 1974 673 2121 740; x_wconf 84' lang='lat' dir='ltr'><strong>rixa</strong></span> <span class='ocrx_word' id='word_1_21' title='bbox 2149 675 2327 741; x_wconf 84' lang='lat' dir='ltr'><strong>inter</strong></span> 
     </span>
     <span class='ocr_line' id='line_1_4' title="bbox 67 779 2326 868; baseline 0.005 -22"><span class='ocrx_word' id='word_1_22' title='bbox 67 780 515 859; x_wconf 69' lang='lat' dir='ltr'><strong>sacerdotes,</strong></span> <span class='ocrx_word' id='word_1_23' title='bbox 557 790 629 846; x_wconf 92' lang='lat' dir='ltr'><strong>et</strong></span> <span class='ocrx_word' id='word_1_24' title='bbox 681 779 928 847; x_wconf 86' lang='lat' dir='ltr'><strong>milites</strong></span> <span class='ocrx_word' id='word_1_25' title='bbox 971 793 1154 863; x_wconf 80' lang='lat' dir='ltr'><strong>orta,</strong></span> <span class='ocrx_word' id='word_1_26' title='bbox 1199 784 1403 850; x_wconf 88' lang='lat' dir='ltr'><strong>multi</strong></span> <span class='ocrx_word' id='word_1_27' title='bbox 1458 784 1829 868; x_wconf 81' lang='lat' dir='ltr'><strong>vulnerati,</strong></span> <span class='ocrx_word' id='word_1_28' title='bbox 1885 797 1957 853; x_wconf 86' lang='lat' dir='ltr'><strong>et</strong></span> <span class='ocrx_word' id='word_1_29' title='bbox 2016 787 2326 860; x_wconf 81' lang='lat' dir='ltr'><strong>nonnulli</strong></span> 
     </span>
     <span class='ocr_line' id='line_1_5' title="bbox 67 894 2325 995; baseline 0.005 -30"><span class='ocrx_word' id='word_1_30' title='bbox 67 901 318 965; x_wconf 74' lang='lat' dir='ltr'><strong>etiam</strong></span> <span class='ocrx_word' id='word_1_31' title='bbox 363 894 696 965; x_wconf 81' lang='lat' dir='ltr'><strong>interfecti</strong></span> <span class='ocrx_word' id='word_1_32' title='bbox 739 894 956 966; x_wconf 77' lang='lat' dir='ltr'><strong>fuere.</strong></span> <span class='ocrx_word' id='word_1_33' title='bbox 1000 899 1259 968; x_wconf 86' lang='lat' dir='ltr'><strong>Mulam</strong></span> <span class='ocrx_word' id='word_1_34' title='bbox 1291 905 1605 984; x_wconf 86' lang='lat' dir='ltr'><strong>rusticus,</strong></span> <span class='ocrx_word' id='word_1_35' title='bbox 1635 926 2053 995; x_wconf 85' lang='lat' dir='ltr'><strong>quamquam</strong></span> <span class='ocrx_word' id='word_1_36' title='bbox 2089 904 2325 976; x_wconf 83' lang='lat' dir='ltr'><strong>multis</strong></span> 
     </span>
     <span class='ocr_line' id='line_1_6' title="bbox 69 1014 2329 1114; baseline 0.006 -33"><span class='ocrx_word' id='word_1_37' title='bbox 69 1016 362 1084; x_wconf 81' lang='lat' dir='ltr'><strong>ictibus</strong></span> <span class='ocrx_word' id='word_1_38' title='bbox 394 1020 461 1084; x_wconf 87' lang='lat' dir='ltr'><strong>in</strong></span> <span class='ocrx_word' id='word_1_39' title='bbox 493 1014 671 1085; x_wconf 91' lang='lat' dir='ltr'><strong>collo</strong></span> <span class='ocrx_word' id='word_1_40' title='bbox 702 1027 771 1083; x_wconf 90' lang='lat' dir='ltr'><strong>et</strong></span> <span class='ocrx_word' id='word_1_41' title='bbox 797 1019 1019 1109; x_wconf 83' lang='lat' dir='ltr'><strong>capite</strong></span> <span class='ocrx_word' id='word_1_42' title='bbox 1065 1042 1105 1085; x_wconf 91' lang='lat' dir='ltr'><strong>a</strong></span> <span class='ocrx_word' id='word_1_43' title='bbox 1148 1023 1472 1109; x_wconf 76' lang='lat' dir='ltr'>proximis</span> <span class='ocrx_word' id='word_1_44' title='bbox 1514 1021 1920 1091; x_wconf 86' lang='lat' dir='ltr'><strong>satellitibus</strong></span> <span class='ocrx_word' id='word_1_45' title='bbox 1950 1045 2329 1114; x_wconf 77' lang='lat' dir='ltr'><strong>percussus,</strong></span> 
     </span>
     <span class='ocr_line' id='line_1_7' title="bbox 71 1134 2331 1232; baseline 0.005 -31"><span class='ocrx_word' id='word_1_46' title='bbox 71 1134 463 1202; x_wconf 68' lang='lat' dir='ltr'><strong>ascendens</strong></span> <span class='ocrx_word' id='word_1_47' title='bbox 505 1135 829 1204; x_wconf 86' lang='lat' dir='ltr'><strong>obtinuit.</strong></span> <span class='ocrx_word' id='word_1_48' title='bbox 862 1135 1145 1227; x_wconf 82' lang='lat' dir='ltr'><strong>Magnus</strong></span> <span class='ocrx_word' id='word_1_49' title='bbox 1190 1138 1536 1207; x_wconf 85' lang='lat' dir='ltr'><strong>tumultus</strong></span> <span class='ocrx_word' id='word_1_50' title='bbox 1575 1140 1706 1208; x_wconf 88' lang='lat' dir='ltr'><strong>sub</strong></span> <span class='ocrx_word' id='word_1_51' title='bbox 1736 1141 1804 1208; x_wconf 82' lang='lat' dir='ltr'><strong>id</strong></span> <span class='ocrx_word' id='word_1_52' title='bbox 1838 1151 2104 1232; x_wconf 80' lang='lat' dir='ltr'><strong>tempus</strong></span> <span class='ocrx_word' id='word_1_53' title='bbox 2135 1141 2331 1214; x_wconf 73' lang='lat' dir='ltr'><strong>Mon-</strong></span> 
     </span>
     <span class='ocr_line' id='line_1_8' title="bbox 75 1251 2329 1347; baseline 0.005 -30"><span class='ocrx_word' id='word_1_54' title='bbox 75 1251 306 1318; x_wconf 84' lang='lat' dir='ltr'><strong>ticuli</strong></span> <span class='ocrx_word' id='word_1_55' title='bbox 368 1255 542 1319; x_wconf 89' lang='lat' dir='ltr'><strong>inter</strong></span> <span class='ocrx_word' id='word_1_56' title='bbox 609 1252 1058 1341; x_wconf 86' lang='lat' dir='ltr'><strong>praesidiarios</strong></span> <span class='ocrx_word' id='word_1_57' title='bbox 1127 1255 1410 1335; x_wconf 83' lang='lat' dir='ltr'><strong>milites,</strong></span> <span class='ocrx_word' id='word_1_58' title='bbox 1466 1268 1538 1323; x_wconf 86' lang='lat' dir='ltr'><strong>et</strong></span> <span class='ocrx_word' id='word_1_59' title='bbox 1593 1257 1959 1347; x_wconf 77' lang='lat' dir='ltr'><strong>oppidanos</strong></span> <span class='ocrx_word' id='word_1_60' title='bbox 2020 1270 2329 1341; x_wconf 83' lang='lat' dir='ltr'><strong>exortus,</strong></span> 
     </span>
     <span class='ocr_line' id='line_1_9' title="bbox 79 1367 2332 1460; baseline 0.007 -27"><span class='ocrx_word' id='word_1_61' title='bbox 79 1367 348 1435; x_wconf 84' lang='lat' dir='ltr'><strong>multis</strong></span> <span class='ocrx_word' id='word_1_62' title='bbox 394 1367 781 1435; x_wconf 87' lang='lat' dir='ltr'><strong>vulneribus</strong></span> <span class='ocrx_word' id='word_1_63' title='bbox 825 1393 1096 1437; x_wconf 85' lang='lat' dir='ltr'><strong>causam</strong></span> <span class='ocrx_word' id='word_1_64' title='bbox 1145 1371 1480 1460; x_wconf 80' lang='lat' dir='ltr'><strong>praebuit.</strong></span> <span class='ocrx_word' id='word_1_65' title='bbox 1521 1372 1779 1441; x_wconf 82' lang='lat' dir='ltr'><strong>Verum</strong></span> <span class='ocrx_word' id='word_1_66' title='bbox 1809 1373 2120 1443; x_wconf 80' lang='lat' dir='ltr'><strong>Petratus</strong></span> <span class='ocrx_word' id='word_1_67' title='bbox 2163 1376 2332 1448; x_wconf 79' lang='lat' dir='ltr'><strong>civi-</strong></span> 
     </span>
     <span class='ocr_line' id='line_1_10' title="bbox 85 1485 2322 1582; baseline 0.004 -32"><span class='ocrx_word' id='word_1_68' title='bbox 85 1488 274 1551; x_wconf 78' lang='lat' dir='ltr'><strong>tatis</strong></span> <span class='ocrx_word' id='word_1_69' title='bbox 318 1485 721 1576; x_wconf 84' lang='lat' dir='ltr'><strong>gubernator</strong></span> <span class='ocrx_word' id='word_1_70' title='bbox 765 1510 843 1554; x_wconf 92' lang='lat' dir='ltr'><strong>eo</strong></span> <span class='ocrx_word' id='word_1_71' title='bbox 888 1485 1256 1577; x_wconf 84' lang='lat' dir='ltr'><strong>profectus,</strong></span> <span class='ocrx_word' id='word_1_72' title='bbox 1288 1512 1560 1558; x_wconf 86' lang='lat' dir='ltr'><strong>omnem</strong></span> <span class='ocrx_word' id='word_1_73' title='bbox 1604 1491 1877 1558; x_wconf 83' lang='lat' dir='ltr'><strong>turbam</strong></span> <span class='ocrx_word' id='word_1_74' title='bbox 1920 1493 2322 1582; x_wconf 75' lang='lat' dir='ltr'><strong>composuit.</strong></span> 
     </span>
     <span class='ocr_line' id='line_1_11' title="bbox 85 1585 2334 1699; baseline 0.004 -31"><span class='ocrx_word' id='word_1_75' title='bbox 85 1602 292 1669; x_wconf 86' lang='lat' dir='ltr'><strong>Cum</strong></span> <span class='ocrx_word' id='word_1_76' title='bbox 346 1625 506 1671; x_wconf 77' lang='lat' dir='ltr'><strong>vero</strong></span> <span class='ocrx_word' id='word_1_77' title='bbox 562 1605 634 1680; x_wconf 79' lang='lat' dir='ltr'><strong>ei¹</strong></span> <span class='ocrx_word' id='word_1_78' title='bbox 672 1585 920 1671; x_wconf 71' lang='lat' dir='ltr'><strong>Hecto}</strong></span> <span class='ocrx_word' id='word_1_79' title='bbox 963 1603 1276 1672; x_wconf 88' lang='lat' dir='ltr'><strong>Sacratus</strong></span> <span class='ocrx_word' id='word_1_80' title='bbox 1337 1608 1789 1689; x_wconf 73' lang='lat' dir='ltr'><strong>successisset,</strong></span> <span class='ocrx_word' id='word_1_81' title='bbox 1850 1611 2043 1676; x_wconf 89' lang='lat' dir='ltr'><strong>nonis</strong></span> <span class='ocrx_word' id='word_1_82' title='bbox 2101 1607 2334 1699; x_wconf 78' lang='lat' dir='ltr'><strong>aprilis</strong></span> 
     </span>
     <span class='ocr_line' id='line_1_12' title="bbox 89 1719 2330 1817; baseline 0.004 -32"><span class='ocrx_word' id='word_1_83' title='bbox 89 1730 312 1786; x_wconf 81' lang='lat' dir='ltr'><strong>natus</strong></span> <span class='ocrx_word' id='word_1_84' title='bbox 356 1732 458 1785; x_wconf 84' lang='lat' dir='ltr'><strong>est</strong></span> <span class='ocrx_word' id='word_1_85' title='bbox 501 1719 851 1801; x_wconf 84' lang='lat' dir='ltr'><strong>Hercules,</strong></span> <span class='ocrx_word' id='word_1_86' title='bbox 896 1725 1018 1811; x_wconf 87' lang='lat' dir='ltr'><strong>qui</strong></span> <span class='ocrx_word' id='word_1_87' title='bbox 1072 1736 1301 1811; x_wconf 83' lang='lat' dir='ltr'><strong>postea</strong></span> <span class='ocrx_word' id='word_1_88' title='bbox 1343 1723 1512 1789; x_wconf 82' lang='lat' dir='ltr'><strong>Dux</strong></span> <span class='ocrx_word' id='word_1_89' title='bbox 1556 1721 1720 1790; x_wconf 84' lang='lat' dir='ltr'><strong>fuit:</strong></span> <span class='ocrx_word' id='word_1_90' title='bbox 1780 1747 1989 1815; x_wconf 85' lang='lat' dir='ltr'><strong>quare</strong></span> <span class='ocrx_word' id='word_1_91' title='bbox 2046 1748 2330 1817; x_wconf 83' lang='lat' dir='ltr'><strong>magnae</strong></span> 
     </span>
     <span class='ocr_line' id='line_1_13' title="bbox 87 1834 1674 1926; baseline 0.004 -25"><span class='ocrx_word' id='word_1_92' title='bbox 87 1834 405 1902; x_wconf 78' lang='lat' dir='ltr'><strong>laetitiae</strong></span> <span class='ocrx_word' id='word_1_93' title='bbox 449 1838 638 1925; x_wconf 80' lang='lat' dir='ltr'><strong>signa</strong></span> <span class='ocrx_word' id='word_1_94' title='bbox 678 1836 870 1924; x_wconf 84' lang='lat' dir='ltr'><strong>Regii</strong></span> <span class='ocrx_word' id='word_1_95' title='bbox 917 1836 1190 1926; x_wconf 89' lang='lat' dir='ltr'><strong>publice</strong></span> <span class='ocrx_word' id='word_1_96' title='bbox 1236 1838 1417 1905; x_wconf 87' lang='lat' dir='ltr'><strong>edita</strong></span> <span class='ocrx_word' id='word_1_97' title='bbox 1463 1837 1674 1907; x_wconf 78' lang='lat' dir='ltr'><strong>fuere.</strong></span> 
     </span>
    </p>

    <p class='ocr_par' dir='ltr' id='par_1_3' title="bbox 93 1947 2340 3206">
     <span class='ocr_line' id='line_1_14' title="bbox 241 1947 2332 2043; baseline 0.003 -26"><span class='ocrx_word' id='word_1_98' title='bbox 241 1947 382 2017; x_wconf 84' lang='lat' dir='ltr'><strong>Sed</strong></span> <span class='ocrx_word' id='word_1_99' title='bbox 428 1974 562 2019; x_wconf 91' lang='lat' dir='ltr'><strong>non</strong></span> <span class='ocrx_word' id='word_1_100' title='bbox 591 1951 831 2021; x_wconf 85' lang='lat' dir='ltr'><strong>-multo</strong></span> <span class='ocrx_word' id='word_1_101' title='bbox 877 1965 1028 2043; x_wconf 89' lang='lat' dir='ltr'><strong>post</strong></span> <span class='ocrx_word' id='word_1_102' title='bbox 1087 1955 1303 2020; x_wconf 84' lang='lat' dir='ltr'><strong>tristes</strong></span> <span class='ocrx_word' id='word_1_103' title='bbox 1351 1957 1563 2020; x_wconf 88' lang='lat' dir='ltr'><strong>secuti</strong></span> <span class='ocrx_word' id='word_1_104' title='bbox 1614 1965 1896 2024; x_wconf 83' lang='lat' dir='ltr'><strong>eventus</strong></span> <span class='ocrx_word' id='word_1_105' title='bbox 1950 1966 2165 2023; x_wconf 87' lang='lat' dir='ltr'><strong>totam</strong></span> <span class='ocrx_word' id='word_1_106' title='bbox 2222 1980 2332 2024; x_wconf 88' lang='lat' dir='ltr'><strong>ur·</strong></span> 
     </span>
     <span class='ocr_line' id='line_1_15' title="bbox 93 2068 2330 2165; baseline 0.004 -31"><span class='ocrx_word' id='word_1_107' title='bbox 93 2069 264 2134; x_wconf 87' lang='lat' dir='ltr'><strong>bem</strong></span> <span class='ocrx_word' id='word_1_108' title='bbox 312 2069 813 2158; x_wconf 77' lang='lat' dir='ltr'><strong>perturbarunt.</strong></span> <span class='ocrx_word' id='word_1_109' title='bbox 859 2068 1030 2137; x_wconf 89' lang='lat' dir='ltr'><strong>Orto</strong></span> <span class='ocrx_word' id='word_1_110' title='bbox 1075 2073 1253 2165; x_wconf 77' lang='lat' dir='ltr'><strong>enim</strong></span> <span class='ocrx_word' id='word_1_111' title='bbox 1304 2073 1476 2138; x_wconf 87' lang='lat' dir='ltr'><strong>inter</strong></span> <span class='ocrx_word' id='word_1_112' title='bbox 1522 2071 1801 2141; x_wconf 78' lang='lat' dir='ltr'><strong>Feltrini</strong></span> <span class='ocrx_word' id='word_1_113' title='bbox 1833 2071 2134 2162; x_wconf 82' lang='lat' dir='ltr'><strong>Gonzagi</strong></span> <span class='ocrx_word' id='word_1_114' title='bbox 2178 2096 2330 2163; x_wconf 89' lang='lat' dir='ltr'><strong>pro-</strong></span> 
     </span>
     <span class='ocr_line' id='line_1_16' title="bbox 95 2181 2333 2274; baseline 0.002 -24"><span class='ocrx_word' id='word_1_115' title='bbox 95 2197 384 2274; x_wconf 82' lang='lat' dir='ltr'><strong>nepotes</strong></span> <span class='ocrx_word' id='word_1_116' title='bbox 429 2181 728 2265; x_wconf 88' lang='lat' dir='ltr'><strong>dissidio,</strong></span> <span class='ocrx_word' id='word_1_117' title='bbox 772 2183 1040 2252; x_wconf 85' lang='lat' dir='ltr'><strong>Marcus</strong></span> <span class='ocrx_word' id='word_1_118' title='bbox 1085 2186 1420 2253; x_wconf 88' lang='lat' dir='ltr'><strong>Antonius</strong></span> <span class='ocrx_word' id='word_1_119' title='bbox 1464 2199 1536 2252; x_wconf 90' lang='lat' dir='ltr'><strong>et</strong></span> <span class='ocrx_word' id='word_1_120' title='bbox 1580 2184 1786 2254; x_wconf 86' lang='lat' dir='ltr'><strong>frater</strong></span> <span class='ocrx_word' id='word_1_121' title='bbox 1827 2187 2158 2271; x_wconf 77' lang='lat' dir='ltr'><strong>Ioannem</strong></span> <span class='ocrx_word' id='word_1_122' title='bbox 2209 2187 2333 2255; x_wconf 90' lang='lat' dir='ltr'><strong>Pe-</strong></span> 
     </span>
     <span class='ocr_line' id='line_1_17' title="bbox 97 2299 2330 2397; baseline 0.002 -30"><span class='ocrx_word' id='word_1_123' title='bbox 97 2314 292 2367; x_wconf 84' lang='lat' dir='ltr'><strong>trum</strong></span> <span class='ocrx_word' id='word_1_124' title='bbox 348 2313 676 2390; x_wconf 84' lang='lat' dir='ltr'><strong>agnatum</strong></span> <span class='ocrx_word' id='word_1_125' title='bbox 721 2299 1000 2397; x_wconf 82' lang='lat' dir='ltr'><strong>Bagnoli</strong></span> <span class='ocrx_word' id='word_1_126' title='bbox 1057 2299 1330 2369; x_wconf 88' lang='lat' dir='ltr'><strong>castello</strong></span> <span class='ocrx_word' id='word_1_127' title='bbox 1399 2300 1845 2391; x_wconf 85' lang='lat' dir='ltr'><strong>spoliaverant</strong></span> <span class='ocrx_word' id='word_1_128' title='bbox 1872 2328 1893 2370; x_wconf 70' lang='grc' dir='ltr'><em>τ</em></span> <span class='ocrx_word' id='word_1_129' title='bbox 1964 2326 2043 2369; x_wconf 87' lang='lat' dir='ltr'><strong>ac</strong></span> <span class='ocrx_word' id='word_1_130' title='bbox 2109 2315 2192 2370; x_wconf 89' lang='lat' dir='ltr'><strong>ut</strong></span> <span class='ocrx_word' id='word_1_131' title='bbox 2257 2327 2330 2372; x_wconf 85' lang='lat' dir='ltr'><strong>se</strong></span> 
     </span>
     <span class='ocr_line' id='line_1_18' title="bbox 99 2414 2334 2509; baseline 0.003 -29"><span class='ocrx_word' id='word_1_132' title='bbox 99 2415 424 2483; x_wconf 83' lang='lat' dir='ltr'><strong>adversus</strong></span> <span class='ocrx_word' id='word_1_133' title='bbox 473 2418 927 2506; x_wconf 84' lang='lat' dir='ltr'><strong>propinquum</strong></span> <span class='ocrx_word' id='word_1_134' title='bbox 959 2414 1237 2482; x_wconf 66' lang='lat' dir='ltr'><strong>facilius</strong></span> <span class='ocrx_word' id='word_1_135' title='bbox 1282 2429 1668 2498; x_wconf 84' lang='lat' dir='ltr'><strong>tuerentur,</strong></span> <span class='ocrx_word' id='word_1_136' title='bbox 1711 2416 1978 2497; x_wconf 81' lang='lat' dir='ltr'><strong>exules,</strong></span> <span class='ocrx_word' id='word_1_137' title='bbox 2024 2422 2145 2509; x_wconf 89' lang='lat' dir='ltr'><strong>qui</strong></span> <span class='ocrx_word' id='word_1_138' title='bbox 2189 2441 2334 2486; x_wconf 86' lang='lat' dir='ltr'><strong>cre-</strong></span> 
     </span>
     <span class='ocr_line' id='line_1_19' title="bbox 97 2515 2332 2624; baseline 0.001 -25"><span class='ocrx_word' id='word_1_139' title='bbox 97 2533 261 2601; x_wconf 83' lang='lat' dir='ltr'><strong>bras</strong></span> <span class='ocrx_word' id='word_1_140' title='bbox 308 2536 378 2600; x_wconf 88' lang='lat' dir='ltr'><strong>in</strong></span> <span class='ocrx_word' id='word_1_141' title='bbox 427 2531 733 2622; x_wconf 85' lang='lat' dir='ltr'><strong>Regiensi</strong></span> <span class='ocrx_word' id='word_1_142' title='bbox 779 2555 934 2622; x_wconf 83' lang='lat' dir='ltr'><strong>agro</strong></span> <span class='ocrx_word' id='word_1_143' title='bbox 980 2537 1252 2624; x_wconf 88' lang='lat' dir='ltr'><strong>rapinas</strong></span> <span class='ocrx_word' id='word_1_144' title='bbox 1287 2515 1662 2614; x_wconf 77' lang='lat' dir='ltr'><strong>faciebant,</strong></span> <span class='ocrx_word' id='word_1_145' title='bbox 1707 2532 1898 2602; x_wconf 84' lang='lat' dir='ltr'><strong>velut</strong></span> <span class='ocrx_word' id='word_1_146' title='bbox 1942 2537 2014 2600; x_wconf 89' lang='lat' dir='ltr'><strong>in</strong></span> <span class='ocrx_word' id='word_1_147' title='bbox 2064 2533 2332 2624; x_wconf 86' lang='lat' dir='ltr'><strong>asylum</strong></span> 
     </span>
     <span class='ocr_line' id='line_1_20' title="bbox 99 2630 2329 2741; baseline 0 -24"><span class='ocrx_word' id='word_1_148' title='bbox 99 2649 563 2741; x_wconf 83' lang='lat' dir='ltr'><strong>recipiebant,</strong></span> <span class='ocrx_word' id='word_1_149' title='bbox 632 2673 712 2716; x_wconf 93' lang='lat' dir='ltr'><strong>ac</strong></span> <span class='ocrx_word' id='word_1_150' title='bbox 777 2651 847 2717; x_wconf 90' lang='lat' dir='ltr'><strong>in</strong></span> <span class='ocrx_word' id='word_1_151' title='bbox 917 2650 1216 2740; x_wconf 89' lang='lat' dir='ltr'><strong>plurium</strong></span> <span class='ocrx_word' id='word_1_152' title='bbox 1271 2652 1632 2740; x_wconf 86' lang='lat' dir='ltr'><strong>perniciem</strong></span> <span class='ocrx_word' id='word_1_153' title='bbox 1687 2647 1926 2716; x_wconf 76' lang='lat' dir='ltr'><strong>falsam</strong></span> <span class='ocrx_word' id='word_1_154' title='bbox 1986 2630 2329 2718; x_wconf 75' lang='lat' dir='ltr'><strong>monetam</strong></span> 
     </span>
     <span class='ocr_line' id='line_1_21' title="bbox 100 2764 2330 2856; baseline 0 -23"><span class='ocrx_word' id='word_1_155' title='bbox 100 2766 470 2834; x_wconf 75' lang='lat' dir='ltr'><strong>cadebant.</strong></span> <span class='ocrx_word' id='word_1_156' title='bbox 513 2764 684 2833; x_wconf 88' lang='lat' dir='ltr'><strong>Eam</strong></span> <span class='ocrx_word' id='word_1_157' title='bbox 733 2764 1105 2856; x_wconf 84' lang='lat' dir='ltr'><strong>proferendi</strong></span> <span class='ocrx_word' id='word_1_158' title='bbox 1148 2768 1408 2855; x_wconf 87' lang='lat' dir='ltr'><strong>imperii</strong></span> <span class='ocrx_word' id='word_1_159' title='bbox 1455 2767 1872 2834; x_wconf 73' lang='lat' dir='ltr'><strong>occasionem</strong></span> <span class='ocrx_word' id='word_1_160' title='bbox 1919 2777 2162 2832; x_wconf 86' lang='lat' dir='ltr'><strong>nactus</strong></span> <span class='ocrx_word' id='word_1_161' title='bbox 2207 2764 2330 2833; x_wconf 85' lang='lat' dir='ltr'><strong>Al-</strong></span> 
     </span>
     <span class='ocr_line' id='line_1_22' title="bbox 104 2880 2330 2974; baseline 0.001 -26"><span class='ocrx_word' id='word_1_162' title='bbox 104 2882 405 2974; x_wconf 87' lang='lat' dir='ltr'><strong>pbonsus</strong></span> <span class='ocrx_word' id='word_1_163' title='bbox 449 2907 489 2950; x_wconf 90' lang='lat' dir='ltr'><strong>a</strong></span> <span class='ocrx_word' id='word_1_164' title='bbox 532 2881 716 2959; x_wconf 89' lang='lat' dir='ltr'><strong>Julio</strong></span> <span class='ocrx_word' id='word_1_165' title='bbox 759 2880 1082 2950; x_wconf 88' lang='lat' dir='ltr'><strong>Pontifice</strong></span> <span class='ocrx_word' id='word_1_166' title='bbox 1129 2884 1546 2971; x_wconf 83' lang='lat' dir='ltr'><strong>impetravit,</strong></span> <span class='ocrx_word' id='word_1_167' title='bbox 1589 2892 1668 2947; x_wconf 88' lang='lat' dir='ltr'><strong>ut</strong></span> <span class='ocrx_word' id='word_1_168' title='bbox 1712 2880 2098 2949; x_wconf 79' lang='lat' dir='ltr'><strong>Ludovicus</strong></span> <span class='ocrx_word' id='word_1_169' title='bbox 2130 2881 2330 2952; x_wconf 82' lang='lat' dir='ltr'><strong>Picus</strong></span> 
     </span>
     <span class='ocr_line' id='line_1_23' title="bbox 105 2995 2333 3089; baseline -0 -21"><span class='ocrx_word' id='word_1_170' title='bbox 105 2999 532 3068; x_wconf 69' lang='lat' dir='ltr'><strong>mirandulae</strong></span> <span class='ocrx_word' id='word_1_171' title='bbox 587 2998 897 3089; x_wconf 86' lang='lat' dir='ltr'><strong>Princeps</strong></span> <span class='ocrx_word' id='word_1_172' title='bbox 966 3022 1127 3066; x_wconf 89' lang='lat' dir='ltr'><strong>cum</strong></span> <span class='ocrx_word' id='word_1_173' title='bbox 1196 2995 1539 3089; x_wconf 85' lang='lat' dir='ltr'><strong>pontificio</strong></span> <span class='ocrx_word' id='word_1_174' title='bbox 1604 3000 1907 3066; x_wconf 75' lang='lat' dir='ltr'><strong>exercitu</strong></span> <span class='ocrx_word' id='word_1_175' title='bbox 1974 2998 2333 3068; x_wconf 82' lang='lat' dir='ltr'><strong>castellum</strong></span> 
     </span>
     <span class='ocr_line' id='line_1_24' title="bbox 107 3113 2340 3206; baseline 0 -23"><span class='ocrx_word' id='word_1_176' title='bbox 107 3127 559 3206; x_wconf 82' lang='lat' dir='ltr'><strong>expugnaret,</strong></span> <span class='ocrx_word' id='word_1_177' title='bbox 605 3127 676 3182; x_wconf 91' lang='lat' dir='ltr'><strong>et</strong></span> <span class='ocrx_word' id='word_1_178' title='bbox 719 3114 891 3183; x_wconf 84' lang='lat' dir='ltr'><strong>illud</strong></span> <span class='ocrx_word' id='word_1_179' title='bbox 936 3115 1065 3182; x_wconf 86' lang='lat' dir='ltr'><strong>sibi</strong></span> <span class='ocrx_word' id='word_1_180' title='bbox 1112 3115 1425 3182; x_wconf 82' lang='lat' dir='ltr'><strong>traderet.</strong></span> <span class='ocrx_word' id='word_1_181' title='bbox 1457 3114 1748 3191; x_wconf 81' lang='lat' dir='ltr'><strong>Ioannes</strong></span> <span class='ocrx_word' id='word_1_182' title='bbox 1778 3113 2044 3196; x_wconf 86' lang='lat' dir='ltr'><strong>Petrus,</strong></span> <span class='ocrx_word' id='word_1_183' title='bbox 2076 3117 2340 3206; x_wconf 83' lang='lat' dir='ltr'><strong>agnatis</strong></span> 
     </span>
    </p>
   </div>
   <div class='ocr_carea' id='block_1_3' title="bbox 108 3230 2458 3323">
    <p class='ocr_par' dir='ltr' id='par_1_4' title="bbox 108 3230 2458 3323">
     <span class='ocr_line' id='line_1_25' title="bbox 108 3230 2458 3323; baseline 0.001 -25"><span class='ocrx_word' id='word_1_184' title='bbox 108 3232 408 3323; x_wconf 83' lang='lat' dir='ltr'><strong>expulsis</strong></span> <span class='ocrx_word' id='word_1_185' title='bbox 426 3283 445 3313; x_wconf 93' lang='lat'>‚</span> <span class='ocrx_word' id='word_1_186' title='bbox 488 3232 574 3300; x_wconf 88' lang='lat' dir='ltr'><strong>de</strong></span> <span class='ocrx_word' id='word_1_187' title='bbox 621 3231 1067 3322; x_wconf 85' lang='lat' dir='ltr'><strong>recuperando</strong></span> <span class='ocrx_word' id='word_1_188' title='bbox 1108 3255 1188 3301; x_wconf 88' lang='lat' dir='ltr'><strong>eo</strong></span> <span class='ocrx_word' id='word_1_189' title='bbox 1232 3231 1378 3299; x_wconf 88' lang='lat' dir='ltr'><strong>loco</strong></span> <span class='ocrx_word' id='word_1_190' title='bbox 1422 3230 1618 3299; x_wconf 84' lang='lat' dir='ltr'><strong>valde</strong></span> <span class='ocrx_word' id='word_1_191' title='bbox 1661 3230 2022 3311; x_wconf 86' lang='lat' dir='ltr'><strong>sollicitus,</strong></span> <span class='ocrx_word' id='word_1_192' title='bbox 2066 3235 2331 3323; x_wconf 83' lang='lat' dir='ltr'><strong>saepius</strong></span> <span class='ocrx_word' id='word_1_193' title='bbox 2452 3263 2458 3268; x_wconf 83' lang='lat'>·</span> 
     </span>
    </p>
   </div>
   <div class='ocr_carea' id='block_1_4' title="bbox 107 3346 2347 4263">
    <p class='ocr_par' dir='ltr' id='par_1_5' title="bbox 107 3346 2347 4263">
     <span class='ocr_line' id='line_1_26' title="bbox 107 3346 2334 3441; baseline -0 -23"><span class='ocrx_word' id='word_1_194' title='bbox 107 3351 404 3419; x_wconf 89' lang='lat' dir='ltr'><strong>Romam</strong></span> <span class='ocrx_word' id='word_1_195' title='bbox 459 3366 530 3418; x_wconf 88' lang='lat' dir='ltr'><strong>et</strong></span> <span class='ocrx_word' id='word_1_196' title='bbox 573 3349 977 3441; x_wconf 87' lang='lat' dir='ltr'><strong>quandoque</strong></span> <span class='ocrx_word' id='word_1_197' title='bbox 1021 3349 1514 3431; x_wconf 79' lang='lat' dir='ltr'><strong>Mediolanum,</strong></span> <span class='ocrx_word' id='word_1_198' title='bbox 1558 3361 1638 3417; x_wconf 90' lang='lat' dir='ltr'><strong>ut</strong></span> <span class='ocrx_word' id='word_1_199' title='bbox 1682 3348 1793 3418; x_wconf 78' lang='lat' dir='ltr'><strong>vel</strong></span> <span class='ocrx_word' id='word_1_200' title='bbox 1840 3373 1880 3417; x_wconf 89' lang='lat' dir='ltr'><strong>a</strong></span> <span class='ocrx_word' id='word_1_201' title='bbox 1927 3349 2177 3430; x_wconf 87' lang='lat' dir='ltr'><strong>Gallis,</strong></span> <span class='ocrx_word' id='word_1_202' title='bbox 2223 3346 2334 3420; x_wconf 79' lang='lat' dir='ltr'><strong>vel</strong></span> 
     </span>
     <span class='ocr_line' id='line_1_27' title="bbox 111 3466 2342 3560; baseline 0 -24"><span class='ocrx_word' id='word_1_203' title='bbox 111 3493 153 3536; x_wconf 90' lang='lat' dir='ltr'><strong>a</strong></span> <span class='ocrx_word' id='word_1_204' title='bbox 197 3466 524 3537; x_wconf 88' lang='lat' dir='ltr'><strong>Pontifice</strong></span> <span class='ocrx_word' id='word_1_205' title='bbox 577 3471 1036 3537; x_wconf 88' lang='lat' dir='ltr'><strong>restitueretur</strong></span> <span class='ocrx_word' id='word_1_206' title='bbox 1060 3519 1081 3551; x_wconf 93' lang='lat'><strong>,</strong></span> <span class='ocrx_word' id='word_1_207' title='bbox 1126 3492 1369 3558; x_wconf 83' lang='lat' dir='ltr'><strong>magna</strong></span> <span class='ocrx_word' id='word_1_208' title='bbox 1422 3491 1581 3535; x_wconf 87' lang='lat' dir='ltr'><strong>cum</strong></span> <span class='ocrx_word' id='word_1_209' title='bbox 1639 3471 1943 3559; x_wconf 86' lang='lat' dir='ltr'><strong>impensa</strong></span> <span class='ocrx_word' id='word_1_210' title='bbox 2001 3466 2342 3560; x_wconf 85' lang='lat' dir='ltr'><strong>profectus</strong></span> 
     </span>
     <span class='ocr_line' id='line_1_28' title="bbox 109 3584 2337 3687; baseline -0.001 -34"><span class='ocrx_word' id='word_1_211' title='bbox 109 3599 237 3653; x_wconf 83' lang='lat' dir='ltr'><strong>est.</strong></span> <span class='ocrx_word' id='word_1_212' title='bbox 269 3585 574 3654; x_wconf 85' lang='lat' dir='ltr'><strong>Demum</strong></span> <span class='ocrx_word' id='word_1_213' title='bbox 611 3588 1151 3687; x_wconf 67' lang='lat' dir='ltr'><strong>¹propinquorum</strong></span> <span class='ocrx_word' id='word_1_214' title='bbox 1170 3637 1189 3664; x_wconf 88' lang='lat'><strong>,</strong></span> <span class='ocrx_word' id='word_1_215' title='bbox 1216 3590 1338 3677; x_wconf 85' lang='lat' dir='ltr'><strong>qui</strong></span> <span class='ocrx_word' id='word_1_216' title='bbox 1371 3584 1843 3677; x_wconf 83' lang='lat' dir='ltr'><strong>perduellionis</strong></span> <span class='ocrx_word' id='word_1_217' title='bbox 1887 3589 1979 3653; x_wconf 86' lang='lat' dir='ltr'><strong>rei</strong></span> <span class='ocrx_word' id='word_1_218' title='bbox 2025 3585 2337 3654; x_wconf 88' lang='lat' dir='ltr'><strong>condem-</strong></span> 
     </span>
     <span class='ocr_line' id='line_1_29' title="bbox 112 3700 2342 3795; baseline -0.002 -23"><span class='ocrx_word' id='word_1_219' title='bbox 112 3705 259 3772; x_wconf 87' lang='lat' dir='ltr'><strong>nati</strong></span> <span class='ocrx_word' id='word_1_220' title='bbox 317 3700 629 3786; x_wconf 85' lang='lat' dir='ltr'><strong>fuerant,</strong></span> <span class='ocrx_word' id='word_1_221' title='bbox 701 3716 968 3795; x_wconf 86' lang='lat' dir='ltr'><strong>partem</strong></span> <span class='ocrx_word' id='word_1_222' title='bbox 1028 3726 1070 3771; x_wconf 86' lang='lat' dir='ltr'><strong>a</strong></span> <span class='ocrx_word' id='word_1_223' title='bbox 1124 3703 1307 3782; x_wconf 87' lang='lat' dir='ltr'><strong>Julio</strong></span> <span class='ocrx_word' id='word_1_224' title='bbox 1357 3702 1681 3773; x_wconf 89' lang='lat' dir='ltr'><strong>Pontifice</strong></span> <span class='ocrx_word' id='word_1_225' title='bbox 1746 3704 1946 3784; x_wconf 89' lang='lat' dir='ltr'><strong>emit,</strong></span> <span class='ocrx_word' id='word_1_226' title='bbox 2000 3713 2070 3768; x_wconf 84' lang='lat' dir='ltr'><strong>et</strong></span> <span class='ocrx_word' id='word_1_227' title='bbox 2125 3711 2342 3771; x_wconf 85' lang='lat' dir='ltr'><strong>totam</strong></span> 
     </span>
     <span class='ocr_line' id='line_1_30' title="bbox 113 3819 2343 3913; baseline -0 -26"><span class='ocrx_word' id='word_1_228' title='bbox 113 3819 456 3908; x_wconf 86' lang='lat' dir='ltr'><strong>majorum</strong></span> <span class='ocrx_word' id='word_1_229' title='bbox 505 3821 835 3890; x_wconf 87' lang='lat' dir='ltr'><strong>ditionem</strong></span> <span class='ocrx_word' id='word_1_230' title='bbox 882 3833 1035 3913; x_wconf 85' lang='lat' dir='ltr'><strong>post</strong></span> <span class='ocrx_word' id='word_1_231' title='bbox 1079 3820 1428 3889; x_wconf 86' lang='lat' dir='ltr'><strong>biennium</strong></span> <span class='ocrx_word' id='word_1_232' title='bbox 1487 3820 1819 3902; x_wconf 87' lang='lat' dir='ltr'><strong>obtinuit,</strong></span> <span class='ocrx_word' id='word_1_233' title='bbox 1868 3842 2080 3911; x_wconf 87' lang='lat' dir='ltr'><strong>quam</strong></span> <span class='ocrx_word' id='word_1_234' title='bbox 2133 3819 2343 3888; x_wconf 87' lang='lat' dir='ltr'><strong>etiam</strong></span> 
     </span>
     <span class='ocr_line' id='line_1_31' title="bbox 113 3934 2346 4029; baseline -0.001 -24"><span class='ocrx_word' id='word_1_235' title='bbox 113 3950 350 4029; x_wconf 82' lang='lat' dir='ltr'><strong>postea</strong></span> <span class='ocrx_word' id='word_1_236' title='bbox 398 3961 441 4006; x_wconf 92' lang='lat' dir='ltr'><strong>a</strong></span> <span class='ocrx_word' id='word_1_237' title='bbox 486 3936 772 4008; x_wconf 79' lang='lat' dir='ltr'><strong>Caesare</strong></span> <span class='ocrx_word' id='word_1_238' title='bbox 815 3938 944 4006; x_wconf 90' lang='lat' dir='ltr'><strong>sibi</strong></span> <span class='ocrx_word' id='word_1_239' title='bbox 989 3937 1372 4008; x_wconf 85' lang='lat' dir='ltr'><strong>confirmari</strong></span> <span class='ocrx_word' id='word_1_240' title='bbox 1418 3939 1702 4007; x_wconf 86' lang='lat' dir='ltr'><strong>curavit.</strong></span> <span class='ocrx_word' id='word_1_241' title='bbox 1758 3936 2108 4028; x_wconf 84' lang='lat' dir='ltr'><strong>Regienses</strong></span> <span class='ocrx_word' id='word_1_242' title='bbox 2152 3934 2346 4004; x_wconf 83' lang='lat' dir='ltr'><strong>mille</strong></span> 
     </span>
     <span class='ocr_line' id='line_1_32' title="bbox 117 4050 2347 4146; baseline -0.001 -24"><span class='ocrx_word' id='word_1_243' title='bbox 117 4077 481 4125; x_wconf 84' lang='lat' dir='ltr'><strong>aureorum</strong></span> <span class='ocrx_word' id='word_1_244' title='bbox 526 4057 741 4146; x_wconf 89' lang='lat' dir='ltr'><strong>pretio</strong></span> <span class='ocrx_word' id='word_1_245' title='bbox 784 4054 1165 4146; x_wconf 82' lang='lat' dir='ltr'><strong>Bagnolum</strong></span> <span class='ocrx_word' id='word_1_246' title='bbox 1211 4056 1564 4146; x_wconf 87' lang='lat' dir='ltr'><strong>acquirere</strong></span> <span class='ocrx_word' id='word_1_247' title='bbox 1593 4056 1996 4146; x_wconf 76' lang='lat' dir='ltr'><strong>potuissent,</strong></span> <span class='ocrx_word' id='word_1_248' title='bbox 2024 4052 2137 4124; x_wconf 83' lang='lat' dir='ltr'><strong>sed</strong></span> <span class='ocrx_word' id='word_1_249' title='bbox 2169 4050 2347 4120; x_wconf 85' lang='lat' dir='ltr'><strong>illud</strong></span> 
     </span>
     <span class='ocr_line' id='line_1_33' title="bbox 118 4167 2347 4263; baseline -0.001 -23"><span class='ocrx_word' id='word_1_250' title='bbox 118 4173 306 4263; x_wconf 87' lang='lat' dir='ltr'><strong>turpi</strong></span> <span class='ocrx_word' id='word_1_251' title='bbox 348 4173 620 4263; x_wconf 78' lang='lat' dir='ltr'><strong>ignavia</strong></span> <span class='ocrx_word' id='word_1_252' title='bbox 665 4172 1084 4244; x_wconf 83' lang='lat' dir='ltr'><strong>dimiserunt.</strong></span> <span class='ocrx_word' id='word_1_253' title='bbox 1130 4171 1321 4262; x_wconf 83' lang='lat' dir='ltr'><strong>Regii</strong></span> <span class='ocrx_word' id='word_1_254' title='bbox 1366 4194 1527 4242; x_wconf 84' lang='lat' dir='ltr'><strong>vero</strong></span> <span class='ocrx_word' id='word_1_255' title='bbox 1572 4172 2021 4262; x_wconf 83' lang='lat' dir='ltr'><strong>Hieronymus</strong></span> <span class='ocrx_word' id='word_1_256' title='bbox 2055 4167 2347 4250; x_wconf 72' lang='lat' dir='ltr'><strong>Fauian,</strong></span> 
     </span>
    </p>
   </div>
  </div>
 </body>
</html>
