2950 5017
584 351 589 358 ’
677 367 762 433 58
1185 350 1190 356 ’
1416 383 1650 430 amum
1697 386 2110 431 uncrmsmu

636 559 642 564 .
683 504 969 574 Octavio
1012 515 1347 593 praeterea
1365 553 1384 585 ,
1413 507 1533 594 qui
1561 504 1987 597 Reipublicae
2013 516 2235 595 partes
2264 509 2437 574 tueri
2483 506 2878 589 videbatur,

670 621 961 694 Praetori
999 632 1248 712 creato,
1291 631 1512 688 statua
1565 633 1816 703 erecta,
1858 634 1928 687 et
1970 625 2334 689 sententiae
2385 625 2560 690 inter
2599 624 2877 692 Consu·

668 737 841 805 lares
908 740 1078 806 viros
1129 736 1476 817 dicendae,
1526 735 1973 827 decennioque
2033 749 2394 827 antequam
2460 763 2576 829 per
2643 740 2873 831 legem
2917 756 2926 759 ”

628 858 634 863 ’
668 852 901 922 liceret
944 852 1286 923 obtinendi
1327 852 1710 924 consulatus
1751 853 1859 940 jus
1901 853 2164 934 datum,
2207 866 2277 921 et
2318 854 2575 923 bellum
2622 870 2875 925 contra

623 1049 631 1059 ³
669 971 1042 1040 Antonium
1084 969 1421 1036 decretum
1468 965 1623 1037 fuit.
1668 969 1973 1037 Marcum
2020 993 2288 1060 quoque
2329 959 2691 1039 AEmilium
2737 974 2874 1040 Le-

670 1086 930 1176 pidum,
959 1089 1077 1176 qui
1123 1099 1193 1152 et
1234 1089 1371 1177 ipse
1415 1098 1761 1175 tamquam
1806 1086 1930 1166 Gai
1974 1086 2269 1154 Caesaris
2314 1090 2616 1177 magister
2667 1075 2908 1179 equi(

670 1213 818 1268 tum
864 1225 999 1269 non
1043 1200 1440 1272 mediocrem
1487 1204 1851 1268 exercitum
1897 1202 2200 1281 tenebat,
2242 1214 2313 1269 et
2356 1203 2437 1270 L.
2465 1202 2867 1271 Munatium

670 1316 993 1384 Plancum
1046 1329 1211 1384 tunc
1256 1319 1328 1383 in
1372 1316 1706 1384 ulteriore·
1726 1316 1954 1384 Gallia
1996 1316 2372 1425 Praetorem
2418 1320 2486 1385 in
2533 1342 2613 1384 ea
2654 1342 2870 1409 expe-

468 1472 473 1478 ,
510 1425 549 1512 J
668 1432 916 1501 ditione
960 1433 1106 1519 ejus
1147 1435 1369 1501 socios·
1410 1456 1555 1502 esse
1616 1432 1994 1501 voluerunt.
2047 1434 2363 1501 Decimus
2405 1457 2557 1502 vero
2600 1434 2871 1516 ‚Brutus

671 1572 709 1614 a
753 1549 977 1617 Marco
1007 1551 1300 1617 Antonio
1329 1540 1631 1616 Mutinae
1673 1549 1993 1631 obsessus,
2025 1571 2437 1639 quamquam
2482 1551 2866 1618 incredibili

670 1666 1057 1753 prudentia,
1098 1676 1168 1732 et
1220 1665 1539 1755 singulari
1589 1669 1839 1733 virtute
1888 1667 2039 1748 diu,
2084 1664 2472 1756 fortiterque
2514 1690 2584 1734 se
2624 1665 2868 1734 defen·

669 1781 901 1861 disset,
944 1804 1138 1851 muro
1188 1783 1486 1872 undique
1532 1783 1620 1849 ab
1662 1782 1852 1851 hoste
1901 1785 2159 1850 cinctus
2226 1807 2496 1853 omnem
2561 1784 2862 1851 exeundi

618 1919 629 1931 ·
668 1896 1061 1965 facultatem
1107 1905 1438 1969 amiserat.
1486 1899 1831 1981 Octavius,
1880 1904 1998 1990 qui
2044 1901 2219 1990 apud
2250 1902 2498 1970 Forum
2527 1899 2860 1983 Cornelii,

669 2038 847 2079 nunc
898 2013 1183 2092 Imolam
1235 2028 1516 2095 vocant,
1559 2039 1627 2082 se
1670 2040 1788 2105 per
1831 2016 2087 2106 aliquot
2126 2016 2262 2086 dies
2305 2020 2746 2097 continuerat,
2773 2016 2862 2084 de

669 2131 817 2216 ejus
859 2130 1072 2198 salute
1114 2129 1464 2212 sollicitus,
1493 2133 1656 2199 dum
1686 2132 1928 2201 Vibius
1964 2135 2176 2201 Pansa
2220 2134 2473 2202 Romae
2517 2128 2860 2202 delectum

668 2247 907 2326 habet,
948 2270 1103 2314 cum
1151 2248 1369 2315 Hirtio
1425 2247 1634 2315 altero
1687 2249 1957 2317 consule
2019 2263 2247 2318 contra
2306 2243 2669 2318 Antonium
2734 2274 2859 2340 pu-

667 2385 867 2451 gnare
912 2366 1294 2431 constituit.
1348 2363 1457 2431 Ex
1502 2364 1792 2432 hibernis
1847 2367 2051 2454 igitur
2101 2349 2313 2455 primo
2359 2389 2630 2456 quoque
2679 2377 2863 2434 tem·

663 2501 825 2568 pore
871 2478 1119 2546 educto
1170 2478 1385 2546 milite
1430 2480 1795 2548 Bononiam
1841 2481 2160 2576 praesidio
2204 2482 2600 2566 destitutam
2657 2482 2852 2550 nullo

635 2596 932 2685 ,negotio
980 2597 1189 2683 capit.
1234 2595 1398 2672 Mox
1441 2596 1781 2663 nonnullis
1811 2597 2162 2685 ,equitibus
2219 2596 2517 2664 hostium
2559 2594 2725 2663 fusis
2770 2596 2855 2663 ad

662 2711 1100 2784 Scultennam
1154 2712 1454 2786 Mutinae
1512 2712 1806 2793 flumen,
1857 2736 2036 2780 nunc
2092 2713 2440 2779 Panariam
2502 2725 2853 2807 vocatum,

651 2815 1042 2919 ‘perveniens
1072 2829 1162 2899 ob
1189 2829 1509 2918 praesidia
1540 2829 1792 2918 ubique
1824 2832 1892 2895 in
1922 2831 2065 2917 ripa
2098 2831 2408 2896 torrentis
2440 2829 2527 2895 ab
2549 2828 2851 2898 Antonio

661 2939 1013 3034 disposita,
1058 2946 1239 3013 ultra
1283 2944 1590 3035 progredi
1632 2968 1767 3011 non
1813 2947 2065 3034 potuit.
2113 2944 2333 3026 Quare
2375 2943 2459 3010 de
2504 2944 2701 3011 Bruti
2746 2944 2856 3011 de-

662 3062 909 3130 ditione
965 3063 1104 3149 jam
1149 3063 1501 3139 dubitans,
1546 3073 1625 3126 ut
1670 3084 1826 3142 eum
1871 3064 1940 3126 in
1984 3058 2392 3127 defendenda
2457 3060 2627 3127 urbe
2694 3083 2850 3129 con-

660 3175 977 3257 firmaret,
998 3189 1191 3244 nocte
1219 3201 1306 3242 ex
1334 3177 1614 3264 proceris
1645 3175 1986 3261 arboribus
2017 3179 2164 3264 igne
2195 3175 2492 3265 praelato
2524 3176 2851 3243 adventus

659 3296 760 3358 sui
806 3297 1064 3381 signum
1111 3294 1428 3359 ostendit.
1475 3290 1553 3357 Id
1599 3313 1753 3356 cum
1800 3291 1915 3357 ille
1963 3317 2094 3360 non
2139 3292 2600 3374 intellexisset,
2631 3316 2849 3360 rursus

662 3411 730 3474 in
780 3412 964 3475 tenui
1026 3408 1292 3497 plumbi
1351 3405 1608 3490 lamina
1673 3405 1928 3474 litteras
1971 3397 2265 3497 scriptas,
2310 3392 2502 3476 etin.
2537 3408 2851 3498 epistolae

661 3522 945 3591 formam
987 3523 1414 3613 complicatas
1442 3527 1759 3593 urinatori
1804 3526 1978 3591 clam
2024 3525 2153 3592 sub
2177 3529 2389 3615 aquis
2435 3524 2853 3615 perferendas
2933 3543 2934 3548 ’

661 3641 882 3708 tradit.
927 3642 1166 3731 Itaque
1207 3623 1533 3709 sociorum
1571 3642 1830 3710 auxilio
1860 3644 2126 3731 cognito
2158 3642 2407 3708 Brutus
2438 3641 2679 3709 eadem
2710 3654 2853 3709 arte

662 3757 1015 3824 rescribens
1045 3756 1412 3825 Octaviano
1442 3782 1709 3826 omnem
1754 3783 1972 3826 rerum
2019 3769 2272 3839 statu'm
2303 3755 2697 3826 declaravit.
2745 3757 2854 3824 Oh

657 3896 912 3940 novum
942 3876 1281 3963 copiarum
1314 3873 1700 3955 adventum,
1731 3873 2066 3941 difficilem
2109 3873 2413 3941 Mutinae
2441 3872 2851 3972 deditionem

659 3985 801 4055 fore
846 3988 1073 4056 videns
1125 3991 1488 4071 Antonius,
1542 3990 1751 4068 Lucio
1806 3988 2008 4057 fratre
2074 3990 2162 4055 ad
2228 3989 2372 4075 ejus
2437 3988 2852 4058 obsidionem

658 4126 814 4171 cum
859 4107 1185 4173 exercitus
1227 4118 1415 4198 parte
1457 4104 1720 4189 relicto,
1748 4108 1887 4197 ipse
1914 4130 2072 4174 cum
2102 4104 2428 4196 expeditis
2458 4104 2848 4174 cohortibus
