2950 5017
892 421 1089 467 unna
1132 418 1432 476 omarus
1598 392 1603 398 ’
1937 465 1946 475 ,
2115 406 2243 493 307

56 566 160 612 rex
201 540 416 610 duas
482 540 816 619 humanae
879 551 1174 610 'staturae
1240 540 1664 610 excedentem
1677 591 1698 624 ,
1764 552 1835 609 et
1898 542 2245 635 mulierem
2286 525 2291 530 ’

54 659 340 726 Ricciam
373 655 856 737 Mantuam,
883 656 1088 746 paulo
1117 659 1435 725 minorem
1482 680 1600 747 pro
1638 649 1920 725 natu‘rae
1950 668 2247 727 monstro

55 796 264 840 secum
311 770 654 840 adducere
696 783 1151 841 consuerunt.
1198 767 1678 840 Frambaldnm
1719 794 1988 863 quoque
2017 772 2248 839 Pumi-

54 889 287 957 lionem
334 891 471 978 qui
515 901 808 978 quatuor
870 888 1136 979 palmos
1167 888 1630 979 magnitudine
1672 913 1805 958 non
1848 889 2246 971 excedebat,

56 1017 197 1071 ante
241 1028 316 1071 se
364 1028 550 1095 equo
596 1009 1027 1096 praemissum
1074 1010 1148 1098 in
1192 1004 1446 1101 deliciis
1509 1004 1775 1072 habuit.
1839 1006 2063 1073 Riccia
2128 1028 2245 1072 sex

59 1118 369 1188 frumenti
413 1123 741 1190 sextarios
787 1121 977 1191 velut
1030 1125 1390 1189 minimum
1459 1120 1739 1189 cistulae
1798 1143 1967 1190 onus
2026 1125 2247 1211 capite

57 1235 238 1303 facile
294 1238 632 1327 gerebat,
656 1250 726 1305 et
771 1239 1058 1308 duorum
1118 1237 1499 1323 bajulorum
1552 1237 1807 1327 pondus
1850 1233 2243 1305 sustinebat.

62 1352 303 1433 Talem,
333 1334 604 1430 Iustino
631 1357 1023 1444 imperante,
1052 1354 1374 1421 ceciliam
1403 1355 1691 1444 gigantis
1720 1355 1923 1420 instar
1954 1353 2245 1422 Zonaras

63 1467 397 1551 dooeribit3
428 1493 609 1560 quae
640 1465 836 1538 vasto
857 1493 1125 1560 corpore
1170 1492 1473 1560 proceros
1516 1473 1693 1539 viros
1722 1470 1951 1536 cubito
1979 1481 2244 1558 supera-

66 1583 192 1664 bat,
231 1596 527 1673 pectore,
573 1597 643 1651 et
684 1583 975 1653 brachiis
997 1607 1212 1675 supra
1258 1584 1533 1652 modum
1579 1582 1763 1665 latis,
1792 1585 2037 1674 quibus
2078 1608 2251 1667 vox,

75 1698 279 1781 facies,
318 1701 754 1770 brachiorum
797 1701 1105 1783 firmitas,
1157 1714 1226 1767 et
1269 1700 1632 1769 crassitudo
1681 1702 2194 1791 respondebant.
2254 1755 2261 1762 .

188 1815 280 1886 Eo
325 1831 636 1907 tempore
680 1817 967 1894 Joannes
1013 1815 1394 1884 Manfredus
1457 1815 1788 1906 Regiensis
1854 1818 2243 1893 continuato

75 1931 492 2018 quadriennio
564 1935 827 2001 Patavii
892 1934 1197 2014 Praetor,
1265 1933 1413 2022 Ugo
1480 1956 1634 2001 vero
1700 1933 2031 2002 Robertus
2097 1933 2242 2019 ejus

77 2046 235 2113 urbis
262 2046 637 2139 Episcopus
668 2052 919 2116 extitit.
954 2050 1047 2116 At
1078 2049 1513 2136 vicecomites
1541 2070 1698 2115 cum
1743 2048 1825 2116 de
1865 2048 2244 2139 recipienda

79 2161 340 2232 Bononia
380 2165 566 2232 clam
601 2147 771 2233 ⁴cum
816 2165 1078 2234 civibus
1124 2177 1392 2256 agerent
1434 2168 1758 2233 instructo
1814 2168 2108 2232 exercitu
2152 2164 2241 2232 ad

83 2300 204 2344 eam
245 2281 704 2371 occupandam
755 2282 1107 2349 accedunt.
1168 2282 1303 2348 Sed
1367 2282 1748 2371 proditione
1804 2271 2098 2363 detecta,
2156 2293 2242 2348 ut

84 2391 422 2465 honestiore
469 2398 703 2488 aliquo
775 2410 1131 2489 praetextu
1186 2422 1335 2464 rem
1400 2409 1697 2487 tegerent
1716 2448 1736 2480 ,
1801 2401 1991 2489 quasi
2057 2397 2239 2471 aliud

89 2514 264 2578 acturi
303 2518 659 2595 venissent,
689 2514 777 2580 ad
809 2514 1284 2582 devastandum
1329 2516 1760 2604 Regiensium
1804 2538 2034 2604 agrum
2079 2537 2240 2581 con-

86 2639 416 2699 vertuntur.
482 2632 647 2700 Inde
675 2633 942 2730 ‘Montis
988 2631 1215 2701 Sancti
1261 2633 1559 2723 Prosperi
1604 2654 1867 2706 summo
1911 2629 2085 2699 colle
2128 2653 2238 2698 oo·-

90 2757 315 2832 cupato,
355 2752 591 2839 ingens
634 2761 1018 2817 extructum
1063 2750 1316 2819 vallum
1365 2761 1735 2839 opportuno
1779 2748 2235 2832 Parmensium

92 2855 282 2930 relicto
338 2866 668 2954 praesidio
723 2849 1143 2933 munierunt:
1190 2865 1369 2955 quod
1415 2875 1643 2954 postea
1689 2863 2010 2952 Ugolinus
2054 2861 2237 2929 Gon-

93 2994 254 3063 Rguz
281 2985 620 3070 copiarum
653 2985 1013 3074 imperator
1042 3005 1082 3048 a
1119 2979 1463 3049 foederatis
1504 2992 1761 3047 creatus
1789 2984 1964 3045 intra
1993 2999 2236 3068 paucos

95 3087 207 3158 <llos
260 3101 730 3190 expugnatum
779 3104 847 3167 in
920 3123 1109 3167 suam
1177 3110 1575 3187 potestatem
1644 3097 1911 3186 redegit.
1973 3094 2235 3162 Exinde

94 3201 505 3281 Parmensium
553 3219 781 3305 agrum
832 3214 1339 3304 praedabundus
1382 3217 1534 3303 igne
1579 3211 1882 3303 ferroque
1913 3212 2230 3292 vastavit,

97 3331 150 3383 et
182 3324 242 3390 in
285 3327 586 3398 Insubres
631 3354 1004 3413 conversus,
1042 3332 1337 3400 Novaria
1383 3343 1605 3420 capta,
1650 3341 1719 3396 et
1765 3329 2037 3397 obsessis
2066 3326 2233 3394 Ver-

98 3433 266 3519 cellis,
288 3445 517 3535 ingens
540 3446 1070 3538 Vicecomitibus
1111 3448 1585 3532 detrimentum
1632 3445 1882 3513 intulit.
1929 3426 2232 3511 Tandem

99 3551 286 3622 multis
345 3561 549 3629 illatis
620 3568 1032 3655 acceptisque
1099 3564 1337 3654 plagis,
1391 3573 1620 3634 omn'es
1683 3562 1878 3652 plane
1932 3560 2116 3640 fessi,
2161 3571 2230 3626 et

102 3675 331 3748 pecunia
373 3679 708 3762 exhausti,
753 3680 1246 3749 Aldobrandino
1291 3683 1592 3749 Atestino
1637 3679 2102 3758 intercedente,
2147 3676 2230 3742 de

101 3798 228 3863 1³⁸oe
282 3812 459 3880 agere
528 3808 907 3886 coeperunt.
955 3797 1474 3865 vicecomitibus
1519 3797 1802 3885 Regium
1849 3791 2230 3883 petentibus

101 3891 192 3961 diu
229 3916 316 3970 est
355 3909 812 4002 disceptatum,
858 3913 1131 3980 demum
1178 3913 1542 3981 catharina
1585 3910 1909 3979 Matthaei
1954 3909 2255 3982 Vineam

106 4013 248 4082 mitis
296 4020 428 4093 filia
469 4028 757 4119 Ugolino
825 4033 1243 4099 matrimonio
1311 4029 1702 4116 conjuncta,
1768 4027 2061 4096 Novaria
2127 4036 2229 4092 est

107 4134 383 4224 restitum,
423 4145 836 4240 Mantuaque
877 4147 1292 4217 beneficiario
1336 4149 1482 4235 jure
1530 4147 1856 4235 Gonzagis
1900 4165 2226 4221 concessa,
