2950 5017
902 462 1105 514 mna
1145 463 1472 515 ser-rmus
1952 453 1959 470 ¹
2149 456 2297 525 501.

58 592 297 668 erant,
349 581 650 677 Prosper!
700 580 1077 657 Columnae
1132 588 1451 659 mandato
1518 588 1592 658 in
1643 587 1964 682 Apuanos
2007 591 2284 685 Ligures

58 702 464 784 transmissi,
492 722 654 770 cum
699 724 741 770 a
782 701 1168 794 Malaspinis
1210 729 1345 774 non
1388 707 1860 796 reciperentur,
1890 731 2025 779 non
2061 731 2279 799 pauca

58 840 304 888 eorum
341 814 790 909 oppida¹sunt
825 818 1241 910 depraedati.
1287 819 1590 912 Virgines
1631 834 1704 889 et
1745 835 1995 914 nuptas
2035 847 2073 891 e
2113 836 2285 893 tem-

57 932 190 1026 plis
249 946 593 1004 extractas
658 932 909 1004 nefarie
973 931 1535 1030 constupraruut3
1604 937 2048 1031 plurimoruu‘n
2094 963 2287 1032 prae·

58 1061 250 1121 terea
296 1051 580 1121 aedibus
635 1054 959 1136 incensis,
1010 1053 1279 1123 nullum
1338 1053 1573 1147 flagitii
1632 1078 1844 1148 genus
1903 1054 2039 1125 fuit
2098 1057 2284 1149 quod

59 1190 184 1259 per
226 1181 404 1236 eam'
431 1170 765 1261 regionem
809 1193 942 1239 non
989 1174 1452 1262 perpetrarint.
1498 1169 1667 1239 Inde
1708 1173 1780 1240 in
1824 1172 2284 1242 Parmensium

63 1305 257 1375 agros
288 1284 783 1368 descendentes,
812 1285 1004 1355 nulla
1048 1286 1190 1373 jam
1236 1287 1514 1354 militari
1560 1288 1910 1358 observata
1940 1288 2286 1380 disciplina

66 1398 150 1465 ad
191 1402 472 1492 rapinas
511 1395 765 1469 ibidem
808 1413 1312 1489 convertuntur.
1349 1401 1453 1470 Ea
1493 1403 1588 1490 in'j
1599 1407 1744 1471 uria
1777 1407 2101 1473 com'moti
2132 1404 2292 1472 Par-

67 1537 331 1585 mense·
374 1516 549 1586 duce
589 1518 776 1585 urbis
819 1516 1165 1588 Praefecto
1208 1520 1494 1588 Fanensi
1539 1519 1899 1611 Episcopo,
1943 1521 2286 1589 latronum

65 1630 423 1701 libidinem
463 1636 903 1725 compressuri
945 1647 1234 1716 exeunt3
1264 1634 1380 1702 sed
1420 1634 1528 1702 illi
1570 1635 1658 1703 a'd
1699 1636 1982 1704 Niceam
2026 1637 2283 1706 flumen

70 1771 142 1817 se
179 1753 621 1841 recipientes,
663 1751 830 1820 dum
876 1736 1199 1842 oppidurn
1248 1751 1524 1843 aliquod
1583 1776 1914 1845 occupare
1984 1767 2289 1837 tentant,

74 1860 328 1952 ζωοῦ-ι
394 1869 624 1957 paucis
688 1867 929 1935 diebus
998 1871 1454 1958 consumptis,
1498 1868 1773 1936 demum
1821 1873 1890 1936 in
1937 1868 2294 1960 Regienses

77 1994 541 2066 raven-tantun
585 1986 706 2075 qui
750 1979 1012 2074 etipsi,
1055 1984 1229 2052 duce
1272 1985 1622 2055 L'udovico
1667 1986 1988 2075 Raugouo
2035 1981 2289 2053 Monti-

82 2097 214 2166 culi
261 2100 581 2183 domino,
622 2124 735 2171 eos
787 2103 858 2168 in
902 2101 1379 2171 Cremonenses
1437 2101 1848 2171 retrocedere
1905 2103 2291 2193 coegerunt.

82 2212 312 2306 Aliqui
361 2240 451 2283 ex
494 2215 932 2307 Regiensib'us
975 2216 1060 2284 de
1104 2215 1301 2308 plebe
1345 2217 1691 2298 homines,
1736 2219 1858 2309 qui
1913 2240 1983 2285 se
2041 2221 2136 2285 eis
2186 2243 2298 2289 co-

88 2333 278 2402 mites
324 2331 761 2415 addiderant,
805 2335 990 2425 capti
1046 2357 1167 2425 pro
1212 2337 1462 2403 meritis
1509 2334 1753 2425 laqueo
1798 2339 2017 2403 necati
2081 2333 2294 2405 fuere.

86 2446 162 2515 In
204 2450 380 2517 urbe
424 2471 582 2519 vero
623 2450 992 2526 Joanninus
1034 2449 1321 2520 Medices
1377 2435 1464 2518 irs
1505 2454 1613 2517 via
1662 2473 1843 2542 quae
1894 2454 2074 2518 inter
2117 2451 2298 2518 Mar-

88 2586 239 2633 cum
282 2579 360 2635 et
400 2565 835 2637 Dominicum
881 2567 1232 2655 interjacet
1291 2567 1712 2659 equestribd‘s
1770 2565 1949 2634 ludis
2001 2567 2121 2633 diu
2180 2567 2302 2635 ob-

91 2678 372 2751 lectatus
413 2706 577 2753 mox
605 2682 907 2774 Apuanis
950 2683 1344 2775 Liguribus,
1387 2706 1557 2773 quos
1600 2683 1690 2751 ob
1734 2693 1928 2751 natas
1969 2684 2301 2774 proximis

98 2802 281 2869 annis
345 2802 526 2869 rixas
592 2802 896 2870 inimicos
947 2799 1282 2881 habebat,
1326 2799 1585 2867 bellum
1654 2798 1922 2869 intulit.
1991 2800 2098 2867 Ibi
2165 2824 2302 2869 non

96 2918 323 3004 paucis
367 2914 515 3003 ejus
556 2918 838 3006 regionis
879 2916 1410 3008 opulentioribus
1462 2914 1641 2983 villis
1694 2918 1974 2999 eversis,
2017 2916 2305 3007 aliisque

97 3055 225 3103 nou
255 3033 686 3126 'ignobilibus
727 3034 893 3104 locis
936 3033 1199 3116 dirutis,
1241 3035 1519 3100 demum
1555 3033 1850 3104 Auolam
1878 3015 2218 3125 'oppidum
2242 3058 2307 3103 *a

99 3148 482 3244 malaspinis
526 3153 716 3236 emit,
760 3165 844 3228 et,
872 3153 1159 3243 Regium
1228 3175 1383 3219 cum
1451 3153 1659 3242 copiis
1716 3154 2116 3221 revertitur:
2163 3175 2306 3243 quo

108 3277 407 3362 ternpore
449 3269 541 3341 ob
582 3270 882 3339 insolitas
926 3269 1276 3362 grandines
1305 3271 1634 3359 repentini
1668 3272 1767 3338 vis
1799 3267 2060 3361 frigoris
2092 3270 2314 3338 media

107 3397 354 3454 aestate
398 3385 717 3456 mortales
759 3390 950 3478 igne,
993 3397 1063 3454 et
1105 3384 1532 3477 hyemalibus
1577 3385 1875 3454 vestibus
1921 3388 2022 3454 uti
2070 3387 2311 3477 coegit.

234 3502 499 3573 Interea
543 3503 875 3575 Morottus
917 3503 1125 3574 Gatto
1169 3501 1360 3571 fratri
1426 3506 1850 3594 superstitem
1913 3527 2051 3571 esse
2092 3502 2316 3594 Virgi-

105 3612 276 3686 lium
319 3643 507 3712 aegre
551 3618 790 3701 ferens,
832 3621 1251 3712 Fregnanum
1298 3619 1428 3687 sibi
1473 3619 1909 3710 repetendum
1967 3641 2106 3685 esse
2157 3641 2316 3686 con-

112 3736 349 3806 stituit.
394 3738 711 3831 Undique
765 3739 974 3831 igitur
1029 3749 1377 3808 contracto
1420 3735 1644 3804 milite
1662 3786 1683 3816 ,
1728 3759 1809 3804 eo
1853 3746 2044 3801 tanta
2088 3731 2321 3801 celeri-

119 3859 252 3920 tate
293 3854 646 3925 contendit
687 3839 773 3922 ut
812 3854 1026 3946 pridie
1069 3855 1322 3944 vesperi
1351 3850 1713 3920 Scandiani
1754 3862 2168 3940 conspectus,
2200 3873 2321 3941 po-

114 3968 361 4053 stridie,
405 3974 527 4062 qui
575 3970 948 4042 dominicus
1009 3970 1150 4038 dies
1217 3967 1389 4049 fuit,
1453 3962 1583 4034 sub
1649 3964 1872 4034 lucem
1930 3964 2019 4033 ad
2063 3965 2313 4056 Ripam

117 4077 321 4158 hostis
365 4086 594 4159 locum
650 4088 1047 4180 pervenerit.
1096 4086 1206 4154 Ibi
1262 4085 1490 4156 omnia
1541 4080 1984 4175 depraedatus
2034 4080 2322 4173 quadra·
2438 4107 2443 4116 ‘

118 4198 295 4288 ginta
357 4206 567 4275 etiam
633 4202 869 4290 aedes,
932 4198 1276 4275 nonnullis
1337 4199 1615 4312 xsenibus
1679 4198 1915 4272 occisis
1938 4248 1960 4281 ,
2019 4194 2326 4267 funditus

2366 1731 2419 1776 A
