2950 5017
724 441 813 494 aa
1458 411 1697 490 nnana
1738 441 2152 490 uolnerum

723 588 933 636 novos
995 564 1287 654 hospites
1348 585 1486 631 non
1551 561 2013 652 recipientibus
2081 584 2371 652 pugnare
2426 564 2760 654 compulsi
2790 615 2816 648 ,
2870 590 2887 633 a

721 681 1002 749 Bianora
1046 690 1116 747 et
1157 676 1445 760 Felsina,
1486 679 1930 767 proximique
1972 677 2344 767 regionibus
2371 676 2740 767 Tyrrhenis
2793 704 2886 749 ex

723 794 930 886 pulsis
959 844 980 875 ,
1033 795 1238 861 etiam
1297 790 1583 860 Umbros
1602 842 1628 873 ,
1682 814 1971 881 quorum
2039 803 2329 860 trecenta
2394 805 2588 860 antes
2655 794 2887 885 oppidi

724 910 972 978 Thusci
1017 919 1554 1000 expugnaverant
1581 908 1681 988 (¹),
1711 930 2011 997 prospera
2041 904 2308 975 fortuna
2337 907 2619 994 ejecere3
2658 933 2886 1003 quam

725 1048 932 1116 quam
975 1039 1107 1092 non
1152 1026 1467 1113 exiguum
1528 1023 1951 1091 subactorum
1998 1021 2485 1112 Tyrrhenorum
2544 1047 2887 1092 numerun

723 1141 904 1232 apud
947 1164 1017 1209 se
1059 1139 1290 1208 Gallos
1354 1141 1695 1207 retinuisse
1759 1137 2077 1228 Polybius
2144 1153 2468 1206 memoret
2497 1143 2594 1209 (⁸).
2641 1142 2771 1207 His
2817 1166 2887 1209 re

723 1259 1028 1348 gionibus
1059 1280 1100 1324 a
1127 1256 1345 1325 Gallis
1388 1257 1732 1345 occupatis
1775 1278 1926 1321 cum
1974 1266 2167 1345 gente
2211 1257 2411 1321 etiam
2443 1268 2713 1324 vetusta
2761 1280 2886 1347 pro

721 1376 1093 1442 vinciarum
1127 1374 1401 1441 nomina
1430 1384 1587 1438 sunt
1613 1374 1994 1438 immutata.
2028 1372 2396 1461 Antiquato
2425 1374 2600 1439 euim
2631 1372 2887 1440 Doriae

722 1488 1037 1557 Bianorae
1102 1500 1172 1554 et
1236 1486 1541 1554 Felsinae
1605 1485 1935 1554 vocabulo
1962 1536 1980 1566 ,
2035 1488 2340 1554 universa
2405 1489 2751 1575 provincia
2826 1487 2887 1553 al

717 1603 1005 1693 Alpibus
1056 1625 1272 1691 usque
1328 1601 1412 1670 ad
1456 1601 1876 1670 Rubiconem
1944 1613 2286 1669 vetustum
2330 1601 2568 1668 Italiae
2609 1601 2887 1669 limiten

720 1719 945 1787 Gallia
987 1717 1326 1809 Cisalpina
1396 1741 1437 1785 a
1504 1741 1677 1786 nova
1722 1716 2074 1787 Gallorum
2132 1728 2328 1807 gente
2376 1728 2477 1783 est
2529 1716 2877 1807 appellata

721 1834 973 1902 Eadem
1018 1847 1243 1924 postea
1286 1837 1493 1902 etiam
1538 1846 1794 1923 togata,
1823 1834 2004 1924 quod
2050 1832 2121 1899 hi
2165 1831 2396 1922 populi
2440 1831 2887 1901 Romanorum

722 1974 905 2017 more
946 1949 1125 2015 civili
1173 1961 1323 2038 toga
1373 1952 1443 2014 in
1514 1971 1679 2038 pace
1747 1958 2088 2015 uterentur
2104 1997 2125 2027 ‚
2192 1958 2428 2014 vocata
2493 1944 2624 2013 fuit
2639 1996 2657 2013 .
2703 1947 2887 2015 Nove

723 2066 1001 2153 imperio
1066 2065 1306 2152 potitos
1365 2062 1633 2144 Gallos,
1689 2063 2077 2131 clarioribus
2140 2060 2300 2129 locis
2366 2062 2647 2129 ducibus
2690 2063 2870 2130 datis

722 2179 1134 2246 Thuscorem
1179 2202 1392 2259 more,
1443 2202 1659 2268 regem
1716 2201 2098 2267 supremum
2143 2179 2271 2245 sibi
2314 2180 2726 2247 constituisse
2779 2192 2887 2245 tra·

722 2293 921 2360 dunt.
967 2292 1328 2360 Caeterum
1358 2343 1377 2372 ,
1420 2316 1578 2360 cum
1627 2294 1745 2359 diu
1792 2292 2081 2360 Galliam
2126 2291 2528 2382 Cisalpinam
2598 2292 2745 2361 Boii
2817 2306 2887 2358 te

723 2412 1056 2490 nuissent,
1084 2409 1383 2477 ducentis
1427 2422 1577 2497 post
1621 2411 1808 2475 annis
1853 2432 2057 2498 quam
2101 2411 2173 2475 in
2215 2408 2482 2474 Italiam
2526 2407 2887 2477 Bellovesut

726 2537 1034 2604 venerat,
1077 2523 1207 2590 suh
1249 2524 1592 2592 Brennone
1633 2524 1803 2591 duce
1850 2523 1982 2591 alia
2027 2535 2316 2590 trecenta
2369 2522 2712 2591 Senonum
2744 2522 2885 2591 Gal·

721 2638 940 2706 lorum
985 2638 1196 2705 millia
1223 2689 1243 2719 ,
1287 2638 1569 2728 Alpibus
1611 2642 1933 2729 superatis
1957 2689 1977 2720 ‚
2024 2641 2093 2705 iu
2146 2652 2399 2708 nostras
2460 2642 2751 2727 regiones
2797 2639 2885 2704 de·

722 2753 1146 2834 scenderunt,
1176 2755 1295 2842 qui
1324 2756 1549 2843 primis
1595 2754 1971 2839 conjuncti,
2015 2756 2239 2821 omnia
2284 2752 2371 2819 ab
2414 2753 2647 2820 Athesi
2696 2775 2885 2844 usquoe

726 2871 810 2937 ad
842 2870 1157 2939 Ufentem
1187 2870 1474 2939 fluvium
1518 2870 1669 2939 loca
1716 2883 2210 2961 occupaverunt
2237 2870 2337 2938 (3).
2383 2872 2695 2958 Hi,‚cum
2743 2893 2883 2937 exu-

723 2987 995 3054 berante
1053 2987 1486 3054 multitudine
1547 2991 1761 3077 patrio
1829 2985 1967 3055 solo
2032 3011 2168 3054 non
2236 2989 2728 3055 continerentur
2755 3037 2776 3066 ,
2821 2984 2883 3051 ad

725 3126 930 3170 novas
956 3103 1139 3169 sedes
1169 3102 1576 3191 quaerendas
1605 3125 1759 3167 cum
1794 3125 2140 3170 numerosa
2172 3114 2362 3192 gente
2393 3102 2591 3169 domo
2620 3100 2880 3190 profect:

727 3216 929 3284 fuisse
974 3217 1297 3285 feruntur.
1343 3216 1452 3282 Ex
1496 3218 1742 3306 quibus
1803 3231 2068 3285 centum
2141 3219 2353 3285 millia
2397 3222 2464 3285 in
2510 3218 2707 3284 Italia
2751 3241 2881 3287 con·

724 3332 1040 3412 sidentia,
1094 3342 1322 3421 postea
1365 3331 1581 3399 Roma
1632 3345 1858 3422 capta,
1905 3347 1971 3401 et
2016 3338 2275 3402 incensa
2318 3333 2731 3424 Capitolium
2787 3333 2881 3402 ob

725 3446 1056 3528 siderunt,
1098 3447 1549 3537 oppidumque
1594 3447 2034 3539 Senogalliam
2055 3502 2074 3530 ,
2118 3453 2307 3541 quasi
2354 3449 2694 3517 Senonum
2738 3447 2879 3516 Gal·

623 3561 630 3569 ’
726 3561 886 3628 liam
932 3562 1018 3628 ad
1063 3562 1450 3630 hodiernum
1495 3564 1671 3630 diem
1733 3579 2078 3646 vocatum,
2124 3565 2590 3633 condiderunt.
2653 3565 2790 3632 Alii
2834 3577 2879 3628 et

724 3681 847 3767 ipsi
913 3675 1001 3744 ad
1065 3691 1334 3746 centum
1379 3679 1591 3747 millia
1635 3681 1983 3749 Graeciam
2027 3685 2296 3772 ingressi
2357 3682 2442 3749 ad
2510 3683 2879 3750 Parnassuu

800 3987 883 4055 (ι)
914 3986 1052 4038 Ptin.
1082 3986 1173 4041 lib.
1207 3987 1257 4053 3,
1289 4004 1396 4057 cap.
1432 3967 1509 4056 14'.

799 4080 879 4148 (a)
909 4078 1023 4131 Lib.
1057 4097 1106 4130 s.
1136 4078 1275 4134 Hist-

801 4169 886 4241 (3)
916 4171 1033 4227 Liv.
1065 4171 1155 4224 lib.
1192 4172 1273 4239 15,
1303 4172 1492 4226 Decad.
1530 4191 1574 4226 1.
