2950 5017
925 436 1150 492 nina
1171 436 1495 486 summus
2170 422 2307 518 449

55 581 250 648 uem
333 558 502 627 sub
562 580 818 650 secura,
847 581 1048 647 pace,
1090 570 1163 626 et
1202 559 1553 647 justissimi
1595 561 2022 650 magistratus
2063 562 2308 638 umbra

54 677 505 744 utissimutn
555 691 696 744 esse
753 676 1090 768 sperabat,
1133 676 1402 746 violatis
1447 675 1603 754 fidei
1647 657 1913 766 legibus
1953 700 1997 744 a
2038 678 2309 748 seditio-

54 796 325 860 issimis
387 794 797 890 hominibus
833 801 905 860 ‘se
949 799 1018 861 in
1064 793 1287 862 media
1322 793 1515 875 urbe,
1543 817 1623 860 ac
1654 817 1827 884 pene
1872 809 2028 868 ante
2075 796 2306 876 oculos

52 908 298 978 ter-fide
353 922 446 976 et
493 913 876 978 immaniter
925 910 1331 977 trucidatum
1372 909 1851 979 vidisse.,Tum
1885 915 2303 980 mixtis-oum

52 1027 490 1118 ingnltibus
520 1027 856 1117 lacrymis,
883 1030 1160 1118 quantis
1188 1039 1410 1117 potest
1457 1028 1767 1119 precibus
1801 1042 1977 1110 orat,
2020 1042 2102 1096 ut
2145 1053 2304 1102 suae

52 1167 174 1211 am
227 1155 547 1210 exactae
590 1147 978 1225 senectutis,
1009 1143 1359 1244 luctuosae
1398 1144 1732 1227 orbitatis,
1763 1168 1842 1212 ac
1874 1156 2129 1228 tantae,
2158 1147 2300 1232 jam

50 1259 266 1328 uibus
323 1259 601 1346 injuria
655 1262 909 1330 amissis
963 1259 1223 1341 liberis,
1269 1272 1591 1352 acceptae
1645 1261 2052 1336 calamitatis
2104 1266 2304 1330 mise-

50 1389 271 1464 reatur
301 1403 330 1457 ς
383 1376 805 1458 obtestatur,
851 1388 930 1443 ut
975 1376 1358 1468 perfidiam,
1400 1377 1870 1468 parricidium,
1913 1381 2145 1450 ausui
2188 1379 2302 1447 de-

48 1495 252 1582 nique
301 1495 756 1582 magistratus
802 1492 1177 1584 neglectam
1223 1494 1650 1581 majestatem
1697 1494 2087 1564 ulciscatur.
2135 1497 2303 1563 Am-

48 1610 218 1701 plius
266 1636 312 1678 a
365 1636 452 1704 ερ
497 1605 884 1702 superstites
927 1610 1102 1680 filios
1145 1615 1282 1693 ira,
1309 1624 1382 1678 et
1407 1612 1643 1686 dolore
1673 1612 2002 1694 ardentes,
2032 1615 2303 1682 retineri

48 1753 179 1798 non
246 1753 470 1821 posse
520 1732 683 1820 quin
750 1732 821 1797 in
889 1752 1146 1800 novum
1194 1729 1471 1822 aliquod
1519 1730 1871 1798 excidium
1917 1744 2299 1822 erumpant.

56 1845 160 1912 acl
197 1859 535 1914 extrema
579 1846 743 1916 baec
787 1844 991 1912 verba
1038 1844 1516 1922 excandescens
1546 1845 2146 1928 Gozadinus,·eos,
2176 1850 2300 1938 qui

54 1965 202 2030 novi
251 1963 535 2055 aliquid
578 1965 724 2030 ausi
770 1959 1024 2030 fuerint
1066 1961 1320 2043 moliri,
1364 1985 1614 2052 poenas
1660 1964 1965 2031 acerbius
1996 1963 2298 2045 daturos,

65 2080 226 2146 truci
274 2079 492 2148 vultu
539 2078 1026 2158 comminatur;
1073 2100 1236 2145 mox
1276 2076 1425 2146 illos
1469 2102 1658 2145 arma
1697 2078 2054 2168 deponere,
2084 2081 2296 2148 socios

60 2194 441 2278 dimittere,
499 2218 579 2264 ac
635 2194 802 2264 urbe
844 2197 1347 2286 quamprimum
1401 2194 1722 2264 excedere
1766 2195 1987 2281 jubet.
2044 2195 2296 2263 Paulus

67 2312 178 2378 uhi
221 2312 476 2382 scelere
521 2315 797 2402 impune
844 2310 1076 2379 relicto
1118 2310 1246 2378 sibi
1289 2310 1512 2378 solum
1559 2311 1834 2398 ver-tend
1844 2334 1961 2382 um
2006 2335 2144 2379 esse
2190 2293 2294 2382 vij,

68 2426 200 2508 det,
239 2427 796 2521 indignabundus
840 2429 907 2494 in
955 2426 1379 2496 Gozadinum
1436 2430 1649 2524 minas
1703 2432 1966 2519 spirat3
2009 2429 2293 2520 jamque

69 2557 360 2632 apertam
409 2549 556 2615 vim
602 2568 875 2635 parans,
918 2545 1193 2614 armatis
1258 2546 1328 2611 in
1400 2544 1591 2614 aedes
1653 2547 1971 2634 receptis,
2017 2558 2287 2634 portam

75 2664 319 2742 munit,
387 2673 466 2730 et
533 2655 864 2751 cujusque
908 2663 1161 2750 generis
1209 2658 1569 2727 missilibus
1614 2656 1929 2725 fenestras
1982 2661 2285 2742 instruit.

75 2772 454 2846 Gezadinus
498 2776 621 2854 ubi
661 2798 865 2857 suum
907 2773 1155 2867 negligi
1197 2777 1557 2865 imperium
1611 2773 2125 2857 animadvertit,
2169 2799 2290 2866 pa-

78 2890 204 2962 lam
244 2894 611 2966 Behiorum
654 2894 937 2966 domum
983 2915 1368 2984 oppugnare
1420 2916 1556 2960 non
1616 2914 1851 2974 ausus,
1897 2915 2131 2968 eorum
2177 2916 2290 2962 eo-

76 3020 261 3079 natus
286 3011 695 3084 dissimulat.
729 3012 996 3078 Interea
1025 3029 1495 3101 quoscumque
1525 3032 1612 3076 ex
1650 3032 1881 3077 eorum
1926 3008 2287 3080 clientibus

81 3145 294 3214 capere
336 3139 593 3218 potest,
635 3126 963 3218 supplicio
1011 3124 1255 3193 afficit.
1302 3138 1533 3196 contra
1579 3124 1707 3207 illi,
1736 3126 1904 3196 dum
1949 3127 2085 3192 suis
2127 3125 2288 3194 sub-

83 3240 305 3312 sidium
350 3243 623 3326 afferre,
681 3256 752 3311 et
805 3256 1041 3334 captos
1109 3267 1199 3310 ex
1259 3240 1635 3310 satellitum
1681 3242 1993 3309 manibus
2035 3244 2287 3344 eripere

84 3359 409 3444 nituntur,
477 3359 650 3430 forte
717 3365 977 3442 evenit,
1038 3373 1118 3428 ut
1178 3361 1515 3436 Antonius
1583 3383 1623 3426 a
1691 3357 2071 3441 Sabulone,
2115 3337 2304 3426 dum'

95 3491 364 3565 pugnat,
407 3482 480 3549 in
527 3477 828 3548 brachio
849 3479 1242 3548 vulneratus
1299 3476 1991 3568 comprehenderetur.
2038 3477 2286 3546 Gestae
2324 3541 2331 3544 s

90 3594 175 3656 rei
207 3599 450 3665 'nuncio
497 3595 740 3677 allato,
785 3598 948 3673 socii
994 3595 1343 3678 advolant,
1393 3619 1470 3664 ac
1516 3597 1583 3661 vi
1630 3606 1975 3683 receptum
2023 3596 2285 3684 ingenti

97 3710 320 3795 gaudio
381 3714 789 3784 ineolumem
858 3715 1142 3784 domum
1207 3714 1562 3784 reducunt.
1616 3711 1940 3783 Nicolaus
2006 3733 2285 3801 quoque

100 3822 442 3904 calcaneus
485 3835 753 3923 ingenio
798 3830 1016 3913 ferox,
1044 3843 1115 3899 et
1146 3853 1353 3899 manu
1385 3841 1740 3921 promptus
1767 3827 2076 3920 quotidie
2121 3851 2285 3898 cum

101 3941 578 4020 seditiosissimis
605 3948 992 4042 quibusque
1034 3947 1517 4028 obambulans,
1558 3968 1815 4016 novum
1862 3943 2138 4036 aliquod
2185 3943 2288 4014 fa·-

108 4058 274 4130 cinus
311 4068 698 4139 insolentius
744 4066 1010 4136 edebat.
1056 4067 1138 4138 Id
1182 4066 1305 4136 ubi
1348 4064 1589 4148 semel,
1632 4076 1839 4156 atque
1870 4065 2115 4134 iterum
2145 4061 2285 4131 Go-

107 4176 315 4255 adino
355 4189 822 4272 renunciatur,
865 4209 1026 4256 cum
1059 4184 1565 4280 apparitoribus
1607 4208 1747 4256 nou
1790 4179 2085 4282 amplius
2121 4178 2285 4260 fide·

1944 4316 2013 4368 ⁸9
