2950 5017
639 384 765 468 148
1341 399 1576 448 mun
1617 398 2031 450 anemurum

632 527 810 594 sium
851 520 1119 592 cohorte
1157 520 1258 589 fiai
1300 521 1596 590 Caesaris
1637 519 2002 612 praefectus
2039 516 2209 602 fuit,
2234 517 2346 586 sed
2386 517 2446 585 is
2485 517 2575 588 ad
2616 517 2834 592 deda»-

634 645 883 712 tionem
912 639 1001 707 ab
1027 638 1329 708 hostibus
1370 636 1784 728 compulsus,
1815 661 1890 706 ac
1920 642 1989 705 in
2020 636 2344 704 desertam
2371 634 2825 704 venetiarum

630 755 914 826 insulam
941 754 1322 844 deportatus
1364 754 1545 822 diem
1586 776 1784 821 suum
1826 755 2030 833 obiit,
2062 775 2141 820 sc
2184 754 2254 819 in
2301 751 2553 842 templo
2580 749 2677 818 S.'
2699 752 2827 818 Ni·-

628 870 798 941 colai
841 869 927 940 ad
966 869 1129 938 litus
1177 879 1279 937 est
1336 868 1687 938 humatus.
1747 869 1846 950 Is,
1892 867 2143 957 Sophia
2193 864 2492 935 AEtiolini
2541 866 2822 934 Patavii

630 988 897 1077 tyranni
939 984 1082 1052 filia
1125 1006 1335 1053 uxore
1367 994 1632 1074 accepta
1647 1034 1668 1064 ‚
1699 982 2134 1072 carpinetum
2164 995 2458 1052 nostrum
2503 1005 2547 1049 a
2585 982 2827 1050 Fride-

629 1105 772 1172 rico
813 1124 934 1192 pro
976 1100 1131 1170 dote
1175 1108 1559 1190 acceperat,
1599 1098 1780 1189 quod
1822 1121 1901 1166 eo
1945 1109 2093 1164 tum
2136 1096 2486 1166 decedente
2528 1095 2828 1187 Regieu-
2934 1101 2937 1180 j

629 1218 804 1285 sium
834 1215 1070 1285 ditioni
1103 1226 1206 1282 est
1232 1216 1639 1283 restitutum.
1672 1212 1889 1281 Tanta
1933 1213 2062 1281 sub
2102 1212 2177 1282 id
2217 1225 2478 1303 tempus
2519 1212 2609 1282 ob
2660 1212 2825 1281 solis

629 1330 949 1422 eclypsim
1001 1331 1367 1401 obscuritas
1432 1328 1567 1397 fuit
1583 1380 1603 1411 ,
1649 1342 1727 1397 ut
1771 1329 2024 1398 decima
2067 1332 2303 1420 quinta
2362 1329 2526 1398 hora
2587 1351 2827 1396 mense

626 1447 818 1536 junio
844 1446 1035 1516 velut
1061 1448 1283 1517 media
1326 1459 1520 1516 nocte
1565 1446 1747 1516 clara
1789 1449 1857 1514 in
1903 1445 2085 1516 coelo
2120 1446 2335 1514 sidera
2364 1447 2826 1537 apparuerint.

629 1563 777 1632 Hoc
816 1561 1087 1631 biennio
1130 1562 1549 1632 Bonacursus
1594 1585 1635 1629 a
1677 1560 1943 1664 Paluda,
1971 1560 2305 1652 Regiensis
2348 1563 2615 1628 'summa
2663 1583 2828 1627 cum
2938 1555 2939 1566 ’

629 1675 830 1746 laude
872 1676 1175 1746 Veronae
1217 1678 1491 1746 Praetor
1531 1678 1641 1764 jus
1685 1677 1881 1746 dixit.

767 1794 966 1864 Anno
1012 1817 1166 1864 vero
1212 1798 1331 1885 qui
1375 1791 1509 1861 fuit
1552 1813 1838 1875 nocam,
1866 1801 2025 1861 suae
2052 1795 2295 1886 cuique
2321 1791 2586 1864 castello
2610 1791 2829 1862 villae
2938 1799 2941 1832 ⁴

636 1909 1002 1977 attributae
1020 1959 1040 1990 ,
1085 1932 1163 1976 ac
1203 1911 1422 1999 pagis,
1467 1910 1926 1999 territorioque
1971 1909 2271 1999 Regiensi
2314 1910 2573 1976 termini
2613 1909 2827 1997 positi
2940 1925 2941 1970 T

636 2023 853 2106 fuere,
896 2025 1079 2116 quod
1136 2047 1293 2091 cum
1346 2024 1580 2092 Simon
1651 2047 1691 2091 a
1756 2024 2031 2092 Rodelia
2100 2047 2285 2115 aegre
2353 2022 2546 2092 ferret
2560 2075 2580 2105 ,
2634 2024 2827 2114 quod

640 2151 951 2230 augustos
980 2139 1252 2209 ditionis
1292 2159 1448 2206 suae
1478 2137 1641 2209 fines
1683 2137 1825 2207 fieri
1855 2140 2213 2222 dictitaret,
2243 2163 2357 2231 per
2385 2138 2827 2230 proditionem

641 2256 1038 2347 Caprianatn
1094 2258 1480 2347 occupavit,
1522 2258 1633 2324 sed
1677 2280 1812 2325 non
1859 2256 2075 2325 multo
2119 2269 2270 2347 post
2315 2258 2564 2324 occisus
2614 2266 2830 2322 teme·-

642 2377 857 2443 ritatis
901 2396 1059 2442 suae
1102 2396 1343 2463 poenas
1378 2372 1586 2442 dedit.
1633 2372 1882 2440 Omnes
1912 2396 2065 2443 vero
2094 2376 2165 2440 in
2196 2371 2360 2440 urbe
2391 2384 2460 2439 et
2488 2371 2828 2439 suburbiis

641 2487 1104 2558 frumentarias
1149 2488 1360 2557 molas
1389 2514 1429 2555 a
1460 2493 1738 2580 privatis
1769 2493 2047 2580 pecunia
2075 2488 2421 2558 abundans
2450 2486 2830 2577 respublica

642 2606 830 2671 emit.
875 2603 1340 2671 crescentibus
1394 2607 1655 2672 interim
1702 2604 2163 2695 Guelphorum
2218 2616 2289 2671 et
2332 2601 2830 2672 Gibellinorum
2925 2666 2934 2676 ,

645 2716 1042 2788 factionibus
1060 2725 1080 2800 ,'
1124 2718 1476 2810 Gregorius
1521 2720 1990 2811 Montelongus
2034 2718 2370 2789 Pontificis
2408 2717 2667 2808 legatus
2686 2724 2693 2729 ’
2715 2741 2830 2805 po-

643 2833 836 2926 pulos
879 2838 948 2902 in
995 2835 1304 2903 ecclesiae
1348 2849 1565 2926 partes
1611 2850 1942 2905 tracturus
1971 2839 2039 2904 in
2071 2836 2367 2905 Galliam
2410 2834 2828 2924 Cisalpinam

648 2954 855 3033 venit,
884 2963 1281 3043 tantumque
1324 2954 1729 3044 eloquentia,
1773 2953 2114 3022 blanditiis
2157 2965 2228 3020 et
2271 2954 2660 3019 auctoritate
2710 2974 2829 3040 po·-

647 3073 806 3150 tuit,
850 3079 933 3134 ut
974 3094 1199 3139 omnes
1228 3070 1553 3138 Faventia
1580 3071 2034 3139 Mediolanum
2076 3092 2290 3159 usque
2333 3069 2559 3149 urbes,
2604 3067 2831 3158 ejectis

648 3184 1029 3262 Gibellinis‚
1083 3209 1123 3251 a
1172 3184 1493 3252 Pontifice
1552 3189 1737 3253 stare'
1787 3165 2213 3274 compulerit.
2261 3184 2389 3252 Sed
2433 3185 2715 3275 Regium
2761 3188 2829 3250 in

648 3302 1055 3388 imperatoris
1097 3298 1225 3365 fide
1268 3302 1693 3388 permansisse
1739 3303 1809 3367 in
1855 3299 2207 3368 annalibus
2268 3304 2512 3371 nostris
2567 3313 2638 3367 et
2677 3299 2831 3367 Mu-

653 3416 1008 3480 tinensium
1074 3411 1533 3481 animadverti.
1580 3413 1895 3503 Gregorio
1959 3435 2112 3485 vero
2162 3415 2269 3483 IX
2309 3414 2630 3483 Pontifice
2693 3417 2830 3482 vita

581 3511 592 3526 ⁰
654 3524 909 3608 functo,
954 3526 1359 3597 coelestinus
1403 3528 1503 3597 IV
1570 3514 1890 3598 suffectus
1928 3555 2063 3600 non
2110 3529 2395 3621 amplius
2460 3529 2699 3598 decem
2764 3540 2830 3596 et

656 3654 809 3712 octo
853 3642 1082 3714 diebus
1127 3646 1519 3733 supervixit.
1563 3643 1706 3712 Nec
1733 3644 1901 3714 alius
1944 3649 2007 3713 ei
2045 3657 2195 3712 tum
2231 3646 2551 3714 substitui
2576 3647 2830 3735 potuit,

655 3757 977 3848 siquidem
1022 3759 1348 3850 plerisque
1394 3759 1841 3828 cardinalibus
1877 3759 2214 3851 Aunelpbi
2257 3765 2329 3830 in
2372 3761 2749 3830 carceribus
2791 3783 2829 3828 a

651 3874 934 3942 Caesare
977 3877 1279 3956 retentis,
1320 3900 1594 3945 romana
1651 3877 1834 3945 sedes
1899 3899 2035 3947 uno
2058 3867 2150 3944 'et
2191 3880 2424 3967 viginti
2490 3877 2828 3944 mensibus

654 3999 902 4058 rectore
944 4013 1160 4058 carere
1203 4004 1430 4060 coacta
1475 3988 1639 4058 fuit.
1689 3993 1833 4059 Hac
1880 3994 2214 4062 occasione
2264 4003 2528 4083 arrepta
2544 4043 2565 4073 ‚
2608 3990 2830 4059 Fride·

651 4109 826 4174 ricus
885 4110 1110 4177 statim
1162 4108 1557 4180 Faventiam
1614 4123 1932 4203 occupat,
1989 4108 2142 4179 inde
2205 4110 2503 4181 Bononia
2569 4109 2826 4181 obsessa
