2950 5017
872 406 1071 471 nnn
1112 405 1405 462 onan-ms
2090 392 2223 482 289

56 527 288 597 *aheni
367 522 564 595 filiu·
627 548 806 618 sqna
867 527 1124 608 obruti,
1170 526 1434 630 ‚reliqui
1493 508 1781 597 astando
1848 542 2221 621 evaserunt,

56 642 313 727 {uidam
367 643 588 711 ctiam
630 640 988 737 Gibertum
1053 631 1304 731 ipsum,
1352 643 1473 732 qui
1516 665 1597 711 eo
1638 642 1745 711 die
1810 642 1901 717 ub
1944 647 2249 734 egregia,

56 772 187 827 usta
233 759 563 851 equestri
603 757 919 849 dignitate
960 757 1425 831 cohonestatus
1464 769 1639 839 erat,.
1660 770 1730 826 et
1755 761 2033 829 Actium
2064 760 2228 830 Cor·-

55 875 260 964 ginm
327 876 418 942 in
488 897 572 943 eo
631 872 948 945 conflictu
988 876 1254 964 periisse
1298 869 1593 943 tradunt.
1639 873 2024 945 Cabriottus
2074 901 2225 967 pro·

54 992 292 1059 itionis
355 1000 608 1058 auctor
670 986 844 1056 clam
909 988 1076 1055 urbe
1142 987 1402 1078 elapsus
1469 1010 1629 1065 cum
1697 988 1937 1058 Obicio
2002 1004 2226 1082 postea

54 1104 262 1171 ixme
308 1104 600 1173 dicitur.
644 1086 962 1172 Postridie
1002 1102 1447 1205 Philippinus‚
1481 1103 1848 1186 Corradusf
1867 1104 2225 1189 Feltrinus,

52 1231 80 1283 t
125 1216 486 1308 Ugolinus
528 1218 822 1309 Gonzagi
867 1229 1051 1286 metu
1095 1217 1389 1291 hostium
1449 1218 1716 1287 liberati
1782 1242 1937 1287 cum
2007 1221 2220 1289 tribus

52 1333 334 1402 nillibns
410 1336 720 1424 equitum
779 1333 1192 1403 Cremonam
1226 1334 1627 1407 vicecomiti
1696 1334 1948 1405 auxilio
2013 1334 2227 1419 futuri

51 1446 721 1517 nofieioeuntur.1hi
763 1448 1100 1523 nonnullis
1144 1449 1434 1540 castellis
1476 1451 1686 1540 captis
1740 1474 1944 1542 prope
1989 1450 2228 1522 Colur-

51 1586 190 1632 ium
221 1578 470 1634 contra
497 1569 875 1637 Atestinum
918 1580 1129 1634 castra
1172 1565 1432 1662 locant,
1474 1580 1548 1634 at
1585 1566 1707 1633 ille
1751 1589 2041 1657 pugnare
2089 1554 2259 1655 non⁰

50 1702 236 1748 susus
277 1681 714 1772 Regiensium
786 1704 1017 1771 agrum
1085 1682 1563 1778 depopulatum
1629 1695 1855 1772 postea
1891 1683 2221 1753 vcalendis

48 1798 423 1885 »eptembris
461 1798 545 1864 ad
572 1799 823 1883 Divum
855 1797 1153 1866 Marcum
1200 1823 1287 1867 ex
1333 1813 1627 1890 tempore
1668 1801 1916 1889 ingenti
1962 1802 2222 1890 impetu
2258 1882 2264 1889 ι

48 1911 271 1978 urbem
321 1915 597 1981 invasit.
652 1913 836 1994 Jam,
881 1913 1225 1982 moenibus
1279 1904 1632 2004 superatis,
1675 1938 1876 2004 prope
1944 1929 2087 1983 erat
2143 1929 2223 1983 ut
2302 1956 2311 1965 ·

48 2028 302 2094 civitate
343 2030 677 2118 potiretur
719 2030 845 2096 nisi
889 2032 1166 2100 excitati
1209 2051 1362 2097 cum
1408 2028 1656 2121 populo
1699 2030 1942 2097 milites
1984 2030 2074 2097 ad
2119 2056 2226 2098 re-

49 2141 421 2231 pellendum
493 2145 745 2214 hostem
813 2144 1110 2214 celeriter
1177 2146 1713 2227 contendissent3
1779 2147 2033 2214 crudeli
2102 2171 2222 2238 pro

59 2261 248 2328 muris
288 2264 652 2330 commissa
694 2284 951 2353 pugna,
1003 2262 1324 2353 plurimos
1383 2263 1717 2338 caedendo,
1754 2275 1825 2329 et
1867 2263 2220 2355 capiendo,

61 2373 291 2444 hostem
319 2381 574 2449 iterum
608 2378 1011 2469 repulerunt.
1044 2360 1336 2457 Ioannes.
1356 2378 1860 2461 Malatacchius,
1890 2393 1959 2446 et
1990 2378 2222 2449 Simon

62 2488 508 2562 Manabarolus
551 2494 897 2585 Regienses
938 2487 1246 2572 summae
1310 2498 1816 2564 existimationis
1884 2497 2009 2564 viri
2075 2519 2223 2585 pro-

63 2604 302 2676 ditionis
360 2613 676 2677 accusati·
720 2614 789 2678 in
855 2614 1062 2679 muris
1124 2613 1305 2701 capti
1364 2635 1403 2677 a
1455 2610 1840 2701 Philippino
1908 2609 2222 2699 postridie

71 2718 280 2811 laqueo
320 2726 601 2795 necandi
644 2739 800 2793 sunt
842 2726 1041 2812 jussi3
1083 2727 1197 2794 sed
1243 2722 1502 2795 mature
1563 2738 1759 2794 nocte
1828 2726 2061 2814 egressi
2130 2724 2218 2792 ad

71 2858 261 2925 regem
287 2840 579 2931 Apuliae
607 2839 1152 2931 confugerunt,‚a
1196 2865 1332 2931 quo
1376 2841 1660 2937 Joannes
1704 2862 1913 2941 augeo·
1943 2838 2217 2908 baltheo

73 2973 182 3038 pro
218 2961 497 3045 equestri
539 2958 856 3047 dignitate
884 2956 1176 3025 donatus·
1196 2969 1265 3027 et
1297 2956 1625 3023 militibus
1655 2952 2021 3044 praefectus
2058 2952 2215 3022 fuit.

77 3064 176 3132 Ob
212 3085 341 3139 eam
392 3073 647 3141 cladem
693 3072 1036 3140 Atestinus
1077 3075 1301 3140 animo
1344 3095 1485 3167 non·
1521 3068 1825 3137 deficiens
1866 3093 2087 3138 rursus
2133 3069 2220 3137 ad

77 3181 473 3256 obsidendum
512 3189 789 3279 Regium
835 3190 1207 3259 revertitur.
1253 3174 1450 3271 Quod
1481 3209 1692 3277 prope
1720 3187 1812 3253 D.
1842 3185 2218 3253 Barnabam

82 3305 527 3374 munitionibus
579 3308 801 3385 erectis
855 3304 1182 3395 profunda
1227 3302 1432 3386 fossa,
1477 3316 1552 3369 et
1594 3302 1770 3372 vallo
1815 3306 2058 3371 cinxitz
2105 3301 2221 3370 sed

80 3433 207 3481 cum
246 3419 510 3488 abunde
554 3423 882 3501 munitam
930 3421 1165 3488 urbem
1232 3442 1350 3510 per
1399 3416 1770 3506 transfugas
1812 3420 2217 3509 cognovisset

83 3541 142 3595 et
189 3531 538 3605 fluminum
603 3540 947 3628 eruptione
1010 3549 1220 3611 castra
1283 3548 1878 3626 corrumperentur,
1922 3533 2091 3605 ferro
2144 3547 2218 3602 et

89 3644 214 3732 igne
251 3650 529 3740 praediis
579 3656 882 3734 vastatis,
933 3653 1014 3720 ad
1067 3653 1445 3721 Herberinm
1462 3702 1484 3733 ,
1534 3652 1710 3741 unde
1754 3662 2055 3732 venerat,
2097 3652 2218 3717 cir-

85 3767 583 3837 cumvallandum
628 3770 842 3838 rediit.
897 3769 1002 3836 Ibi
1046 3793 1315 3859 quoque
1361 3767 1670 3858 oppidani
1718 3765 1958 3835 fossam
1980 3817 2000 3846 ‚
2043 3786 2216 3855 quse

94 3870 356 3964 hyberna
418 3884 648 3977 pluvia
694 3899 1102 3968 excreverat,
1146 3886 1552 3967 inciderunt,
1600 3896 1668 3952 et
1711 3887 1883 3952 intra
1923 3883 2218 3952 bostium

93 4000 340 4067 tentoria
383 4024 623 4092 aquam
670 4004 1029 4071 miserunt.
1083 4025 1286 4092 quare
1353 3999 1841 4090 impedimentis
1905 3998 2214 4069 omnibus

93 4104 315 4199 mhetis,
344 4117 668 4188 discedere
712 4120 951 4203 coacti,
994 4130 1222 4279 postes
1268 4116 1500 4210 templi
1542 4114 1932 4187 Mancasalis
1977 4117 2217 4187 turrim

1936 4248 2001 4301 ¹9
