2950 5017
664 409 794 475 300
1397 422 1631 471 annun
1672 421 2084 470 aserai-usum

660 549 732 616 in
775 542 1086 629 Carrarii,
1129 557 1198 641 ct
1240 544 1525 614 Atestini
1592 544 1719 615 fide
1784 546 2202 637 permansisse
2259 544 2664 635 comperit.
2707 541 2857 632 Ejus

658 664 841 732 urbis
913 661 1166 753 populo
1231 675 1485 749 armato
1551 685 1705 730 cum
1776 664 2097 729 sexcentis
2160 660 2645 751 cataphractis
2713 670 2854 730 ante

655 776 879 845 lucem
920 777 1260 846 Veronam·
1295 781 1619 866 pervenit.
1669 778 1888 844 Antea
1955 779 2025 843 in
2093 776 2328 842 urbem
2369 777 2738 853 ,Ioannem
2776 777 2854 842 ab

656 890 948 973 AEnaria,
991 915 1166 960 nunc
1207 890 1447 959 Isclam
1491 890 1756 972 vocant,
1800 890 1886 957 ad
1930 889 2327 959 excitandos
2357 894 2638 958 amicos
2686 907 2850 980 prae-

654 1013 942 1089 miserat,
970 1011 1089 1098 qui
1134 1008 1252 1075 ubi
1294 1007 1549 1074 Canem
1593 1007 1817 1074 adesse
1862 1006 2239 1088 audierunt,
2266 1008 2612 1097 correptis
2660 1008 2845 1073 armis

572 1162 580 1172 ·
654 1120 860 1215 pro'pe
924 1123 1257 1214 campum
1320 1123 1634 1191 Martium
1689 1134 1963 1212 >portam
2025 1119 2410 1212 effringunt.
2504 1122 2842 1212 Ingressus

653 1226 855 1308 Canis
879 1238 1284 1329 Frignanum
1329 1237 1596 1307 obviam
1639 1234 1908 1318 habuit,
1938 1261 2139 1327 quem
2181 1258 2354 1328 equo
2382 1237 2836 1329 deturbatum

646 1362 727 1424 'ct
785 1354 870 1423 ad
936 1349 1309 1424 naviculam
1354 1352 1620 1421 Athesis
1678 1357 1859 1443 ripae
1910 1353 2250 1444 alligatam
2300 1351 2709 1444 fugientem
2747 1350 2844 1428 Joss

652 1491 856 1540 annes
923 1466 1373 1560 Semiscaliger
1445 1470 1867 1538 obtruncavit
1886 1518 1903 1536 .
1973 1469 2278 1537 Cadaver
2344 1468 2523 1537 'cum
2611 1457 2833 1558 viginti

574 1670 580 1675 ,
648 1578 1412 1678 quatuor'sectatorihus
1454 1585 1695 1676 laqueo
1726 1600 2121 1676 'suspensum
2172 1573 2328 1652 fuit.
2374 1583 2526 1652 Alii
2571 1585 2836 1672 Frigna-

648 1727 861 1786 nnm,·
887 1702 1049 1770 dum
1094 1713 1377 1793 pugnat,
1417 1707 1487 1771 in
1531 1703 1804 1771 flumine
1845 1703 2081 1771 Athesi
2138 1703 2580 1770 submersum
2641 1698 2828 1766 fuisse

648 1817 911 1887 dicunt.
954 1817 1184 1892 Plures
1245 1817 1359 1886 alii
1416 1818 1668 1887 nobiles
1711 1822 1834 1886 viri
1881 1843 1959 1886 eo
2001 1819 2139 1900 die,
2185 1817 2304 1907 qui
2349 1815 2823 1887 haccanalinm

647 1946 719 2002 et
756 1938 1030 2025 quintus
1092 1933 1221 2001 cal.
1267 1937 1486 2001 martii
1549 1931 1717 2016 fuit,
1767 1948 1924 2001 sunt
1990 1935 2344 2015 trucidati;
2387 1937 2660 2003 civium
2715 1932 2823 2020 qui

647 2054 825 2140 capti
866 2062 1058 2132 sunt,
1099 2050 1369 2141 plurimi
1428 2054 1660 2118 misere
1724 2030 1964 2142 laqueo
2020 2055 2240 2121 necati
2280 2055 2385 2133 (ί),
2430 2052 2644 2119 ceteri
2692 2072 2816 2138 per·

645 2178 890 2258 petuae
932 2167 1263 2235 custodiae
1304 2167 1549 2233 traditi·
1575 2165 1781 2234 fuere.
1829 2168 2074 2249 Paulus
2117 2170 2384 2237 Praetor
2429 2160 2713 2257 captus,
2755 2174 2818 2229 et

643 2284 853 2350 invito
896 2281 1079 2349 Cane
1119 2281 1460 2371 jugulatus
1510 2279 1666 2350 fuit.
1729 2272 2066 2351 Feltrinus
2116 2284 2234 2350 nbi
2254 2294 2258 2299 ’
2282 2284 2449 2351 urbe
2495 2306 2569 2350 se
2613 2264 2812 2348 inclu-

644 2419 795 2464 sum
838 2395 1051 2476 videt,
1113 2398 1184 2463 iri
1246 2397 1704 2464 Minoritarum
1752 2399 2073 2467 coenobio
2135 2423 2205 2465 se
2270 2397 2666 2466 abscondit:
2710 2391 2810 2460 sed

643 2511 944 2603 proditus
1007 2511 1162 2579 inde
1226 2511 1595 2579 extrahitur
1614 2563 1635 2594 ,
1679 2525 1748 2579 et
1790 2512 2120 2603 Scaliger-o
2166 2518 2286 2604 qui
2353 2526 2513 2581 ante
2586 2498 2805 2602 palatii

646 2624 815 2696 fores
857 2650 1011 2694 cum
1056 2641 1310 2718 sceptro
1375 2631 1449 2694 in
1517 2652 1725 2695 manu
1769 2630 2143 2722 tremendus
2188 2630 2618 2707 consistebat,
2661 2647 2807 2692 exa-

643 2745 839 2814 nimis
884 2741 1172 2812 affertur.
1217 2744 1394 2813 Tum
1439 2744 1525 2810 ad
1568 2743 2230 2834 perterrefaciendum
2276 2746 2611 2813 hominem
2655 2740 2795 2826 ejus

561 2940 566 2945 ⁵
643 2859 858 2927 milite
900 2859 1318 2926 membratim
1353 2862 1820 2940 conciso„cum
1852 2863 2133 2949 agnatis,
2178 2874 2245 2927 et
2290 2860 2433 2927 aliis
2477 2855 2797 2928 nobilibus

643 2976 715 3043 in
778 2998 1062 3044 carceres
1126 2975 1522 3042 detruditur.
1565 2977 1745 3042 Actii
1788 2976 2061 3065 Corrigii
2129 2989 2259 3045 tres
2311 2962 2583 3056 famuli,
2625 2969 2801 3040 velut
2848 2987 2853 2992 ’

642 3089 897 3158 sceleris
929 3093 1169 3159 conscii
1212 3090 1455 3180 laqueo
1486 3094 1817 3180 suspensi;
1846 3093 1987 3177 ejus
2026 3093 2203 3159 bona
2246 3105 2400 3158 sunt
2443 3088 2790 3180 publicata,

642 3206 814 3274 uxor
877 3219 946 3273 et
1005 3202 1199 3273 liberi
1258 3210 1435 3296 capti
1454 3256 1475 3287 ,
1527 3210 1645 3295 qui
1691 3203 1921 3296 postea
1962 3208 2480 3298 quatuordecim⁴
2513 3202 2786 3272 millibus

641 3345 987 3400 aureorum
1032 3321 1422 3390 florenorum
1468 3321 2036 3413 redemptifuere.
2085 3323 2406 3390 Omnium
2450 3322 2784 3389 ditissimus
2907 3334 2909 3337 ’

640 3435 1013 3504 habebatur
1055 3434 1374 3524 Ugolinus
1415 3435 1602 3523 jussu
1633 3437 2106 3529 Archipresnlis
2137 3438 2558 3508 vicecomitis
2603 3433 2781 3501 libere

640 3549 963 3617 dimissus.
997 3549 1329 3617 Feltrinus
1372 3572 1530 3618 vero
1577 3553 1845 3641 triginta
1891 3552 2187 3619 millibus
2230 3575 2579 3620 aureorum
2623 3548 2782 3614 flore-

643 3688 879 3734 norum
921 3664 1297 3754 redemptus
1343 3651 1469 3732 est,
1521 3664 1632 3742 Oh
1684 3666 1856 3733 haec·
1901 3679 2078 3757 gesta
2098 3667 2319 3763 ‘Canis
2362 3654 2781 3756 Archipresuli

646 3781 1035 3865 conjunctus
1065 3781 1377 3847 Mantuae
1421 3780 1674 3848 bellurn
1720 3781 1986 3864 indixit,
2014 3783 2128 3850 sed
2155 3783 2560 3851 Venetorum
2603 3793 2776 3864 opera

646 3896 916 3982 triginta
943 3891 1236 3960 millibus
1264 3893 1655 3963 florenorum
1685 3894 2014 3986 Scaligero
2042 3895 2274 3965 solutis
2305 3918 2440 3987 pax
2467 3892 2775 3984 redempta

718 4141 801 4210 (r)
829 4140 1022 4202 Matth,
1048 4141 1183 4195 viu.
1215 4142 1305 4197 lib.
1339 4161 1436 4213 m,
1471 4103 1579 4214 cap.
1610 4144 1693 4213 93.
1776 4210 1781 4215 ψ
