2950 5017
979 434 1184 481 mmm
1227 393 1520 490 omma
2218 419 2345 510 377

81 570 202 628 et
247 558 524 628 tribuno
567 556 843 626 militari
889 560 1073 648 capti
1119 555 1329 626 fuere.
1359 553 1642 630 Exinde
1706 559 1780 628 in
1849 556 2125 628 classem
2191 584 2348 630 con-

89 679 314 746 versi
369 675 693 744 biremem
747 687 1016 766 captam
1062 699 1261 743 curru
1307 675 1677 744 Ferrariam
1723 676 2173 761 deduxerunt.
2215 677 2349 746 Ro-

91 793 374 861 bertus
417 793 546 861 hac
587 795 937 883 repentina·
999 792 1187 860 clade
1253 796 1636 884 perterritus
1700 794 1995 863 collectis
2036 797 2213 863 vasis
2257 794 2343 862 ad

87 910 560 990 F'icarolum,
603 911 725 977 ubi
772 912 990 999 priora
1041 922 1255 978 castra
1316 907 1686 990 habuerat,
1731 935 1798 978 se
1842 914 2114 1001 recepit.
2159 911 2348 978 Alibi

91 1049 296 1096 vero
340 1026 587 1096 Veneti
632 1039 848 1095 totam
904 1025 1218 1116 Rhodigii
1286 1026 1706 1116 peninsulam
1776 1050 1894 1117 per
1944 1027 2348 1096 deditionem

87 1147 314 1212 intra
354 1163 604 1236 paucos
627 1145 786 1212 -dies
826 1147 897 1213 in
941 1129 1134 1216 su'am
1180 1158 1584 1236 potestatem
1628 1145 2048 1235 redegerunt,
2093 1145 2350 1216 navali-

95 1283 269 1351 que
313 1264 676 1348 certamine
721 1261 805 1329 ad
851 1274 1169 1352 quartum
1214 1262 1511 1353 lapidem
1539 1284 1745 1353 prope
1775 1263 2142 1352 Argentam
2178 1263 2348 1330 inito

102 1377 462 1469 plurimos
527 1402 615 1446 ex
681 1378 1143 1450 Atestinorum
1218 1381 1428 1471 copiis
1494 1377 2002 1469 quatuordecim
2077 1389 2348 1447 tantum

99 1496 352 1584 captis
421 1493 863 1563 trucidarunt.
911 1494 1276 1565 caesorum
1341 1497 1564 1587 capita
1622 1494 1833 1565 hastis
1899 1491 2198 1586 praefixa
2263 1493 2350 1561 ad

105 1613 448 1680 victuriae
489 1616 1007 1682 ostentationem
1049 1612 1544 1696 circumtulere,
1573 1625 1644 1681 et
1670 1612 1982 1704 postridie
2027 1612 2179 1681 idus
2224 1636 2349 1682 no-

107 1728 424 1796 vembris
466 1727 551 1795 ad
592 1728 1024 1798 obsidendam
1066 1729 1439 1800 Ferrariam
1492 1742 1652 1799 sunt
1704 1731 1984 1799 reversi.
2031 1730 2186 1815 Quo
2231 1727 2343 1796 die

105 1856 509 1935 pugnatum
557 1858 660 1913 est
707 1846 839 1914 sub
893 1846 1118 1915 lucem
1160 1846 1427 1916 coelum
1453 1831 1700 1915 ¹ardere
1745 1849 2002 1929 visum,
2046 1858 2118 1914 et
2161 1846 2348 1914 circa

105 1959 363 2032 horam
403 1962 795 2054 vigesimam
840 1967 1127 2055 primam
1172 1978 1529 2032 cruentum
1573 1967 1910 2055 apparuit.
2119 2037 2123 2041 ,

259 2078 425 2148 Non
456 2103 695 2170 parum
719 2105 820 2151 -eo
864 2099 1046 2151 anno*
1071 2083 1178 2151 ob
1226 2094 1616 2172 perpetuam
1647 2080 1955 2172 pluviam
1986 2091 2057 2162 et
2084 2078 2354 2172 grandi-

109 2219 286 2264 nem
308 2247 331 2278 ,
373 2219 556 2287 quae
608 2198 1015 2289 quibusdam
1071 2202 1141 2267 in
1200 2198 1366 2268 locis
1422 2201 1778 2266 unciarum
1838 2198 2351 2289 quatuordecim

112 2314 446 2382 cecidisse
489 2311 728 2397 fertur,
772 2340 997 2384 mense
1042 2316 1225 2404 majo
1268 2319 1338 2384 in
1384 2316 1820 2407 Regiensibus
1872 2318 2181 2384 maxime
2233 2339 2351 2384 an-

113 2455 310 2500 nona
354 2443 457 2499 est
500 2432 914 2515 laboratum,
943 2434 1108 2502 adeo
1136 2447 1218 2500 ut
1247 2437 1316 2502 in
1350 2436 1695 2503 montanis
1721 2434 2102 2525 regionibus
2147 2455 2350 2502 omne

115 2545 412 2639 frugum
455 2572 662 2641 genus
705 2554 993 2641 perierit.
1043 2552 1472 2621 Crustumius
1501 2575 1776 2643 quoque
1822 2552 1910 2618 ab
1956 2551 2122 2619 hora
2167 2552 2354 2638 vige-

111 2667 302 2735 sima
344 2670 541 2736 tertia
584 2691 798 2760 usque
833 2670 927 2737 ad
970 2646 1317 2738 dimidiam
1362 2682 1634 2738 noctem
1678 2693 1798 2759 per
1842 2692 2031 2758 agros
2076 2666 2162 2734 ad
2195 2666 2351 2734 Mu-

114 2782 409 2851 tilenam
454 2807 526 2852 se
567 2784 916 2854 effundens
961 2809 1205 2875 magna
1251 2788 1322 2853 vi
1364 2807 1525 2853 cum
1570 2785 1958 2860 hominibus
1999 2784 2349 2871 jumenta,

115 2912 202 2967 et
244 2914 508 2991 segetes
537 2905 784 2992 rapuit,
816 2904 937 2970 ubi
968 2902 1239 2970 nullum
1269 2898 1542 2992 frugum
1575 2924 1784 2992 genus
1829 2900 2053 2990 colligi
2098 2902 2345 2991 potuit.

118 3015 330 3107 Regii·
371 3041 528 3086 vero
572 3019 868 3087 Andreas
913 3018 1234 3099 Zobolus‚
1278 3022 1396 3109 qui
1445 3030 1706 3109 praeter
1750 3017 1916 3085 alios
1970 3019 2150 3084 cives
2218 3018 2351 3083 im-

117 3157 395 3201 mensas
440 3159 600 3224 opes
643 3136 1134 3217 cumulaverat,
1181 3138 1576 3226 proditionis
1619 3160 1661 3203 a
1704 3135 1958 3203 Rosciis
2003 3133 2351 3202 insimula-

119 3263 242 3319 tus
287 3251 660 3344 Besganovi
706 3254 1058 3322 custodiae
1100 3253 1389 3320 traditus
1432 3250 1592 3320 fuit.
1639 3253 1736 3319 At
1780 3249 2007 3320 G'uido
2044 3249 2350 3320 Torellus

120 3368 676 3451 Protonotarius,
705 3373 826 3460 qui
855 3393 1044 3440 caeso
1075 3370 1720 3439 Tertio-humaniter
1747 3368 2057 3438 dimissus
2099 3366 2349 3448 fuerat,

119 3507 286 3552 cnm
330 3485 590 3563 Jacobo
642 3486 882 3555 Roscio
925 3486 1337 3554 Venetorum
1409 3485 1667 3554 auxilio
1723 3458 2183 3553 Monticulum⁸
2242 3507 2352 3551 ca-

123 3616 329 3691 ptum
375 3601 607 3670 diruit.
653 3603 1008 3693 Inopinata
1052 3601 1243 3670 clade
1288 3599 1572 3693 perculsi
1618 3603 1969 3692 Regienses
2000 3601 2348 3690 Cepi-iaco,

121 3722 242 3787 cui
290 3723 587 3788 maxime
630 3721 992 3802 timebant,
1022 3720 1358 3788 auxilium
1401 3724 1670 3790 mittere
1717 3718 2067 3787 festinant.
2110 3717 2352 3785 Postri-

123 3836 234 3904 die
277 3839 484 3928 igitur
514 3836 776 3905 delectu
806 3841 1062 3905 civium
1108 3838 1345 3906 habito
1377 3838 1546 3903 dum
1576 3837 1706 3904 sub
1740 3837 2031 3903 mediam
2076 3833 2349 3902 noctem

123 3955 356 4044 scripti
423 3953 679 4020 milites
738 3953 1206 4043 egrediuntur,
1257 3952 1585 4030 Iacobum
1646 3951 1984 4019 Zobolum
2046 3949 2350 4017 Andreae

123 4069 400 4138 fratrem
473 4070 565 4137 ab
632 4072 862 4160 ignoto
906 4069 1245 4139 vulnerari
1298 4072 1608 4159 contigit.
1654 4070 1878 4153 Quare
1936 4070 2190 4157 ingenti
2246 4080 2353 4132 tu-

124 4189 355 4270 multu
387 4199 627 4258 exorto
657 4210 804 4258 sero
830 4186 1239 4260 exeuntibus
1284 4187 1495 4278 copiis
1537 4188 1609 4255 in
1656 4188 1855 4254 armis
1898 4186 2143 4274 ignava
2187 4205 2352 4250 cun-
